2423 3487
176 309 230 337 tuost
896 303 1131 334 Rlitils‘l‘l-tEs'
1156 301 1208 330 na
1231 293 1452 330 aaronita:
1479 302 1535 330 ix.
2207 299 2264 329 954

179 373 368 409 magistrum
386 371 637 409 13en[edictum].
654 371 845 409 scriptorem
864 375 1023 403 nostrum,
1045 371 1174 406 propter

176 427 234 455 lioc
251 425 283 453 iu
301 424 473 454 Franciam
490 424 704 458 destinantes,
721 427 832 452 contra
849 422 1013 451 debitores
1028 421 1172 458 ipsorum

175 478 295 507 civium
321 486 433 506 omnes
458 482 487 506 et
514 477 672 513 singulos,
703 481 767 505 tam
792 475 1006 505 ecclesiarum
1032 473 1173 511 prelatos

174 538 271 568 quam
288 529 369 559 alios
387 533 570 567 spectantes
588 529 625 558 ad
647 530 753 558 forum
775 528 928 562 Ecclesie,
951 526 1015 556 sibi
1037 525 1175 555 tradidi-

177 591 245 611 mus
263 581 381 618 scripta
403 586 525 610 nostra.
543 582 676 615 Verum,
696 581 789 619 quia,
808 580 890 609 sicut
909 589 946 609 ex
964 582 1053 617 parte
1071 577 1173 606 dicto-

175 643 245 663 rum
278 634 400 663 civium
432 634 491 662 suit
524 633 725 671 propositum
756 641 864 662 coram
896 631 1007 665 nobis,
1040 629 1173 668 quidam

174 686 357 715 debitorum
375 686 532 723 ipsorum,
553 686 710 722 magistro
732 685 896 714 mediante
920 683 1076 721 predicto.
1099 690 1172 711 cum

173 738 220 768 eis
233 738 272 767 ad
287 738 540 775 compositiones
551 737 741 767 amicabiles
753 737 966 771 devenerunt,
979 735 1173 764 mandamus

174 794 335 829 quatenus
353 790 540 828 hujusmodi
560 789 814 827 compositiones
833 806 871 810 —
886 789 989 817 facias
1006 805 1043 808 —
1061 787 1174 817 obser-

175 843 297 872 vari—.
310 844 381 872 Dat.
396 843 561 877 Laterani,
576 844 606 872 11
619 842 692 871 idus
702 842 828 880 aprilis,
843 850 928 871 anno
940 841 1143 870 duodecimo.
1160 853 1171 866 »

243 1047 359 1076 42⁴3

208 1109 334 1139 Decano,
352 1108 462 1134 cantori
481 1111 507 1133 et
524 1108 704 1135 thesaurario
721 1107 945 1134 Zamorensibus
963 1108 1084 1134 mandat
1101 1116 1173 1141 qua-

745 1047 863 1077 Latran,
881 1046 915 1072 30
932 1054 1008 1072 mars
1024 1046 1100 1072 1238.

173 1160 267 1186 tonus,
283 1157 312 1183 in
326 1166 408 1183 causa
428 1157 566 1183 ecelesiae
582 1156 799 1189 portugalensis
814 1159 914 1183 eontra
929 1157 1117 1189 portugaliae
1130 1165 1172 1183 re-

173 1214 248 1238 gem,
270 1219 300 1223 —
321 1205 467 1238 praedicto
494 1214 557 1236 rege
583 1205 721 1238 quasdam
748 1205 934 1239 exceptiones
954 1205 1123 1238 objiciente,
1141 1208 1173 1232 ut

173 1254 301 1288 ipsorum
322 1262 470 1287 proeessus
493 1254 694 1287 impediretur,
717 1268 747 1271 —
765 1261 778 1278 (t
804 1256 891 1280 testes
908 1262 990 1280 senes
1013 1257 1040 1280 ct
1057 1255 1172 1281 valetu-

174 1310 188 1328 ι)
208 1302 348 1330 dinarios,
368 1305 393 1327 et
413 1302 484 1328 alios
503 1302 538 1327 de
556 1310 676 1335 quorum
697 1305 788 1328 morte
809 1303 855 1328 vel
879 1302 1012 1329 absentia
1032 1303 1174 1329 diuturna

175 1357 187 1374 υ
210 1349 340 1378 timetur„
367 1358 435 1382 quos
462 1349 536 1374 idem
560 1349 711 1382 episcopus
733 1348 975 1383 [l‘ortugalensis]
997 1358 1083 1384 super
1107 1359 1172 1384 pre-

174 1406 187 1421 »
209 1397 306 1423 missis
322 1397 438 1423 duxerit
459 1397 668 1430 producendos,
688 1398 816 1431 recipere
832 1406 865 1423 ac
882 1398 1040 1431 diligenter
1056 1399 1173 1425 exami-

174 1454 186 1470 n
209 1454 276 1471 nare
289 1449 424 1472 curantes·
441 1453 465 1476 ›>‚
481 1454 578 1471 eorum
596 1446 675 1471 dicta
691 1446 721 1471 in
742 1446 861 1480 publiea
879 1447 1066 1474 munimenta
1079 1448 1173 1481 redigi

173 1494 293 1525 faciant,
311 1501 324 1519 (t
339 1493 541 1520 denuntiando
560 1494 617 1525 regi
638 1495 798 1528 prescripto
817 1498 848 1521 ut
864 1496 1023 1529 receptioni
1039 1496 1172 1530 testium,

174 1550 187 1567 »ι
207 1542 230 1568 si
246 1543 328 1570 velit,
347 1542 463 1568 intersit
480 1550 504 1570 ».
525 1545 553 1568 et
573 1550 658 1576 supa-r
678 1543 903 1570 denuntiatione
922 1544 963 1570 sic
981 1545 1059 1571 facta
1075 1544 1174 1578 publi-

171 1600 235 1617 vum
262 1591 491 1617 instrumentum
524 1592 634 1617 faciant
666 1593 779 1619 confici.
812 1608 842 1611 —
868 1594 954 1623 (Rm.
982 1593 1025 1625 19,
1052 1595 1071 1620 f.
1098 1594 1113 1620 4
1135 1596 1173 1626 r'g

170 1647 238 1665 ann.
257 1639 324 1671 XII,
341 1647 365 1666 c.
380 1639 430 1671 20:
447 1654 477 1658 —
495 1641 531 1666 cf.
546 1648 642 1674 supra,
660 1645 688 1667 n⁰
707 1641 795 1672 1080.)

212 1752 224 1766 <1
246 1763 264 1769 ..
283 1740 400 1774 decano,
429 1763 448 1769 ..
475 1743 594 1771 cantori
615 1748 640 1771 el
668 1765 687 1772 ..
714 1744 906 1772 thesaurario
929 1744 1170 1773 Zamorensibux.

172 1792 325 1830 Exposita
351 1793 445 1822 nobis
471 1794 671 1824 venerabilis
698 1795 810 1825 fratris
833 1796 937 1825 nostri
965 1819 985 1825 ..
1013 1797 1174 1834 Portuga-

171 1845 272 1875 lensis
287 1845 431 1884 episcopi
448 1846 562 1884 petitio
577 1847 765 1877 continebat
780 1848 876 1886 quod,
891 1858 965 1878 cum
981 1857 1039 1878 nos
1051 1849 1174 1879 dudum

172 1897 261 1928 vobis
285 1898 406 1928 nostris
426 1899 613 1930 dederimus
641 1900 761 1931 litteris
786 1901 821 1930 in
840 1901 1005 1931 mandatis
1025 1906 1070 1937 ut,
1090 1902 1130 1931 ad
1153 1926 1172 1931 ..

172 1950 359 1988 Portugalie
387 1960 495 1989 regem
528 1952 692 1983 illustrem
721 1954 940 1991 personaliter
967 1955 1170 1991 accedentes,

172 2003 257 2041 quod
273 2003 311 2033 de
327 2003 463 2034 decimis
479 2005 645 2042 regalibus
659 2011 689 2036 et
705 2006 903 2044 quibusdam
917 2007 992 2037 aliis
1004 2007 1038 2037 in
1051 2008 1174 2038 nostris

170 2054 290 2085 litteris
304 2057 562 2094 comprehensis,
579 2058 700 2097 quibus
715 2060 986 2097 Portugalensem
999 2060 1174 2091 ecclesiam

172 2107 337 2145 spoliarat,
365 2108 395 2138 ei
419 2109 637 2146 satisfaceret,
663 2112 842 2142 moneretis
868 2113 1035 2143 eundem:
1057 2118 1098 2147 te,
1126 2114 1173 2143 fili

171 2164 294 2195 cantor,
315 2166 445 2199 propter
465 2162 693 2194 infirmitatem
712 2174 777 2203 qua
801 2165 969 2196 tenebaris
993 2170 1070 2196 tunc
1092 2172 1175 2197 tem-

171 2213 269 2251 poris,
300 2219 463 2251 excusato,
498 2224 564 2250 vos,
590 2216 651 2245 filii
675 2216 796 2247 decane
824 2227 859 2247 ac
883 2218 1107 2254 thesaurarie,
1135 2220 1175 2249 ad

171 2273 281 2304 regem
292 2272 504 2305 properantes
522 2269 697 2306 prefatum,
713 2270 887 2300 cumidem
902 2280 957 2301 rex
973 2272 1084 2308 nollet,
1098 2272 1175 2303 licet

171 2317 269 2348 sciret
286 2328 341 2349 vos
364 2328 435 2350 esse
462 2320 495 2350 in
518 2321 631 2351 eadem
654 2322 787 2353 civitate
810 2323 846 2353 in
869 2333 934 2362 qua
956 2326 1175 2362 personaliter

172 2371 341 2406 existebat,
366 2372 575 2411 aliquatenus
597 2384 652 2404 vos
677 2375 798 2411 vidore,
825 2377 905 2415 quin
927 2378 1036 2415 potius
1060 2388 1175 2417 excep-

173 2424 278 2454 tiones
296 2434 371 2455 suas
390 2431 453 2455 tam
477 2432 590 2457 contra
607 2429 765 2466 rescripta
788 2439 884 2467 quam
904 2430 1009 2468 ipsius
1030 2432 1174 2471 episcopi

172 2480 203 2506 et
220 2476 300 2507 bone
314 2479 469 2509 memorie
483 2480 656 2519 M[artini],
670 2482 913 2519 predecessoris
926 2484 988 2518 sui,
1003 2494 1172 2522 personas.

172 2533 208 2558 ut
227 2535 370 2559 vestrum
391 2537 499 2569 posset
522 2533 682 2571 impedire
704 2544 905 2573 processum,
930 2537 1015 2566 obici
1038 2538 1172 2573 faceret,

174 2583 371 2613 monitiones
388 2585 426 2613 ad
443 2595 523 2623 quas
541 2588 748 2625 exequendas
762 2589 854 2626 juxta
871 2590 1062 2619 mandatum
1079 2601 1174 2630 apos-

174 2634 306 2663 tolicum
337 2636 491 2667 indufflffre
524 2638 682 2669 volebatis
713 2641 865 2675 eundem,
895 2642 927 2670 in
961 2643 1111 2674 ecclesiis
1144 2650 1174 2674 ct

174 2686 350 2716 multorum
376 2688 613 2725 iidedignorum
636 2693 804 2729 presentia
828 2693 995 2730 publicare
1019 2697 1172 2726 curastis.

172 2739 279 2773 Quare
296 2749 313 2768 a
331 2740 424 2770 nobis
441 2741 527 2771 idem
545 2743 717 2782 episcopus
737 2745 908 2775 humiliter
925 2748 1110 2784 postulabat
1126 2754 1172 2785 ut,

174 2799 224 2826 nc,
253 2792 480 2829 probationum
509 2795 681 2826 deficiente
708 2798 818 2835 copia,
848 2799 987 2829 ecclesia
1015 2801 1174 2839 Portuga-

173 2842 275 2873 lensis
293 2844 366 2882 jure
388 2855 446 2875 suo
468 2847 573 2877 valeat
596 2849 796 2884 defraudari,
820 2860 919 2888 super
941 2851 1001 2881 hoc
1023 2854 1174 2891 provide-

174 2904 284 2925 remus
307 2897 412 2927 eidem
428 2915 476 2927 -.
499 2901 571 2929 Dat.
598 2902 763 2937 Laterani,
790 2904 838 2932 III
864 2903 1021 2934 kalendas
1045 2906 1169 2944 aprilis,

174 2955 259 2977 anno
274 2947 473 2980 duodecimo.
494 2964 506 2978 »ι

1327 367 1448 394 4244
1834 366 1954 397 Latran,
1972 365 2006 392 30
2023 374 2099 392 mars
2113 365 2192 392 1238.

1292 428 1410 456 Eisdem
1437 428 1558 455 mandat
1579 431 1738 462 quatenus,
1766 441 1797 446 —-
1822 436 1876 456 ne,
1903 428 2054 455 occasione
2081 427 2263 461 exceptionis

1256 476 1573 503 excommunicationis
1590 484 1676 510 quam
1697 484 1746 502 rex
1765 475 1953 509 Portugaliae
1969 477 1999 503 in
2017 483 2170 511 personam
2186 475 2264 509 epis—

1256 525 1319 559 copi
1342 525 1562 558 Portugalensis
1579 525 1754 559 opponebat,
1771 533 1858 551 causa
1884 524 2106 559 Portugalensis
2122 524 2263 550 ecclesiae

1256 577 1357 600 eontra
1368 574 1504 599 eumdem
1523 582 1617 607 regem
1633 576 1768 599 teneatur
1783 573 1896 599 diutius
1918 573 1947 599 in
1965 582 2115 607 suspenso,
2133 587 2164 591 —
2181 581 2265 599 euni-

1256 622 1322 648 dem
1340 622 1509 656 episcopum
1533 630 1619 656 super
1641 622 1694 648 hoc
1716 622 1882 651 absolvant,
1900 622 1931 648 in
1953 622 2054 648 eadem
2072 630 2159 648 causa
2179 621 2264 655 juxta

1256 670 1385 703 priorum
1404 670 1570 696 litterarum
1595 670 1822 704 apostolicarum
1846 673 1976 696 tenorem
1999 670 2179 704 processuri;
2197 678 2264 704 pro-

1256 719 1319 745 viso
1335 719 1422 752 quod,
1440 719 1463 745 si
1479 719 1519 745 eis
1541 719 1627 745 illum
1642 719 1718 753 juste
1735 719 2045 746 excommunicatione
2062 718 2185 752 ligatum
2203 726 2264 745 esse

1256 767 1433 799 constiterit,
1454 775 1540 801 super
1557 767 1602 793 tiis
1619 775 1669 801 pro
1686 767 1791 800 quibus
1808 766 2084 793 excommunicatus
2105 766 2154 798 sit,
2177 765 2266 792 satis-

1257 816 1345 843 faciat
1362 819 1572 850 competenter.
1589 831 1620 834 —
1635 817 1721 847 (nm.
1737 816 1780 845 19,
1797 817 1816 843 f.
1834 817 1848 843 4
1866 819 1908 847 v⁰;
1927 825 1996 843 ann.
2013 816 2080 847 xli,
2097 824 2121 842 c.
2137 815 2193 846 21.)

1298 918 1455 946 «Eisdem.
1476 918 1521 947 Ex
1542 922 1634 956 parte
1649 916 1851 947 venerabilis
1865 917 1978 947 fratris
1996 917 2101 946 nostri
2116 940 2137 946 ..
2151 917 2265 947 Portu-

1255 970 1401 1008 galensis
1430 970 1575 1008 episcopi
1610 974 1721 1000 nostro
1753 970 1817 1000 fuit
1847 969 2046 1008 apostolatui
2081 974 2265 1000 reseratum

1256 1023 1360 1062 quod,
1390 1032 1465 1053 cum
1492 1033 1547 1053 vos
1578 1023 1613 1052 in
1641 1032 1741 1053 causa
1766 1032 1866 1062 quam
1888 1023 1987 1053 habet
2015 1021 2265 1061 Por-tugalensis

1256 1076 1396 1106 ecclesia
1412 1081 1526 1106 contra
1549 1099 1569 1106 ..
1593 1075 1782 1114 Portugalie
1807 1085 1918 1114 regem
1941 1075 2117 1112 illustrem,
2142 1075 2267 1105 dudum

1254 1128 1486 1168 velletisjuxta
1500 1128 1717 1168 apostolicum
1732 1129 1929 1167 rescriptum
1940 1129 2115 1167 procedere
2129 1138 2136 1158 :
2152 1128 2267 1158 eodem

1255 1191 1331 1221 rege
1353 1187 1418 1212 tam
1442 1186 1555 1212 contra
1574 1182 1771 1220 rescriptum
1794 1191 1852 1220 per
1875 1182 1958 1212 bone
1984 1182 2142 1213 memorie
2165 1183 2267 1220 M[ar-

1255 1235 1387 1273 tinum],
1405 1235 1672 1274 predecessorem
1687 1235 1836 1274 ejusdem
1853 1235 2008 1273 episcopi,
2031 1244 2067 1265 ac
2083 1244 2141 1273 per
2157 1235 2267 1274 ipsum

1255 1288 1354 1318 etiam
1364 1287 1588 1327 impetratum,
1601 1296 1700 1327 quam
1711 1296 1886 1326 personam
1898 1287 2046 1326 ejusdem
2059 1287 2266 1326 exceptiones

1256 1341 1608 1371 excommunicationis
1625 1341 1659 1370 in
1678 1345 1785 1371 vestra
1807 1341 1975 1379 presentia
1995 1345 2209 1379 proponente,
2230 1340 2265 1370 in

1256 1402 1356 1424 causa
1372 1394 1445 1432 ipsa
1465 1394 1602 1424 minime
1625 1394 1848 1432 processistis.
1867 1395 1975 1430 Quare
2000 1403 2018 1423 a
2039 1393 2134 1424 nobis
2156 1393 2267 1423 humi-

1255 1445 1332 1477 liter
1352 1446 1539 1485 postulabat
1562 1451 1608 1481 ut,
1633 1456 1708 1476 cum
1730 1446 1935 1477 conscientia
1962 1455 2022 1477 sua
2041 1455 2116 1477 eum
2142 1455 2267 1485 nequa-

1257 1507 1356 1538 qnam
1380 1499 1582 1535 remordeat,
1610 1500 1697 1538 quod
1719 1499 1831 1539 aliqua
1858 1500 1900 1530 sit
1926 1499 2267 1530 excommunicatione

1256 1553 1390 1591 ligatus,
1419 1562 1471 1590 ne,
1498 1553 1671 1583 occasione
1694 1553 1897 1593 hujusmodi,
1922 1553 2063 1584 ecclesia
2087 1553 2159 1592 ipsa
2181 1552 2267 1592 juris

1257 1606 1309 1636 sui
1320 1600 1532 1644 dispendium
1546 1606 1702 1645 patiatur,
1714 1606 1801 1646 quod
1813 1615 1846 1636 se
1860 1615 1916 1645 per
1930 1606 2110 1636 discretum
2122 1605 2268 1645 aliquem

1256 1658 1384 1689 absolvi
1400 1659 1511 1696 faciat,
1529 1659 1784 1690 concederemus
1798 1659 1905 1690 eidem
1920 1676 1969 1688 ——.
1981 1660 2056 1689 Dat.
2072 1663 2106 1689 ut
2120 1667 2230 1698 supra.
2250 1671 2262 1685 ›>

1324 1840 1442 1868 4245

1293 1903 1437 1937 Episcopo
1461 1901 1601 1928 Auriensi
1629 1901 1750 1928 mandat
1773 1904 1932 1935 quatenus,
1960 1916 1991 1919 —
2019 1909 2097 1933 cum,
2124 1901 2194 1928 licet
2217 1908 2267 1928 rex

1257 1951 1446 1985 portugaliae
1470 1959 1520 1985 per
1539 1950 1780 1978 Salamantinum
1806 1950 1977 1984 episcopum
2002 1953 2029 1977 et
2046 1950 2108 1984 ejus
2130 1950 2266 1984 collegas,

1257 2009 1307 2035 pro
1329 2009 1360 2027 eo
1381 2001 1456 2034 quod
1479 1999 1641 2034 provisioni
1662 1999 1840 2033 apostolicae
1858 2007 1944 2033 super
1966 1999 2102 2026 libertate
2124 1999 2268 2033 Portuga-

1257 2049 1347 2076 lensis
1370 2049 1511 2076 ecclesiae
1536 2057 1636 2083 parere
1664 2049 1812 2079 noluerat,
1843 2047 2266 2081 fuissetexcommunicatus,

1257 2106 1397 2132 personae
1418 2098 1561 2132 quaedam
1583 2097 1802 2124 ecclesiasticae
1823 2097 1904 2130 regni
1928 2096 2149 2130 Portugalensis
2170 2096 2266 2123 eidem

1257 2147 1316 2181 regi
1331 2146 1551 2173 communicare
1572 2148 1804 2180 praesumerent,
1823 2159 1853 2163 —
1869 2146 1922 2172 hoe
1937 2145 1967 2171 in
1983 2148 2143 2179 posterum,
2161 2144 2219 2171 nisi
2234 2144 2266 2171 in

1257 2194 1372 2222 casibus
1398 2195 1553 2227 concessis,
1578 2203 1635 2221 non
1656 2195 1820 2229 permittat,
1841 2203 1979 2229 personas
2002 2194 2080 2227 illas,
2102 2194 2126 2220 si
2150 2201 2267 2221 necesse

1840 1840 1961 1872 Latran,
1976 1839 2010 1866 30
2024 1847 2101 1866 mars
2115 1838 2195 1866 1238.

1257 2244 1356 2275 fuerit,
1369 2244 1406 2271 ab
1421 2244 1553 2277 ejusdem
1570 2244 1645 2278 regis
1659 2244 1869 2271 communione
1881 2252 1931 2278 per
1946 2251 2099 2270 censuram
2115 2243 2266 2270 ecclesias-

1257 2293 1346 2320 ticam
1364 2293 1585 2328 compescendo.
1604 2307 1635 2312 —-
1652 2293 1738 2325 (Rso.
1757 2292 1800 2325 19,
1823 2294 1842 2319 f.
1861 2293 1876 2319 4
1893 2295 1936 2324 v⁰;
1951 2301 2021 2319 ann.
2038 2292 2106 2325 XII,
2123 2300 2148 2319 c.
2163 2291 2211 2323 22:
2233 2305 2264 2311 --

1258 2341 1391 2369 MORt-:AU
1407 2342 1487 2375 1192,
1505 2343 1525 2369 f.
1543 2342 1599 2372 13.)

1299 2455 1312 2469 «
1335 2466 1355 2472 ..
1379 2444 1513 2481 episcopo
1535 2443 1692 2472 Auriensi.
1718 2443 1925 2481 Significavit
1947 2442 2041 2473 nobis
2064 2441 2266 2473 venerabilis

1256 2513 1305 2524 —.
1325 2496 1397 2525 Dat.
1418 2500 1452 2525 ut
1470 2505 1581 2534 supra.
1601 2509 1613 2523 ι)

1326 2667 1444 2694 4246

1293 2728 1394 2754 Eidem
1408 2729 1540 2754 vmandat
1554 2732 1698 2762 quatenus
1715 2738 1847 2756 excomm
1855 2730 2034 2757 unicationis
2051 2730 2229 2757 sententiam
2247 2738 2264 2757 a

1838 2668 1958 2699 Latran,
1973 2668 2007 2695 30
2025 2677 2101 2695 mars
2114 2668 2192 2695 1238.

1257 2777 1461 2808 portugalensi
1479 2777 1613 2811 episcopo
1636 2779 1779 2811 prolatam
1798 2779 1826 2804 in
1844 2788 1945 2805 omnes
1962 2779 2028 2806 illos
2050 2779 2099 2813 qui
2115 2779 2151 2806 de
2173 2788 2262 2806 manu

1256 2825 1444 2857 Portugaliae
1465 2826 1540 2859 regis
1555 2826 1585 2852 in
1601 2827 1772 2861 episcopatu
1794 2828 2001 2860 portugalensi
2018 2828 2157 2855 ecclesias
2173 2831 2201 2855 et
2216 2837 2264 2855 ec-

1255 2874 1422 2900 clesiastiea
1433 2874 1575 2901 beneficia
1589 2875 1763 2909 reciperent,
1777 2890 1808 2894 —
1823 2884 1910 2910 quam
1924 2876 2262 2903 excommunicationem

1256 2922 1391 2948 nonnulli
1424 2923 1673 2955 contemnebant,
1700 2938 1731 2942 —
1760 2924 1850 2951 faciat
1875 2925 1999 2951 firmiter
2033 2925 2198 2957 observari;
2233 2925 2262 2952 in

1256 2972 1492 3003 transgressores,
1510 2971 1533 2997 si
1552 2971 1629 2997 inira
1649 2974 1760 2998 certum
1783 2975 1899 3007 tempus
1920 2972 1956 2999 ab
1972 2973 2035 3007 ipso
2051 2973 2185 3008 episcopo
2200 2974 2264 3000 Au-
