<?xml version="1.0" encoding="UTF-8"?>
<!DOCTYPE html PUBLIC "-//W3C//DTD XHTML 1.0 Transitional//EN"
    "http://www.w3.org/TR/xhtml1/DTD/xhtml1-transitional.dtd">
<html xmlns="http://www.w3.org/1999/xhtml" xml:lang="en" lang="en">
 <head>
  <title>
</title>
<meta http-equiv="Content-Type" content="text/html;charset=utf-8" />
  <meta name='ocr-system' content='tesseract 3.04.00' />
  <meta name='ocr-capabilities' content='ocr_page ocr_carea ocr_par ocr_line ocrx_word'/>
</head>
<body>
  <div class='ocr_page' id='page_1' title='image "./lesregistresdale02cathuoft_0354.png"; bbox 0 0 2423 3487; ppageno 0'>
   <div class='ocr_carea' id='block_1_1' title="bbox 104 306 2188 348">
    <p class='ocr_par' dir='ltr' id='par_1_1' title="bbox 104 306 2188 348">
     <span class='ocr_line' id='line_1_1' title="bbox 104 306 2188 348; baseline 0.004 -9"><span class='ocrx_word' id='word_1_1' title='bbox 104 310 158 339; x_wconf 59' lang='lat'>6:35·</span> <span class='ocrx_word' id='word_1_2' title='bbox 825 312 1062 341; x_wconf 69' lang='lat' dir='ltr'>REGISTRES</span> <span class='ocrx_word' id='word_1_3' title='bbox 1085 312 1138 340; x_wconf 82' lang='lat' dir='ltr'>DE</span> <span class='ocrx_word' id='word_1_4' title='bbox 1162 306 1382 342; x_wconf 74' lang='lat' dir='ltr'><strong>GREG‹›1RE</strong></span> <span class='ocrx_word' id='word_1_5' title='bbox 1407 314 1463 342; x_wconf 80' lang='lat' dir='ltr'>IX.</span> <span class='ocrx_word' id='word_1_6' title='bbox 2133 320 2188 348; x_wconf 72' lang='lat'>1340</span> 
     </span>
    </p>
   </div>
   <div class='ocr_carea' id='block_1_2' title="bbox 99 376 1102 696">
    <p class='ocr_par' dir='ltr' id='par_1_2' title="bbox 99 376 1102 696">
     <span class='ocr_line' id='line_1_2' title="bbox 106 376 1100 411; baseline 0.001 -9"><span class='ocrx_word' id='word_1_7' title='bbox 106 376 165 409; x_wconf 85' lang='lat' dir='ltr'>ipse</span> <span class='ocrx_word' id='word_1_8' title='bbox 181 377 416 410; x_wconf 66' lang='lat' dir='ltr'>archiepiscopus</span> <span class='ocrx_word' id='word_1_9' title='bbox 433 378 527 403; x_wconf 66' lang='lat' dir='ltr'>valcat</span> <span class='ocrx_word' id='word_1_10' title='bbox 550 378 590 403; x_wconf 74' lang='lat' dir='ltr'>cis</span> <span class='ocrx_word' id='word_1_11' title='bbox 609 378 726 404; x_wconf 79' lang='lat' dir='ltr'>uberius</span> <span class='ocrx_word' id='word_1_12' title='bbox 743 378 910 411; x_wconf 76' lang='lat' dir='ltr'>providere,</span> <span class='ocrx_word' id='word_1_13' title='bbox 931 379 1100 404; x_wconf 77' lang='lat' dir='ltr'>facultatem</span> 
     </span>
     <span class='ocr_line' id='line_1_3' title="bbox 103 425 1102 458; baseline 0.004 -10"><span class='ocrx_word' id='word_1_14' title='bbox 103 425 235 450; x_wconf 61' lang='lat' dir='ltr'>concedit</span> <span class='ocrx_word' id='word_1_15' title='bbox 250 425 439 458; x_wconf 76' lang='lat' dir='ltr'>dispensandi</span> <span class='ocrx_word' id='word_1_16' title='bbox 457 434 522 451; x_wconf 87' lang='lat' dir='ltr'>cum</span> <span class='ocrx_word' id='word_1_17' title='bbox 540 425 633 452; x_wconf 77' lang='lat' dir='ltr'>tribus</span> <span class='ocrx_word' id='word_1_18' title='bbox 648 426 708 451; x_wconf 76' lang='lat' dir='ltr'>suis</span> <span class='ocrx_word' id='word_1_19' title='bbox 720 427 845 457; x_wconf 72' lang='lat' dir='ltr'>clericis,</span> <span class='ocrx_word' id='word_1_20' title='bbox 859 427 979 452; x_wconf 76' lang='lat' dir='ltr'>unicum</span> <span class='ocrx_word' id='word_1_21' title='bbox 992 426 1102 452; x_wconf 89' lang='lat' dir='ltr'>haben-</span> 
     </span>
     <span class='ocr_line' id='line_1_4' title="bbox 102 472 1102 505; baseline 0.002 -8"><span class='ocrx_word' id='word_1_22' title='bbox 102 472 178 498; x_wconf 78' lang='lat' dir='ltr'>tibus</span> <span class='ocrx_word' id='word_1_23' title='bbox 193 481 256 498; x_wconf 84' lang='lat' dir='ltr'>cun]</span> <span class='ocrx_word' id='word_1_24' title='bbox 276 481 344 498; x_wconf 89' lang='lat' dir='ltr'>cura</span> <span class='ocrx_word' id='word_1_25' title='bbox 364 473 530 499; x_wconf 88' lang='lat' dir='ltr'>animarum</span> <span class='ocrx_word' id='word_1_26' title='bbox 551 473 741 501; x_wconf 74' lang='lat' dir='ltr'>beneficium.</span> <span class='ocrx_word' id='word_1_27' title='bbox 759 474 782 499; x_wconf 79' lang='lat' dir='ltr'>si</span> <span class='ocrx_word' id='word_1_28' title='bbox 806 474 915 500; x_wconf 82' lang='lat' dir='ltr'>fuerint</span> <span class='ocrx_word' id='word_1_29' title='bbox 933 474 1058 505; x_wconf 65' lang='lat' dir='ltr'>legitimi</span> <span class='ocrx_word' id='word_1_30' title='bbox 1074 476 1102 500; x_wconf 86' lang='lat' dir='ltr'>et</span> 
     </span>
     <span class='ocr_line' id='line_1_5' title="bbox 100 519 1101 553; baseline 0.004 -10"><span class='ocrx_word' id='word_1_31' title='bbox 100 519 172 545; x_wconf 62' lang='lat' dir='ltr'>:ilias</span> <span class='ocrx_word' id='word_1_32' title='bbox 191 520 226 545; x_wconf 83' lang='lat' dir='ltr'>ad</span> <span class='ocrx_word' id='word_1_33' title='bbox 248 521 322 545; x_wconf 83' lang='lat' dir='ltr'>hanc</span> <span class='ocrx_word' id='word_1_34' title='bbox 341 521 464 553; x_wconf 64' lang='lat' dir='ltr'>gratiam</span> <span class='ocrx_word' id='word_1_35' title='bbox 489 521 679 547; x_wconf 68' lang='lat' dir='ltr'>obtinendam</span> <span class='ocrx_word' id='word_1_36' title='bbox 699 521 812 552; x_wconf 81' lang='lat' dir='ltr'>idonci,</span> <span class='ocrx_word' id='word_1_37' title='bbox 831 526 871 549; x_wconf 81' lang='grc'><strong>111,</strong></span> <span class='ocrx_word' id='word_1_38' title='bbox 891 530 945 547; x_wconf 73' lang='lat' dir='ltr'>non</span> <span class='ocrx_word' id='word_1_39' title='bbox 967 521 1101 548; x_wconf 61' lang='lat' dir='ltr'>obstante</span> 
     </span>
     <span class='ocr_line' id='line_1_6' title="bbox 100 568 1100 603; baseline 0.002 -10"><span class='ocrx_word' id='word_1_40' title='bbox 100 568 309 593; x_wconf 71' lang='grc'><strong>01111511111110110</strong></span> <span class='ocrx_word' id='word_1_41' title='bbox 324 568 441 594; x_wconf 73' lang='lat' dir='ltr'>concilii</span> <span class='ocrx_word' id='word_1_42' title='bbox 461 569 620 601; x_wconf 66' lang='lat' dir='ltr'>generalis,</span> <span class='ocrx_word' id='word_1_43' title='bbox 638 569 747 602; x_wconf 68' lang='lat' dir='ltr'>singuli</span> <span class='ocrx_word' id='word_1_44' title='bbox 765 570 893 603; x_wconf 59' lang='lat' dir='ltr'>recipere</span> <span class='ocrx_word' id='word_1_45' title='bbox 910 570 1022 603; x_wconf 70' lang='lat' dir='ltr'>possint</span> <span class='ocrx_word' id='word_1_46' title='bbox 1039 570 1100 596; x_wconf 80' lang='grc'><strong>5111-</strong></span> 
     </span>
     <span class='ocr_line' id='line_1_7' title="bbox 99 616 1099 651; baseline 0.004 -11"><span class='ocrx_word' id='word_1_47' title='bbox 99 616 164 648; x_wconf 60' lang='lat' dir='ltr'>gula</span> <span class='ocrx_word' id='word_1_48' title='bbox 193 616 303 641; x_wconf 68' lang='lat' dir='ltr'>similia</span> <span class='ocrx_word' id='word_1_49' title='bbox 332 616 472 642; x_wconf 84' lang='lat' dir='ltr'>beneficia</span> <span class='ocrx_word' id='word_1_50' title='bbox 499 619 526 642; x_wconf 86' lang='lat' dir='ltr'>et</span> <span class='ocrx_word' id='word_1_51' title='bbox 552 617 604 643; x_wconf 85' lang='lat' dir='ltr'>illa</span> <span class='ocrx_word' id='word_1_52' title='bbox 636 626 700 643; x_wconf 84' lang='lat' dir='ltr'>cum</span> <span class='ocrx_word' id='word_1_53' title='bbox 729 618 874 651; x_wconf 67' lang='lat' dir='ltr'>prioribus</span> <span class='ocrx_word' id='word_1_54' title='bbox 903 618 1038 644; x_wconf 64' lang='lat' dir='ltr'>retinere.</span> <span class='ocrx_word' id='word_1_55' title='bbox 1068 633 1099 635; x_wconf 97' lang='lat'><strong>—</strong></span> 
     </span>
     <span class='ocr_line' id='line_1_8' title="bbox 99 663 671 696; baseline 0.003 -7"><span class='ocrx_word' id='word_1_56' title='bbox 99 664 183 691; x_wconf 63' lang='lat' dir='ltr'>(RE-j.</span> <span class='ocrx_word' id='word_1_57' title='bbox 202 663 348 693; x_wconf 70' lang='lat'>18,1·.282</span> <span class='ocrx_word' id='word_1_58' title='bbox 363 668 406 695; x_wconf 69' lang='lat' dir='ltr'>v”;</span> <span class='ocrx_word' id='word_1_59' title='bbox 424 673 492 690; x_wconf 87' lang='lat' dir='ltr'>anu.</span> <span class='ocrx_word' id='word_1_60' title='bbox 509 665 561 696; x_wconf 80' lang='lat' dir='ltr'>XI,</span> <span class='ocrx_word' id='word_1_61' title='bbox 577 674 600 691; x_wconf 84' lang='lat' dir='ltr'>c.</span> <span class='ocrx_word' id='word_1_62' title='bbox 614 665 671 695; x_wconf 82' lang='lat'>53.)</span> 
     </span>
    </p>
   </div>
   <div class='ocr_carea' id='block_1_3' title="bbox 96 777 1098 865">
    <p class='ocr_par' dir='ltr' id='par_1_3' title="bbox 96 777 1098 865">
     <span class='ocr_line' id='line_1_9' title="bbox 139 777 1098 814; baseline 0.007 -13"><span class='ocrx_word' id='word_1_63' title='bbox 139 789 149 801; x_wconf 58' lang='grc'>«1</span> <span class='ocrx_word' id='word_1_64' title='bbox 172 777 428 814; x_wconf 68' lang='lat' dir='ltr'>..archiepiscopo</span> <span class='ocrx_word' id='word_1_65' title='bbox 446 779 634 806; x_wconf 74' lang='lat' dir='ltr'>Eborucensi.</span> <span class='ocrx_word' id='word_1_66' title='bbox 656 778 798 813; x_wconf 57' lang='lat' dir='ltr'>Dignum</span> <span class='ocrx_word' id='word_1_67' title='bbox 822 783 870 807; x_wconf 83' lang='lat' dir='ltr'>est</span> <span class='ocrx_word' id='word_1_68' title='bbox 893 783 927 807; x_wconf 84' lang='lat' dir='ltr'>ut</span> <span class='ocrx_word' id='word_1_69' title='bbox 951 796 999 807; x_wconf 91' lang='lat'>—.</span> <span class='ocrx_word' id='word_1_70' title='bbox 1025 780 1098 808; x_wconf 79' lang='lat' dir='ltr'>Dat.</span> 
     </span>
     <span class='ocr_line' id='line_1_10' title="bbox 96 829 819 865; baseline 0 -9"><span class='ocrx_word' id='word_1_71' title='bbox 96 829 249 861; x_wconf 67' lang='lat' dir='ltr'>Yitcrbii,</span> <span class='ocrx_word' id='word_1_72' title='bbox 271 829 368 858; x_wconf 88' lang='lat' dir='ltr'>nonis</span> <span class='ocrx_word' id='word_1_73' title='bbox 386 830 474 865; x_wconf 73' lang='lat' dir='ltr'>maii,</span> <span class='ocrx_word' id='word_1_74' title='bbox 496 839 581 859; x_wconf 88' lang='lat' dir='ltr'>anno</span> <span class='ocrx_word' id='word_1_75' title='bbox 600 831 786 859; x_wconf 82' lang='lat' dir='ltr'>undecimo.</span> <span class='ocrx_word' id='word_1_76' title='bbox 808 844 819 856; x_wconf 79' lang='grc'>»</span> 
     </span>
    </p>
   </div>
   <div class='ocr_carea' id='block_1_4' title="bbox 131 962 985 996">
    <p class='ocr_par' dir='ltr' id='par_1_4' title="bbox 131 962 985 996">
     <span class='ocr_line' id='line_1_11' title="bbox 131 962 985 996; baseline 0.002 -9"><span class='ocrx_word' id='word_1_77' title='bbox 131 965 230 987; x_wconf 75' lang='lat'><strong>3635.</strong></span> <span class='ocrx_word' id='word_1_78' title='bbox 249 976 279 979; x_wconf 90' lang='lat'><em>-</em></span> <span class='ocrx_word' id='word_1_79' title='bbox 297 962 328 987; x_wconf 88' lang='lat' dir='ltr'>In</span> <span class='ocrx_word' id='word_1_80' title='bbox 344 962 468 988; x_wconf 83' lang='lat' dir='ltr'>eundem</span> <span class='ocrx_word' id='word_1_81' title='bbox 488 963 604 989; x_wconf 81' lang='lat' dir='ltr'>modum</span> <span class='ocrx_word' id='word_1_82' title='bbox 626 984 642 989; x_wconf 84' lang='lat'>..</span> <span class='ocrx_word' id='word_1_83' title='bbox 661 964 780 996; x_wconf 72' lang='lat' dir='ltr'>episcopo</span> <span class='ocrx_word' id='word_1_84' title='bbox 800 965 985 989; x_wconf 73' lang='lat' dir='ltr'>Dunetmensc.</span> 
     </span>
    </p>
   </div>
   <div class='ocr_carea' id='block_1_5' title="bbox 164 1166 280 1193">
    <p class='ocr_par' dir='ltr' id='par_1_5' title="bbox 164 1166 280 1193">
     <span class='ocr_line' id='line_1_12' title="bbox 164 1166 280 1193; baseline 0 0"><span class='ocrx_word' id='word_1_85' title='bbox 164 1166 280 1193; x_wconf 88' lang='grc'><strong>3636</strong></span> 
     </span>
    </p>
   </div>
   <div class='ocr_carea' id='block_1_6' title="bbox 128 1227 1095 1262">
    <p class='ocr_par' dir='ltr' id='par_1_6' title="bbox 128 1227 1095 1262">
     <span class='ocr_line' id='line_1_13' title="bbox 128 1227 1095 1262; baseline 0.005 -10"><span class='ocrx_word' id='word_1_86' title='bbox 128 1227 322 1253; x_wconf 80' lang='lat' dir='ltr'>Duneimeusi</span> <span class='ocrx_word' id='word_1_87' title='bbox 344 1228 478 1261; x_wconf 75' lang='lat' dir='ltr'>episcopo</span> <span class='ocrx_word' id='word_1_88' title='bbox 499 1229 677 1262; x_wconf 73' lang='lat' dir='ltr'>postulatam</span> <span class='ocrx_word' id='word_1_89' title='bbox 700 1230 853 1256; x_wconf 76' lang='lat' dir='ltr'>licentiam</span> <span class='ocrx_word' id='word_1_90' title='bbox 873 1232 1008 1257; x_wconf 76' lang='lat' dir='ltr'>concedit</span> <span class='ocrx_word' id='word_1_91' title='bbox 1023 1240 1095 1257; x_wconf 84' lang='lat' dir='ltr'>non-</span> 
     </span>
    </p>
   </div>
   <div class='ocr_carea' id='block_1_7' title="bbox 692 1169 1023 1201">
    <p class='ocr_par' dir='ltr' id='par_1_7' title="bbox 692 1169 1023 1201">
     <span class='ocr_line' id='line_1_14' title="bbox 692 1169 1023 1201; baseline 0.006 -7"><span class='ocrx_word' id='word_1_92' title='bbox 692 1169 824 1201; x_wconf 69' lang='lat' dir='ltr'>Viterbe,</span> <span class='ocrx_word' id='word_1_93' title='bbox 840 1169 855 1196; x_wconf 88' lang='grc'><strong>6</strong></span> <span class='ocrx_word' id='word_1_94' title='bbox 872 1170 930 1196; x_wconf 86' lang='lat' dir='ltr'>mai</span> <span class='ocrx_word' id='word_1_95' title='bbox 945 1170 1023 1196; x_wconf 67' lang='lat'><strong>1237.</strong></span> 
     </span>
    </p>
   </div>
   <div class='ocr_carea' id='block_1_8' title="bbox 90 1276 1095 1552">
    <p class='ocr_par' dir='ltr' id='par_1_8' title="bbox 90 1276 1095 1552">
     <span class='ocr_line' id='line_1_15' title="bbox 94 1276 1095 1311; baseline 0.005 -10"><span class='ocrx_word' id='word_1_96' title='bbox 94 1276 188 1301; x_wconf 80' lang='lat' dir='ltr'>nullos</span> <span class='ocrx_word' id='word_1_97' title='bbox 198 1276 406 1302; x_wconf 74' lang='lat' dir='ltr'>Dunelmensis</span> <span class='ocrx_word' id='word_1_98' title='bbox 416 1277 556 1303; x_wconf 77' lang='lat' dir='ltr'>dioecesis</span> <span class='ocrx_word' id='word_1_99' title='bbox 566 1278 686 1304; x_wconf 83' lang='lat' dir='ltr'>clericos</span> <span class='ocrx_word' id='word_1_100' title='bbox 703 1279 764 1311; x_wconf 89' lang='lat' dir='ltr'>qui,</span> <span class='ocrx_word' id='word_1_101' title='bbox 777 1288 870 1311; x_wconf 82' lang='lat' dir='ltr'>senes,</span> <span class='ocrx_word' id='word_1_102' title='bbox 881 1280 992 1306; x_wconf 80' lang='lat' dir='ltr'>debiles</span> <span class='ocrx_word' id='word_1_103' title='bbox 1007 1283 1035 1306; x_wconf 90' lang='lat' dir='ltr'>et</span> <span class='ocrx_word' id='word_1_104' title='bbox 1044 1281 1095 1306; x_wconf 85' lang='lat' dir='ltr'>de-</span> 
     </span>
     <span class='ocr_line' id='line_1_16' title="bbox 93 1325 1095 1358; baseline 0.006 -9"><span class='ocrx_word' id='word_1_105' title='bbox 93 1325 199 1350; x_wconf 75' lang='lat' dir='ltr'>fectum</span> <span class='ocrx_word' id='word_1_106' title='bbox 217 1325 362 1350; x_wconf 89' lang='lat' dir='ltr'>luminum</span> <span class='ocrx_word' id='word_1_107' title='bbox 382 1325 538 1358; x_wconf 73' lang='lat' dir='ltr'>patientes,</span> <span class='ocrx_word' id='word_1_108' title='bbox 556 1326 585 1351; x_wconf 92' lang='lat' dir='ltr'>in</span> <span class='ocrx_word' id='word_1_109' title='bbox 599 1327 808 1353; x_wconf 71' lang='lat' dir='ltr'>verecundiam</span> <span class='ocrx_word' id='word_1_110' title='bbox 821 1328 933 1354; x_wconf 77' lang='lat' dir='ltr'>ordinis</span> <span class='ocrx_word' id='word_1_111' title='bbox 948 1329 1095 1355; x_wconf 77' lang='lat' dir='ltr'>clericalis</span> 
     </span>
     <span class='ocr_line' id='line_1_17' title="bbox 91 1373 1095 1407; baseline 0.006 -10"><span class='ocrx_word' id='word_1_112' title='bbox 91 1373 124 1398; x_wconf 76' lang='lat' dir='ltr'>:ul</span> <span class='ocrx_word' id='word_1_113' title='bbox 152 1375 313 1399; x_wconf 75' lang='lat' dir='ltr'>extremam</span> <span class='ocrx_word' id='word_1_114' title='bbox 341 1373 470 1407; x_wconf 81' lang='lat' dir='ltr'>inopiam</span> <span class='ocrx_word' id='word_1_115' title='bbox 495 1374 691 1405; x_wconf 71' lang='lat' dir='ltr'>devenerant,</span> <span class='ocrx_word' id='word_1_116' title='bbox 719 1384 772 1401; x_wconf 83' lang='lat' dir='ltr'>nec</span> <span class='ocrx_word' id='word_1_117' title='bbox 798 1385 854 1402; x_wconf 88' lang='grc'><strong>11011</strong></span> <span class='ocrx_word' id='word_1_118' title='bbox 883 1377 956 1403; x_wconf 77' lang='lat' dir='ltr'>alios</span> <span class='ocrx_word' id='word_1_119' title='bbox 981 1378 1095 1404; x_wconf 84' lang='lat' dir='ltr'>similes</span> 
     </span>
     <span class='ocr_line' id='line_1_18' title="bbox 90 1421 1094 1459; baseline 0.008 -15"><span class='ocrx_word' id='word_1_120' title='bbox 90 1421 220 1453; x_wconf 65' lang='lat' dir='ltr'>ejusdem</span> <span class='ocrx_word' id='word_1_121' title='bbox 237 1421 388 1452; x_wconf 75' lang='lat' dir='ltr'>dioecesis,</span> <span class='ocrx_word' id='word_1_122' title='bbox 406 1422 435 1447; x_wconf 94' lang='lat' dir='ltr'>in</span> <span class='ocrx_word' id='word_1_123' title='bbox 454 1431 511 1448; x_wconf 90' lang='lat' dir='ltr'>una</span> <span class='ocrx_word' id='word_1_124' title='bbox 527 1423 611 1449; x_wconf 83' lang='lat' dir='ltr'>domo</span> <span class='ocrx_word' id='word_1_125' title='bbox 628 1425 803 1456; x_wconf 68' lang='lat' dir='ltr'>collocandi,</span> <span class='ocrx_word' id='word_1_126' title='bbox 816 1428 844 1451; x_wconf 85' lang='lat' dir='ltr'>et</span> <span class='ocrx_word' id='word_1_127' title='bbox 858 1425 898 1451; x_wconf 86' lang='lat' dir='ltr'>eis</span> <span class='ocrx_word' id='word_1_128' title='bbox 911 1426 1094 1459; x_wconf 75' lang='lat' dir='ltr'>assignandi,</span> 
     </span>
     <span class='ocr_line' id='line_1_19' title="bbox 90 1469 1093 1508; baseline 0.007 -15"><span class='ocrx_word' id='word_1_129' title='bbox 90 1477 140 1502; x_wconf 79' lang='lat' dir='ltr'>pro</span> <span class='ocrx_word' id='word_1_130' title='bbox 159 1469 237 1495; x_wconf 80' lang='lat' dir='ltr'>vitae</span> <span class='ocrx_word' id='word_1_131' title='bbox 254 1479 351 1496; x_wconf 88' lang='lat' dir='ltr'>eorum</span> <span class='ocrx_word' id='word_1_132' title='bbox 367 1470 508 1503; x_wconf 79' lang='lat' dir='ltr'>subsidio,</span> <span class='ocrx_word' id='word_1_133' title='bbox 527 1471 673 1498; x_wconf 79' lang='lat' dir='ltr'>decimam</span> <span class='ocrx_word' id='word_1_134' title='bbox 692 1473 928 1500; x_wconf 83' lang='lat' dir='ltr'>molendinorum</span> <span class='ocrx_word' id='word_1_135' title='bbox 944 1475 980 1500; x_wconf 88' lang='lat' dir='ltr'>ad</span> <span class='ocrx_word' id='word_1_136' title='bbox 997 1475 1093 1508; x_wconf 88' lang='lat' dir='ltr'>ipsum</span> 
     </span>
     <span class='ocr_line' id='line_1_20' title="bbox 90 1518 1094 1552; baseline 0.007 -9"><span class='ocrx_word' id='word_1_137' title='bbox 90 1518 256 1551; x_wconf 74' lang='lat' dir='ltr'>episcopum</span> <span class='ocrx_word' id='word_1_138' title='bbox 278 1519 490 1552; x_wconf 76' lang='lat' dir='ltr'>pertinentem,</span> <span class='ocrx_word' id='word_1_139' title='bbox 512 1520 671 1546; x_wconf 80' lang='lat' dir='ltr'>dummodo</span> <span class='ocrx_word' id='word_1_140' title='bbox 692 1530 726 1547; x_wconf 78' lang='lat' dir='ltr'>ex</span> <span class='ocrx_word' id='word_1_141' title='bbox 749 1522 801 1547; x_wconf 85' lang='lat' dir='ltr'>hoc</span> <span class='ocrx_word' id='word_1_142' title='bbox 820 1522 1031 1549; x_wconf 79' lang='lat' dir='ltr'>Duuelmensis</span> <span class='ocrx_word' id='word_1_143' title='bbox 1047 1532 1094 1550; x_wconf 87' lang='lat' dir='ltr'>ec-</span> 
     </span>
    </p>
   </div>
   <div class='ocr_carea' id='block_1_9' title="bbox 90 1566 1092 1769">
    <p class='ocr_par' dir='ltr' id='par_1_9' title="bbox 90 1566 1092 1769">
     <span class='ocr_line' id='line_1_21' title="bbox 90 1566 1092 1604; baseline 0.007 -12"><span class='ocrx_word' id='word_1_144' title='bbox 90 1566 179 1592; x_wconf 82' lang='lat' dir='ltr'>clesia</span> <span class='ocrx_word' id='word_1_145' title='bbox 198 1567 327 1600; x_wconf 78' lang='lat' dir='ltr'>graviter</span> <span class='ocrx_word' id='word_1_146' title='bbox 346 1576 401 1593; x_wconf 86' lang='grc'><strong>11011</strong></span> <span class='ocrx_word' id='word_1_147' title='bbox 420 1569 563 1595; x_wconf 86' lang='lat' dir='ltr'>laedatur.</span> <span class='ocrx_word' id='word_1_148' title='bbox 582 1584 612 1587; x_wconf 88' lang='lat'><strong>—</strong></span> <span class='ocrx_word' id='word_1_149' title='bbox 633 1570 718 1600; x_wconf 65' lang='lat' dir='ltr'>(nm.</span> <span class='ocrx_word' id='word_1_150' title='bbox 737 1570 780 1603; x_wconf 74' lang='lat'>18,</span> <span class='ocrx_word' id='word_1_151' title='bbox 800 1571 819 1597; x_wconf 87' lang='lat' dir='ltr'>f.</span> <span class='ocrx_word' id='word_1_152' title='bbox 836 1571 887 1598; x_wconf 73' lang='lat'>283</span> <span class='ocrx_word' id='word_1_153' title='bbox 902 1574 939 1603; x_wconf 83' lang='lat' dir='ltr'>r⁰;</span> <span class='ocrx_word' id='word_1_154' title='bbox 953 1580 1021 1598; x_wconf 87' lang='lat' dir='ltr'>ann.</span> <span class='ocrx_word' id='word_1_155' title='bbox 1040 1572 1092 1604; x_wconf 82' lang='lat' dir='ltr'>XI,</span> 
     </span>
     <span class='ocr_line' id='line_1_22' title="bbox 90 1615 187 1643; baseline 0.031 -3"><span class='ocrx_word' id='word_1_156' title='bbox 90 1626 113 1641; x_wconf 73' lang='lat' dir='ltr'>c.</span> <span class='ocrx_word' id='word_1_157' title='bbox 131 1615 187 1643; x_wconf 70' lang='grc'><strong>51.)</strong></span> 
     </span>
     <span class='ocr_line' id='line_1_23' title="bbox 131 1731 1088 1769; baseline 0.008 -12"><span class='ocrx_word' id='word_1_158' title='bbox 131 1742 142 1754; x_wconf 88' lang='lat'>«</span> <span class='ocrx_word' id='word_1_159' title='bbox 164 1752 181 1758; x_wconf 89' lang='lat'>..</span> <span class='ocrx_word' id='word_1_160' title='bbox 203 1731 396 1759; x_wconf 76' lang='lat' dir='ltr'>Dzmclmensi</span> <span class='ocrx_word' id='word_1_161' title='bbox 417 1733 560 1769; x_wconf 78' lang='lat' dir='ltr'>episcopo.</span> <span class='ocrx_word' id='word_1_162' title='bbox 583 1733 640 1762; x_wconf 81' lang='lat' dir='ltr'>Pie</span> <span class='ocrx_word' id='word_1_163' title='bbox 660 1734 781 1763; x_wconf 87' lang='lat' dir='ltr'>mentis</span> <span class='ocrx_word' id='word_1_164' title='bbox 805 1734 933 1764; x_wconf 85' lang='lat' dir='ltr'>devotio</span> <span class='ocrx_word' id='word_1_165' title='bbox 950 1753 998 1764; x_wconf 84' lang='lat'>—.</span> <span class='ocrx_word' id='word_1_166' title='bbox 1017 1736 1088 1765; x_wconf 85' lang='lat' dir='ltr'>Dat.</span> 
     </span>
    </p>
   </div>
   <div class='ocr_carea' id='block_1_10' title="bbox 88 1782 858 1819">
    <p class='ocr_par' dir='ltr' id='par_1_10' title="bbox 88 1782 858 1819">
     <span class='ocr_line' id='line_1_24' title="bbox 88 1782 858 1819; baseline 0.008 -8"><span class='ocrx_word' id='word_1_167' title='bbox 88 1782 241 1817; x_wconf 66' lang='lat' dir='ltr'>Yiterbii,</span> <span class='ocrx_word' id='word_1_168' title='bbox 260 1785 290 1813; x_wconf 93' lang='lat' dir='ltr'>II</span> <span class='ocrx_word' id='word_1_169' title='bbox 309 1793 411 1813; x_wconf 88' lang='lat' dir='ltr'>nonas</span> <span class='ocrx_word' id='word_1_170' title='bbox 427 1785 517 1819; x_wconf 75' lang='lat' dir='ltr'>maii,</span> <span class='ocrx_word' id='word_1_171' title='bbox 536 1794 622 1815; x_wconf 85' lang='lat' dir='ltr'>anno</span> <span class='ocrx_word' id='word_1_172' title='bbox 639 1786 825 1817; x_wconf 88' lang='lat' dir='ltr'>undecimo.</span> <span class='ocrx_word' id='word_1_173' title='bbox 846 1800 858 1813; x_wconf 88' lang='lat'>»</span> 
     </span>
    </p>
   </div>
   <div class='ocr_carea' id='block_1_11' title="bbox 158 1988 271 2016">
    <p class='ocr_par' dir='ltr' id='par_1_11' title="bbox 158 1988 271 2016">
     <span class='ocr_line' id='line_1_25' title="bbox 158 1988 271 2016; baseline 0 -1"><span class='ocrx_word' id='word_1_174' title='bbox 158 1988 271 2016; x_wconf 61' lang='grc'><strong>3637</strong></span> 
     </span>
    </p>
   </div>
   <div class='ocr_carea' id='block_1_12' title="bbox 124 2050 1089 2091">
    <p class='ocr_par' dir='ltr' id='par_1_12' title="bbox 124 2050 1089 2091">
     <span class='ocr_line' id='line_1_26' title="bbox 124 2050 1089 2091; baseline 0.009 -15"><span class='ocrx_word' id='word_1_175' title='bbox 124 2050 161 2076; x_wconf 89' lang='grc' dir='ltr'>Η.</span> <span class='ocrx_word' id='word_1_176' title='bbox 179 2051 214 2076; x_wconf 87' lang='lat' dir='ltr'>de</span> <span class='ocrx_word' id='word_1_177' title='bbox 229 2051 309 2083; x_wconf 82' lang='lat' dir='ltr'>Grai,</span> <span class='ocrx_word' id='word_1_178' title='bbox 327 2053 449 2084; x_wconf 75' lang='lat' dir='ltr'>clerico,</span> <span class='ocrx_word' id='word_1_179' title='bbox 467 2054 533 2087; x_wconf 71' lang='lat' dir='ltr'>qui,</span> <span class='ocrx_word' id='word_1_180' title='bbox 552 2056 736 2082; x_wconf 74' lang='lat' dir='ltr'>scholasticis</span> <span class='ocrx_word' id='word_1_181' title='bbox 755 2057 924 2091; x_wconf 82' lang='lat' dir='ltr'>disciplinis</span> <span class='ocrx_word' id='word_1_182' title='bbox 939 2058 1089 2091; x_wconf 74' lang='lat' dir='ltr'>insistens,</span> 
     </span>
    </p>
   </div>
   <div class='ocr_carea' id='block_1_13' title="bbox 686 1993 1019 2026">
    <p class='ocr_par' dir='ltr' id='par_1_13' title="bbox 686 1993 1019 2026">
     <span class='ocr_line' id='line_1_27' title="bbox 686 1993 1019 2026; baseline 0.009 -8"><span class='ocrx_word' id='word_1_183' title='bbox 686 1993 818 2026; x_wconf 84' lang='lat' dir='ltr'>Viterbe,</span> <span class='ocrx_word' id='word_1_184' title='bbox 836 1995 851 2020; x_wconf 74' lang='lat'>7</span> <span class='ocrx_word' id='word_1_185' title='bbox 866 1994 923 2021; x_wconf 86' lang='lat' dir='ltr'>mai</span> <span class='ocrx_word' id='word_1_186' title='bbox 941 1995 1019 2021; x_wconf 67' lang='lat'>1237.</span> 
     </span>
    </p>
   </div>
   <div class='ocr_carea' id='block_1_14' title="bbox 87 2099 1090 2425">
    <p class='ocr_par' dir='ltr' id='par_1_14' title="bbox 87 2099 1090 2425">
     <span class='ocr_line' id='line_1_28' title="bbox 87 2099 1090 2135; baseline 0.009 -11"><span class='ocrx_word' id='word_1_187' title='bbox 87 2099 239 2126; x_wconf 78' lang='lat' dir='ltr'>dicebatur</span> <span class='ocrx_word' id='word_1_188' title='bbox 254 2101 443 2127; x_wconf 80' lang='lat' dir='ltr'>laudabiliter</span> <span class='ocrx_word' id='word_1_189' title='bbox 460 2103 615 2135; x_wconf 73' lang='lat' dir='ltr'>profecisse</span> <span class='ocrx_word' id='word_1_190' title='bbox 635 2104 664 2129; x_wconf 92' lang='lat' dir='ltr'>in</span> <span class='ocrx_word' id='word_1_191' title='bbox 681 2105 794 2131; x_wconf 80' lang='lat' dir='ltr'>artibus</span> <span class='ocrx_word' id='word_1_192' title='bbox 813 2108 841 2132; x_wconf 85' lang='lat' dir='ltr'>et</span> <span class='ocrx_word' id='word_1_193' title='bbox 857 2115 918 2132; x_wconf 81' lang='lat' dir='ltr'>sese</span> <span class='ocrx_word' id='word_1_194' title='bbox 932 2107 1014 2133; x_wconf 71' lang='lat' dir='ltr'>bonis</span> <span class='ocrx_word' id='word_1_195' title='bbox 1033 2116 1090 2133; x_wconf 83' lang='grc'><strong>1110-</strong></span> 
     </span>
     <span class='ocr_line' id='line_1_29' title="bbox 88 2146 1088 2187; baseline 0.011 -15"><span class='ocrx_word' id='word_1_196' title='bbox 88 2146 167 2173; x_wconf 82' lang='lat' dir='ltr'>ribus</span> <span class='ocrx_word' id='word_1_197' title='bbox 194 2148 312 2174; x_wconf 78' lang='lat' dir='ltr'>reddere</span> <span class='ocrx_word' id='word_1_198' title='bbox 333 2149 368 2174; x_wconf 82' lang='lat' dir='ltr'>ad</span> <span class='ocrx_word' id='word_1_199' title='bbox 391 2150 547 2183; x_wconf 73' lang='lat' dir='ltr'>specialem</span> <span class='ocrx_word' id='word_1_200' title='bbox 573 2152 697 2184; x_wconf 78' lang='lat' dir='ltr'>gratiam</span> <span class='ocrx_word' id='word_1_201' title='bbox 720 2153 912 2180; x_wconf 74' lang='lat' dir='ltr'>obtinendam</span> <span class='ocrx_word' id='word_1_202' title='bbox 940 2155 1088 2187; x_wconf 70' lang='lat' dir='ltr'>idoneum¹</span> 
     </span>
     <span class='ocr_line' id='line_1_30' title="bbox 87 2195 1089 2238; baseline 0.011 -18"><span class='ocrx_word' id='word_1_203' title='bbox 87 2195 234 2228; x_wconf 62' lang='lat' dir='ltr'>significat</span> <span class='ocrx_word' id='word_1_204' title='bbox 254 2205 283 2222; x_wconf 82' lang='lat' dir='ltr'>se</span> <span class='ocrx_word' id='word_1_205' title='bbox 303 2197 339 2226; x_wconf 75' lang='lat' dir='ltr'>ei,</span> <span class='ocrx_word' id='word_1_206' title='bbox 361 2198 397 2223; x_wconf 84' lang='lat' dir='ltr'>ad</span> <span class='ocrx_word' id='word_1_207' title='bbox 421 2207 519 2231; x_wconf 67' lang='lat' dir='ltr'>preces</span> <span class='ocrx_word' id='word_1_208' title='bbox 535 2201 750 2235; x_wconf 74' lang='lat' dir='ltr'>archiepiscopi</span> <span class='ocrx_word' id='word_1_209' title='bbox 774 2202 976 2235; x_wconf 62' lang='lat' dir='ltr'>Eboracensis,</span> <span class='ocrx_word' id='word_1_210' title='bbox 997 2205 1089 2238; x_wconf 80' lang='lat' dir='ltr'>ipsius</span> 
     </span>
     <span class='ocr_line' id='line_1_31' title="bbox 88 2244 1090 2283; baseline 0.012 -15"><span class='ocrx_word' id='word_1_211' title='bbox 88 2244 187 2270; x_wconf 80' lang='lat' dir='ltr'>clerici</span> <span class='ocrx_word' id='word_1_212' title='bbox 206 2245 318 2278; x_wconf 79' lang='lat' dir='ltr'>patrui,</span> <span class='ocrx_word' id='word_1_213' title='bbox 338 2246 539 2280; x_wconf 61' lang='lat' dir='ltr'>dispensative</span> <span class='ocrx_word' id='word_1_214' title='bbox 560 2250 717 2276; x_wconf 52' lang='lat' dir='ltr'>cruit-edere</span> <span class='ocrx_word' id='word_1_215' title='bbox 734 2254 780 2283; x_wconf 85' lang='lat' dir='ltr'>ut,</span> <span class='ocrx_word' id='word_1_216' title='bbox 799 2260 855 2277; x_wconf 86' lang='grc'><strong>11011</strong></span> <span class='ocrx_word' id='word_1_217' title='bbox 872 2252 1006 2279; x_wconf 67' lang='lat' dir='ltr'>obstante</span> <span class='ocrx_word' id='word_1_218' title='bbox 1020 2263 1090 2280; x_wconf 71' lang='lat' dir='ltr'>con-</span> 
     </span>
     <span class='ocr_line' id='line_1_32' title="bbox 88 2292 1090 2329; baseline 0.012 -12"><span class='ocrx_word' id='word_1_219' title='bbox 88 2292 241 2319; x_wconf 65' lang='lat' dir='ltr'>stitutione</span> <span class='ocrx_word' id='word_1_220' title='bbox 262 2294 381 2320; x_wconf 85' lang='lat' dir='ltr'>concilii</span> <span class='ocrx_word' id='word_1_221' title='bbox 405 2297 563 2329; x_wconf 69' lang='lat' dir='ltr'>generalis,</span> <span class='ocrx_word' id='word_1_222' title='bbox 586 2298 706 2324; x_wconf 88' lang='lat' dir='ltr'>unicum</span> <span class='ocrx_word' id='word_1_223' title='bbox 732 2299 906 2326; x_wconf 77' lang='lat' dir='ltr'>beneficium</span> <span class='ocrx_word' id='word_1_224' title='bbox 931 2310 996 2327; x_wconf 83' lang='lat' dir='ltr'>cum</span> <span class='ocrx_word' id='word_1_225' title='bbox 1021 2312 1090 2329; x_wconf 87' lang='lat' dir='ltr'>eura</span> 
     </span>
     <span class='ocr_line' id='line_1_33' title="bbox 87 2340 1086 2381; baseline 0.012 -16"><span class='ocrx_word' id='word_1_226' title='bbox 87 2340 252 2367; x_wconf 85' lang='lat' dir='ltr'>animarum</span> <span class='ocrx_word' id='word_1_227' title='bbox 270 2343 398 2376; x_wconf 81' lang='lat' dir='ltr'>recipere</span> <span class='ocrx_word' id='word_1_228' title='bbox 415 2345 510 2370; x_wconf 80' lang='lat' dir='ltr'>valeat</span> <span class='ocrx_word' id='word_1_229' title='bbox 526 2350 553 2371; x_wconf 81' lang='lat' dir='ltr'>et</span> <span class='ocrx_word' id='word_1_230' title='bbox 568 2346 641 2372; x_wconf 82' lang='lat' dir='ltr'>illud</span> <span class='ocrx_word' id='word_1_231' title='bbox 659 2356 725 2373; x_wconf 88' lang='lat' dir='ltr'>cum</span> <span class='ocrx_word' id='word_1_232' title='bbox 742 2348 802 2381; x_wconf 82' lang='lat' dir='ltr'>jam</span> <span class='ocrx_word' id='word_1_233' title='bbox 817 2348 935 2375; x_wconf 74' lang='lat' dir='ltr'>obtentu</span> <span class='ocrx_word' id='word_1_234' title='bbox 952 2351 1086 2378; x_wconf 72' lang='lat' dir='ltr'>retinere.</span> 
     </span>
     <span class='ocr_line' id='line_1_34' title="bbox 88 2390 710 2425; baseline 0.011 -11"><span class='ocrx_word' id='word_1_235' title='bbox 88 2403 118 2406; x_wconf 75' lang='lat'>—</span> <span class='ocrx_word' id='word_1_236' title='bbox 136 2390 381 2420; x_wconf 66' lang='lat' dir='ltr'>(1{E0.1S,f.283</span> <span class='ocrx_word' id='word_1_237' title='bbox 399 2395 439 2423; x_wconf 75' lang='grc'><strong>1·”;</strong></span> <span class='ocrx_word' id='word_1_238' title='bbox 457 2401 525 2418; x_wconf 86' lang='lat' dir='ltr'>ann.</span> <span class='ocrx_word' id='word_1_239' title='bbox 545 2394 597 2422; x_wconf 79' lang='lat' dir='ltr'>XI.</span> <span class='ocrx_word' id='word_1_240' title='bbox 615 2403 638 2420; x_wconf 78' lang='lat' dir='ltr'>c..</span> <span class='ocrx_word' id='word_1_241' title='bbox 654 2395 710 2425; x_wconf 73' lang='lat'>55.)</span> 
     </span>
    </p>
   </div>
   <div class='ocr_carea' id='block_1_15' title="bbox 85 2503 1086 2595">
    <p class='ocr_par' dir='ltr' id='par_1_15' title="bbox 85 2503 1086 2595">
     <span class='ocr_line' id='line_1_35' title="bbox 128 2503 1086 2548; baseline 0.014 -19"><span class='ocrx_word' id='word_1_242' title='bbox 128 2514 139 2528; x_wconf 82' lang='lat'>«</span> <span class='ocrx_word' id='word_1_243' title='bbox 157 2503 192 2531; x_wconf 91' lang='lat' dir='ltr'>II.</span> <span class='ocrx_word' id='word_1_244' title='bbox 213 2504 246 2531; x_wconf 80' lang='lat' dir='ltr'>de</span> <span class='ocrx_word' id='word_1_245' title='bbox 264 2504 351 2538; x_wconf 73' lang='lat' dir='ltr'>Grai,</span> <span class='ocrx_word' id='word_1_246' title='bbox 370 2506 488 2534; x_wconf 67' lang='lat' dir='ltr'>elerico.</span> <span class='ocrx_word' id='word_1_247' title='bbox 507 2507 693 2544; x_wconf 80' lang='lat' dir='ltr'>Apostolicc</span> <span class='ocrx_word' id='word_1_248' title='bbox 714 2509 807 2539; x_wconf 80' lang='lat' dir='ltr'>Sedis</span> <span class='ocrx_word' id='word_1_249' title='bbox 834 2510 1021 2548; x_wconf 73' lang='lat' dir='ltr'>benignitas</span> <span class='ocrx_word' id='word_1_250' title='bbox 1039 2531 1086 2542; x_wconf 88' lang='lat'>—.</span> 
     </span>
     <span class='ocr_line' id='line_1_36' title="bbox 85 2555 893 2595; baseline 0.011 -12"><span class='ocrx_word' id='word_1_251' title='bbox 85 2555 157 2583; x_wconf 86' lang='lat' dir='ltr'>Dat.</span> <span class='ocrx_word' id='word_1_252' title='bbox 176 2555 329 2591; x_wconf 75' lang='lat' dir='ltr'>Viterbii,</span> <span class='ocrx_word' id='word_1_253' title='bbox 349 2558 445 2587; x_wconf 80' lang='lat' dir='ltr'>nouis</span> <span class='ocrx_word' id='word_1_254' title='bbox 462 2559 550 2595; x_wconf 79' lang='lat' dir='ltr'>maii,</span> <span class='ocrx_word' id='word_1_255' title='bbox 572 2569 657 2589; x_wconf 85' lang='lat' dir='ltr'>anno</span> <span class='ocrx_word' id='word_1_256' title='bbox 673 2562 857 2592; x_wconf 71' lang='lat' dir='ltr'>undecimo</span> <span class='ocrx_word' id='word_1_257' title='bbox 882 2576 893 2589; x_wconf 71' lang='lat' dir='ltr'>n</span> 
     </span>
    </p>
   </div>
   <div class='ocr_carea' id='block_1_16' title="bbox 153 2760 1012 2799">
    <p class='ocr_par' dir='ltr' id='par_1_16' title="bbox 153 2760 1012 2799">
     <span class='ocr_line' id='line_1_37' title="bbox 153 2760 1012 2799; baseline 0.012 -13"><span class='ocrx_word' id='word_1_258' title='bbox 153 2760 270 2788; x_wconf 77' lang='lat'><strong>3638</strong></span> <span class='ocrx_word' id='word_1_259' title='bbox 660 2766 791 2799; x_wconf 87' lang='lat' dir='ltr'>Viterbe,</span> <span class='ocrx_word' id='word_1_260' title='bbox 810 2767 843 2794; x_wconf 91' lang='lat'>10</span> <span class='ocrx_word' id='word_1_261' title='bbox 860 2769 917 2795; x_wconf 88' lang='lat' dir='ltr'>mai</span> <span class='ocrx_word' id='word_1_262' title='bbox 935 2770 1012 2796; x_wconf 67' lang='lat'><strong>1237.</strong></span> 
     </span>
    </p>
   </div>
   <div class='ocr_carea' id='block_1_17' title="bbox 81 2820 1083 3009">
    <p class='ocr_par' dir='ltr' id='par_1_17' title="bbox 81 2820 1083 3009">
     <span class='ocr_line' id='line_1_38' title="bbox 117 2820 1081 2859; baseline 0.013 -14"><span class='ocrx_word' id='word_1_263' title='bbox 117 2820 259 2854; x_wconf 81' lang='lat' dir='ltr'>Episcopo</span> <span class='ocrx_word' id='word_1_264' title='bbox 280 2823 428 2855; x_wconf 63' lang='lat' dir='ltr'>sagiensi,</span> <span class='ocrx_word' id='word_1_265' title='bbox 449 2825 497 2858; x_wconf 90' lang='lat' dir='ltr'>qui</span> <span class='ocrx_word' id='word_1_266' title='bbox 518 2834 547 2851; x_wconf 81' lang='grc'>50</span> <span class='ocrx_word' id='word_1_267' title='bbox 573 2826 693 2859; x_wconf 86' lang='lat' dir='ltr'>parabat</span> <span class='ocrx_word' id='word_1_268' title='bbox 711 2827 747 2853; x_wconf 83' lang='lat' dir='ltr'>ad</span> <span class='ocrx_word' id='word_1_269' title='bbox 766 2829 894 2855; x_wconf 89' lang='lat' dir='ltr'>eundum</span> <span class='ocrx_word' id='word_1_270' title='bbox 916 2830 944 2855; x_wconf 93' lang='lat' dir='ltr'>in</span> <span class='ocrx_word' id='word_1_271' title='bbox 962 2831 1081 2858; x_wconf 80' lang='lat' dir='ltr'>Terram</span> 
     </span>
     <span class='ocr_line' id='line_1_39' title="bbox 82 2868 1082 2913; baseline 0.014 -20"><span class='ocrx_word' id='word_1_272' title='bbox 82 2868 233 2900; x_wconf 72' lang='lat' dir='ltr'>Sanctam,</span> <span class='ocrx_word' id='word_1_273' title='bbox 246 2877 296 2903; x_wconf 88' lang='lat' dir='ltr'>pro</span> <span class='ocrx_word' id='word_1_274' title='bbox 313 2870 443 2903; x_wconf 83' lang='lat' dir='ltr'>ejusdem</span> <span class='ocrx_word' id='word_1_275' title='bbox 459 2873 564 2899; x_wconf 78' lang='lat' dir='ltr'>Terrae</span> <span class='ocrx_word' id='word_1_276' title='bbox 581 2874 726 2907; x_wconf 76' lang='lat' dir='ltr'>subsidio,</span> <span class='ocrx_word' id='word_1_277' title='bbox 745 2876 776 2902; x_wconf 89' lang='lat' dir='ltr'>in</span> <span class='ocrx_word' id='word_1_278' title='bbox 793 2878 923 2909; x_wconf 83' lang='lat' dir='ltr'>generali</span> <span class='ocrx_word' id='word_1_279' title='bbox 940 2880 1082 2913; x_wconf 74' lang='lat' dir='ltr'>passagio,</span> 
     </span>
     <span class='ocr_line' id='line_1_40' title="bbox 81 2916 1083 2959; baseline 0.013 -18"><span class='ocrx_word' id='word_1_280' title='bbox 81 2916 228 2949; x_wconf 73' lang='lat' dir='ltr'>significat</span> <span class='ocrx_word' id='word_1_281' title='bbox 246 2926 274 2944; x_wconf 84' lang='lat' dir='ltr'>se</span> <span class='ocrx_word' id='word_1_282' title='bbox 295 2922 396 2945; x_wconf 77' lang='lat' dir='ltr'>votum</span> <span class='ocrx_word' id='word_1_283' title='bbox 419 2921 480 2953; x_wconf 84' lang='lat' dir='ltr'>ejus</span> <span class='ocrx_word' id='word_1_284' title='bbox 499 2925 526 2948; x_wconf 82' lang='lat' dir='ltr'>et</span> <span class='ocrx_word' id='word_1_285' title='bbox 548 2923 816 2957; x_wconf 77' lang='lat' dir='ltr'>crucesignatorum</span> <span class='ocrx_word' id='word_1_286' title='bbox 838 2926 987 2959; x_wconf 64' lang='lat' dir='ltr'>sagiensis</span> <span class='ocrx_word' id='word_1_287' title='bbox 1003 2928 1083 2955; x_wconf 83' lang='lat' dir='ltr'>dioe-</span> 
     </span>
     <span class='ocr_line' id='line_1_41' title="bbox 81 2964 1081 3009; baseline 0.013 -20"><span class='ocrx_word' id='word_1_288' title='bbox 81 2964 153 2990; x_wconf 77' lang='lat' dir='ltr'>cesis</span> <span class='ocrx_word' id='word_1_289' title='bbox 170 2965 219 2998; x_wconf 86' lang='lat' dir='ltr'>qui</span> <span class='ocrx_word' id='word_1_290' title='bbox 236 2974 300 2992; x_wconf 90' lang='grc'><strong>011111</strong></span> <span class='ocrx_word' id='word_1_291' title='bbox 321 2975 352 2993; x_wconf 88' lang='grc'>00</span> <span class='ocrx_word' id='word_1_292' title='bbox 371 2969 514 3001; x_wconf 81' lang='lat' dir='ltr'>proficisci</span> <span class='ocrx_word' id='word_1_293' title='bbox 540 2972 702 3004; x_wconf 76' lang='lat' dir='ltr'>voluerint,</span> <span class='ocrx_word' id='word_1_294' title='bbox 725 2973 755 2998; x_wconf 94' lang='lat' dir='ltr'>in</span> <span class='ocrx_word' id='word_1_295' title='bbox 781 2973 945 3000; x_wconf 72' lang='lat' dir='ltr'>subsidium</span> <span class='ocrx_word' id='word_1_296' title='bbox 964 2975 1081 3009; x_wconf 88' lang='lat' dir='ltr'>imperii</span> 
     </span>
    </p>
   </div>
   <div class='ocr_carea' id='block_1_18' title="bbox 1125 2092 1135 2960">
    <p class='ocr_par' dir='ltr' id='par_1_18' title="bbox 1125 2092 1135 2960">
     <span class='ocr_line' id='line_1_42' title="bbox 1125 2092 1135 2960; baseline 0 0"><span class='ocrx_word' id='word_1_297' title='bbox 1125 2092 1135 2960; x_wconf 95' lang='lat' dir='ltr'> </span> 
     </span>
    </p>
   </div>
   <div class='ocr_carea' id='block_1_19' title="bbox 1182 378 2188 562">
    <p class='ocr_par' dir='ltr' id='par_1_19' title="bbox 1182 378 2188 562">
     <span class='ocr_line' id='line_1_43' title="bbox 1186 378 2188 418; baseline 0.007 -14"><span class='ocrx_word' id='word_1_298' title='bbox 1186 378 1348 405; x_wconf 81' lang='lat' dir='ltr'>Romaniae</span> <span class='ocrx_word' id='word_1_299' title='bbox 1374 381 1616 407; x_wconf 84' lang='lat' dir='ltr'>commutandum</span> <span class='ocrx_word' id='word_1_300' title='bbox 1643 382 1821 415; x_wconf 78' lang='lat' dir='ltr'>providisse;</span> <span class='ocrx_word' id='word_1_301' title='bbox 1848 392 1913 409; x_wconf 91' lang='lat' dir='ltr'>eum</span> <span class='ocrx_word' id='word_1_302' title='bbox 1938 387 2019 417; x_wconf 76' lang='lat' dir='ltr'>rogat</span> <span class='ocrx_word' id='word_1_303' title='bbox 2044 388 2188 418; x_wconf 83' lang='lat' dir='ltr'>quatenus</span> 
     </span>
     <span class='ocr_line' id='line_1_44' title="bbox 1184 427 2188 466; baseline 0.008 -14"><span class='ocrx_word' id='word_1_304' title='bbox 1184 434 1249 452; x_wconf 88' lang='lat' dir='ltr'>cum</span> <span class='ocrx_word' id='word_1_305' title='bbox 1267 427 1334 453; x_wconf 77' lang='lat' dir='ltr'>aliis</span> <span class='ocrx_word' id='word_1_306' title='bbox 1351 428 1481 460; x_wconf 84' lang='lat' dir='ltr'>ejusdcm</span> <span class='ocrx_word' id='word_1_307' title='bbox 1497 429 1637 455; x_wconf 69' lang='grc'><strong>1110000515</strong></span> <span class='ocrx_word' id='word_1_308' title='bbox 1654 431 1756 457; x_wconf 85' lang='lat' dir='ltr'>saltem</span> <span class='ocrx_word' id='word_1_309' title='bbox 1777 431 1806 457; x_wconf 93' lang='lat' dir='ltr'>in</span> <span class='ocrx_word' id='word_1_310' title='bbox 1823 432 1928 458; x_wconf 84' lang='lat' dir='ltr'>martio</span> <span class='ocrx_word' id='word_1_311' title='bbox 1945 433 2078 466; x_wconf 79' lang='lat' dir='ltr'>proximo</span> <span class='ocrx_word' id='word_1_312' title='bbox 2091 434 2188 460; x_wconf 84' lang='lat' dir='ltr'>futuro</span> 
     </span>
     <span class='ocr_line' id='line_1_45' title="bbox 1182 474 2187 513; baseline 0.009 -14"><span class='ocrx_word' id='word_1_313' title='bbox 1182 474 1217 500; x_wconf 86' lang='lat' dir='ltr'>ad</span> <span class='ocrx_word' id='word_1_314' title='bbox 1238 475 1293 500; x_wconf 88' lang='lat' dir='ltr'>iter</span> <span class='ocrx_word' id='word_1_315' title='bbox 1313 484 1342 501; x_wconf 76' lang='grc'>50</span> <span class='ocrx_word' id='word_1_316' title='bbox 1364 476 1514 509; x_wconf 68' lang='lat' dir='ltr'>accingat,</span> <span class='ocrx_word' id='word_1_317' title='bbox 1536 477 1620 511; x_wconf 82' lang='lat' dir='ltr'>eique</span> <span class='ocrx_word' id='word_1_318' title='bbox 1645 481 1673 504; x_wconf 85' lang='lat' dir='ltr'>ct</span> <span class='ocrx_word' id='word_1_319' title='bbox 1692 478 1800 505; x_wconf 85' lang='lat' dir='ltr'>eisdem</span> <span class='ocrx_word' id='word_1_320' title='bbox 1824 480 2034 513; x_wconf 72' lang='lat' dir='ltr'>crucesignatis</span> <span class='ocrx_word' id='word_1_321' title='bbox 2055 481 2187 508; x_wconf 83' lang='lat' dir='ltr'>diversas</span> 
     </span>
     <span class='ocr_line' id='line_1_46' title="bbox 1182 522 2187 562; baseline 0.009 -14"><span class='ocrx_word' id='word_1_322' title='bbox 1182 522 1383 556; x_wconf 69' lang='lat' dir='ltr'>indulgentias</span> <span class='ocrx_word' id='word_1_323' title='bbox 1400 525 1550 557; x_wconf 62' lang='lat' dir='ltr'>elargitur.</span> <span class='ocrx_word' id='word_1_324' title='bbox 1569 541 1599 543; x_wconf 97' lang='lat'><strong>—</strong></span> <span class='ocrx_word' id='word_1_325' title='bbox 1617 527 1703 557; x_wconf 69' lang='lat' dir='ltr'>(Rau.</span> <span class='ocrx_word' id='word_1_326' title='bbox 1721 527 1764 557; x_wconf 80' lang='lat'>18.</span> <span class='ocrx_word' id='word_1_327' title='bbox 1783 529 1802 554; x_wconf 88' lang='lat' dir='ltr'>f.</span> <span class='ocrx_word' id='word_1_328' title='bbox 1818 528 1868 554; x_wconf 79' lang='lat'>283</span> <span class='ocrx_word' id='word_1_329' title='bbox 1885 532 1921 560; x_wconf 84' lang='lat' dir='ltr'>r‘¹;</span> <span class='ocrx_word' id='word_1_330' title='bbox 1940 537 2008 555; x_wconf 87' lang='lat' dir='ltr'>ann.</span> <span class='ocrx_word' id='word_1_331' title='bbox 2024 529 2076 562; x_wconf 83' lang='lat' dir='ltr'>XI,</span> <span class='ocrx_word' id='word_1_332' title='bbox 2092 538 2115 556; x_wconf 88' lang='lat' dir='ltr'>c.</span> <span class='ocrx_word' id='word_1_333' title='bbox 2129 530 2187 560; x_wconf 84' lang='lat'>56.)</span> 
     </span>
    </p>
   </div>
   <div class='ocr_carea' id='block_1_20' title="bbox 1168 632 2187 2885">
    <p class='ocr_par' dir='ltr' id='par_1_20' title="bbox 1168 632 2187 2885">
     <span class='ocr_line' id='line_1_47' title="bbox 1224 632 2187 670; baseline 0.011 -15"><span class='ocrx_word' id='word_1_334' title='bbox 1224 642 1235 655; x_wconf 83' lang='lat'>«</span> <span class='ocrx_word' id='word_1_335' title='bbox 1265 653 1284 658; x_wconf 90' lang='lat'>..</span> <span class='ocrx_word' id='word_1_336' title='bbox 1314 632 1447 668; x_wconf 77' lang='lat' dir='ltr'>episcopo</span> <span class='ocrx_word' id='word_1_337' title='bbox 1472 633 1623 668; x_wconf 69' lang='lat' dir='ltr'>Snyiensi.</span> <span class='ocrx_word' id='word_1_338' title='bbox 1648 633 1835 670; x_wconf 87' lang='lat' dir='ltr'>Inspirante</span> <span class='ocrx_word' id='word_1_339' title='bbox 1861 635 1919 663; x_wconf 82' lang='lat' dir='ltr'>tihi</span> <span class='ocrx_word' id='word_1_340' title='bbox 1949 635 2056 665; x_wconf 83' lang='lat' dir='ltr'>Patris</span> <span class='ocrx_word' id='word_1_341' title='bbox 2081 637 2187 666; x_wconf 82' lang='lat' dir='ltr'>eterni</span> 
     </span>
     <span class='ocr_line' id='line_1_48' title="bbox 1183 682 2187 722; baseline 0.008 -12"><span class='ocrx_word' id='word_1_342' title='bbox 1183 682 1277 715; x_wconf 78' lang='lat' dir='ltr'>Filio,</span> <span class='ocrx_word' id='word_1_343' title='bbox 1302 683 1433 720; x_wconf 76' lang='lat' dir='ltr'>signum</span> <span class='ocrx_word' id='word_1_344' title='bbox 1455 684 1562 713; x_wconf 85' lang='lat' dir='ltr'>crucis</span> <span class='ocrx_word' id='word_1_345' title='bbox 1586 694 1642 722; x_wconf 91' lang='lat' dir='ltr'>pro</span> <span class='ocrx_word' id='word_1_346' title='bbox 1664 686 1762 715; x_wconf 85' lang='lat' dir='ltr'>Terre</span> <span class='ocrx_word' id='word_1_347' title='bbox 1787 687 1904 716; x_wconf 82' lang='lat' dir='ltr'>Sancte</span> <span class='ocrx_word' id='word_1_348' title='bbox 1922 688 2081 722; x_wconf 79' lang='lat' dir='ltr'>subsidio,</span> <span class='ocrx_word' id='word_1_349' title='bbox 2102 689 2187 718; x_wconf 85' lang='lat' dir='ltr'>sicut</span> 
     </span>
     <span class='ocr_line' id='line_1_49' title="bbox 1181 734 2186 778; baseline 0.009 -16"><span class='ocrx_word' id='word_1_350' title='bbox 1181 734 1321 765; x_wconf 73' lang='lat' dir='ltr'>letantes</span> <span class='ocrx_word' id='word_1_351' title='bbox 1335 736 1534 766; x_wconf 81' lang='lat' dir='ltr'>audivimus.</span> <span class='ocrx_word' id='word_1_352' title='bbox 1549 738 1720 775; x_wconf 80' lang='lat' dir='ltr'>accepisti:</span> <span class='ocrx_word' id='word_1_353' title='bbox 1737 742 1778 773; x_wconf 81' lang='lat' dir='ltr'>et,</span> <span class='ocrx_word' id='word_1_354' title='bbox 1796 748 1995 778; x_wconf 83' lang='lat' dir='ltr'>quamquam</span> <span class='ocrx_word' id='word_1_355' title='bbox 2009 742 2186 771; x_wconf 78' lang='lat' dir='ltr'>affectuose</span> 
     </span>
     <span class='ocr_line' id='line_1_50' title="bbox 1181 787 2186 830; baseline 0.008 -15"><span class='ocrx_word' id='word_1_356' title='bbox 1181 787 1355 824; x_wconf 87' lang='lat' dir='ltr'>deposcere</span> <span class='ocrx_word' id='word_1_357' title='bbox 1384 789 1578 819; x_wconf 81' lang='lat' dir='ltr'>deberemus</span> <span class='ocrx_word' id='word_1_358' title='bbox 1602 795 1647 825; x_wconf 70' lang='lat' dir='ltr'>ut,</span> <span class='ocrx_word' id='word_1_359' title='bbox 1677 791 1762 820; x_wconf 80' lang='lat' dir='ltr'>sicut</span> <span class='ocrx_word' id='word_1_360' title='bbox 1785 791 1914 821; x_wconf 89' lang='lat' dir='ltr'>virilius</span> <span class='ocrx_word' id='word_1_361' title='bbox 1936 802 2061 830; x_wconf 82' lang='lat' dir='ltr'>posses,</span> <span class='ocrx_word' id='word_1_362' title='bbox 2090 797 2120 823; x_wconf 86' lang='lat' dir='ltr'>te</span> <span class='ocrx_word' id='word_1_363' title='bbox 2146 794 2186 823; x_wconf 85' lang='lat' dir='ltr'>ad</span> 
     </span>
     <span class='ocr_line' id='line_1_51' title="bbox 1181 841 2180 883; baseline 0.008 -15"><span class='ocrx_word' id='word_1_364' title='bbox 1181 841 1326 869; x_wconf 90' lang='lat' dir='ltr'>eundum</span> <span class='ocrx_word' id='word_1_365' title='bbox 1342 841 1419 870; x_wconf 87' lang='lat' dir='ltr'>illuc</span> <span class='ocrx_word' id='word_1_366' title='bbox 1440 842 1472 870; x_wconf 91' lang='lat' dir='ltr'>in</span> <span class='ocrx_word' id='word_1_367' title='bbox 1495 843 1642 879; x_wconf 71' lang='lat' dir='ltr'>generali</span> <span class='ocrx_word' id='word_1_368' title='bbox 1657 845 1810 882; x_wconf 77' lang='lat' dir='ltr'>passagio</span> <span class='ocrx_word' id='word_1_369' title='bbox 1833 854 2042 883; x_wconf 78' lang='lat' dir='ltr'>preparares,</span> <span class='ocrx_word' id='word_1_370' title='bbox 2063 851 2180 883; x_wconf 81' lang='lat' dir='ltr'>tamen,</span> 
     </span>
     <span class='ocr_line' id='line_1_52' title="bbox 1181 893 2185 935; baseline 0.007 -14"><span class='ocrx_word' id='word_1_371' title='bbox 1181 893 1259 930; x_wconf 86' lang='lat' dir='ltr'>quia</span> <span class='ocrx_word' id='word_1_372' title='bbox 1277 893 1315 923; x_wconf 91' lang='lat' dir='ltr'>de</span> <span class='ocrx_word' id='word_1_373' title='bbox 1333 894 1453 931; x_wconf 84' lang='lat' dir='ltr'>pietate</span> <span class='ocrx_word' id='word_1_374' title='bbox 1468 895 1580 924; x_wconf 88' lang='lat' dir='ltr'>divina</span> <span class='ocrx_word' id='word_1_375' title='bbox 1596 897 1792 926; x_wconf 86' lang='lat' dir='ltr'>confidimus</span> <span class='ocrx_word' id='word_1_376' title='bbox 1805 898 1891 935; x_wconf 85' lang='lat' dir='ltr'>quod</span> <span class='ocrx_word' id='word_1_377' title='bbox 1905 898 2019 927; x_wconf 84' lang='lat' dir='ltr'>utilior</span> <span class='ocrx_word' id='word_1_378' title='bbox 2030 898 2185 929; x_wconf 82' lang='lat' dir='ltr'>habearis</span> 
     </span>
     <span class='ocr_line' id='line_1_53' title="bbox 1180 945 2184 989; baseline 0.008 -16"><span class='ocrx_word' id='word_1_379' title='bbox 1180 945 1215 974; x_wconf 90' lang='lat' dir='ltr'>in</span> <span class='ocrx_word' id='word_1_380' title='bbox 1233 947 1393 975; x_wconf 83' lang='lat' dir='ltr'>Romanie</span> <span class='ocrx_word' id='word_1_381' title='bbox 1410 947 1560 985; x_wconf 85' lang='lat' dir='ltr'>imperio.</span> <span class='ocrx_word' id='word_1_382' title='bbox 1574 949 1687 979; x_wconf 88' lang='lat' dir='ltr'>multis</span> <span class='ocrx_word' id='word_1_383' title='bbox 1704 950 1974 980; x_wconf 70' lang='lat' dir='ltr'>tribulationibus</span> <span class='ocrx_word' id='word_1_384' title='bbox 1992 952 2140 989; x_wconf 68' lang='lat' dir='ltr'>fatigato,</span> <span class='ocrx_word' id='word_1_385' title='bbox 2156 953 2184 982; x_wconf 89' lang='lat' dir='ltr'>si</span> 
     </span>
     <span class='ocr_line' id='line_1_54' title="bbox 1181 998 2184 1042; baseline 0.008 -16"><span class='ocrx_word' id='word_1_386' title='bbox 1181 998 1220 1027; x_wconf 85' lang='lat' dir='ltr'>ad</span> <span class='ocrx_word' id='word_1_387' title='bbox 1236 998 1356 1036; x_wconf 89' lang='lat' dir='ltr'>ipsum,</span> <span class='ocrx_word' id='word_1_388' title='bbox 1375 999 1456 1029; x_wconf 84' lang='lat' dir='ltr'>duce</span> <span class='ocrx_word' id='word_1_389' title='bbox 1470 1000 1613 1036; x_wconf 80' lang='lat' dir='ltr'>Christo,</span> <span class='ocrx_word' id='word_1_390' title='bbox 1632 1011 1705 1031; x_wconf 89' lang='grc'><strong>011111</strong></span> <span class='ocrx_word' id='word_1_391' title='bbox 1723 1002 1827 1031; x_wconf 88' lang='lat' dir='ltr'>nobili</span> <span class='ocrx_word' id='word_1_392' title='bbox 1844 1003 1998 1032; x_wconf 78' lang='lat' dir='ltr'>comitiva</span> <span class='ocrx_word' id='word_1_393' title='bbox 2011 1005 2184 1042; x_wconf 75' lang='lat' dir='ltr'>procedere</span> 
     </span>
     <span class='ocr_line' id='line_1_55' title="bbox 1181 1052 2184 1093; baseline 0.006 -13"><span class='ocrx_word' id='word_1_394' title='bbox 1181 1060 1245 1081; x_wconf 92' lang='lat' dir='ltr'>non</span> <span class='ocrx_word' id='word_1_395' title='bbox 1264 1052 1404 1082; x_wconf 87' lang='lat' dir='ltr'>moreris</span> <span class='ocrx_word' id='word_1_396' title='bbox 1424 1062 1429 1080; x_wconf 77' lang='grc' dir='ltr'>ε</span> <span class='ocrx_word' id='word_1_397' title='bbox 1449 1057 1559 1082; x_wconf 86' lang='lat' dir='ltr'>votum</span> <span class='ocrx_word' id='word_1_398' title='bbox 1578 1058 1670 1083; x_wconf 87' lang='lat' dir='ltr'>tuum</span> <span class='ocrx_word' id='word_1_399' title='bbox 1684 1055 2031 1093; x_wconf 78' lang='lat' dir='ltr'>etcrucesignatorum</span> <span class='ocrx_word' id='word_1_400' title='bbox 2047 1061 2099 1086; x_wconf 91' lang='lat' dir='ltr'>tue</span> <span class='ocrx_word' id='word_1_401' title='bbox 2114 1057 2184 1087; x_wconf 90' lang='lat' dir='ltr'>dio-</span> 
     </span>
     <span class='ocr_line' id='line_1_56' title="bbox 1181 1105 2185 1147; baseline 0.006 -14"><span class='ocrx_word' id='word_1_402' title='bbox 1181 1105 1265 1134; x_wconf 85' lang='lat' dir='ltr'>cesis</span> <span class='ocrx_word' id='word_1_403' title='bbox 1283 1105 1339 1143; x_wconf 79' lang='lat' dir='ltr'>qui</span> <span class='ocrx_word' id='word_1_404' title='bbox 1361 1109 1466 1135; x_wconf 86' lang='lat' dir='ltr'>tecum</span> <span class='ocrx_word' id='word_1_405' title='bbox 1484 1107 1648 1144; x_wconf 81' lang='lat' dir='ltr'>proficisci</span> <span class='ocrx_word' id='word_1_406' title='bbox 1665 1107 1840 1143; x_wconf 85' lang='lat' dir='ltr'>voluerint,</span> <span class='ocrx_word' id='word_1_407' title='bbox 1861 1108 1894 1137; x_wconf 91' lang='lat' dir='ltr'>in</span> <span class='ocrx_word' id='word_1_408' title='bbox 1912 1109 2059 1147; x_wconf 83' lang='lat' dir='ltr'>ejusdem</span> <span class='ocrx_word' id='word_1_409' title='bbox 2075 1110 2185 1140; x_wconf 81' lang='lat' dir='ltr'>subsi-</span> 
     </span>
     <span class='ocr_line' id='line_1_57' title="bbox 1180 1157 2183 1199; baseline 0.006 -13"><span class='ocrx_word' id='word_1_410' title='bbox 1180 1157 1270 1186; x_wconf 87' lang='lat' dir='ltr'>dium</span> <span class='ocrx_word' id='word_1_411' title='bbox 1290 1158 1388 1195; x_wconf 72' lang='lat' dir='ltr'>digne</span> <span class='ocrx_word' id='word_1_412' title='bbox 1407 1159 1611 1196; x_wconf 69' lang='lat' dir='ltr'>providimus</span> <span class='ocrx_word' id='word_1_413' title='bbox 1629 1161 1908 1196; x_wconf 81' lang='lat' dir='ltr'>commutandum,</span> <span class='ocrx_word' id='word_1_414' title='bbox 1925 1162 2098 1199; x_wconf 75' lang='lat' dir='ltr'>presertim</span> <span class='ocrx_word' id='word_1_415' title='bbox 2111 1171 2183 1192; x_wconf 88' lang='grc'><strong>011111</strong></span> 
     </span>
     <span class='ocr_line' id='line_1_58' title="bbox 1179 1210 2184 1252; baseline 0.007 -14"><span class='ocrx_word' id='word_1_416' title='bbox 1179 1210 1419 1247; x_wconf 78' lang='lat' dir='ltr'>promotionem</span> <span class='ocrx_word' id='word_1_417' title='bbox 1445 1212 1568 1249; x_wconf 70' lang='lat' dir='ltr'>negotii</span> <span class='ocrx_word' id='word_1_418' title='bbox 1589 1213 1688 1242; x_wconf 88' lang='lat' dir='ltr'>Terre</span> <span class='ocrx_word' id='word_1_419' title='bbox 1712 1214 1830 1244; x_wconf 81' lang='lat' dir='ltr'>Sancte</span> <span class='ocrx_word' id='word_1_420' title='bbox 1855 1215 1889 1243; x_wconf 89' lang='lat' dir='ltr'>in</span> <span class='ocrx_word' id='word_1_421' title='bbox 1916 1214 1974 1244; x_wconf 90' lang='lat' dir='ltr'>hoc</span> <span class='ocrx_word' id='word_1_422' title='bbox 1996 1219 2104 1252; x_wconf 86' lang='lat' dir='ltr'>pateat</span> <span class='ocrx_word' id='word_1_423' title='bbox 2125 1215 2184 1245; x_wconf 89' lang='lat' dir='ltr'>ha-</span> 
     </span>
     <span class='ocr_line' id='line_1_59' title="bbox 1180 1262 2184 1304; baseline 0.007 -14"><span class='ocrx_word' id='word_1_424' title='bbox 1180 1262 1250 1291; x_wconf 85' lang='lat' dir='ltr'>heri</span> <span class='ocrx_word' id='word_1_425' title='bbox 1270 1263 1458 1301; x_wconf 79' lang='lat' dir='ltr'>potissime,</span> <span class='ocrx_word' id='word_1_426' title='bbox 1484 1265 1571 1302; x_wconf 79' lang='lat' dir='ltr'>quod</span> <span class='ocrx_word' id='word_1_427' title='bbox 1595 1265 1682 1294; x_wconf 86' lang='lat' dir='ltr'>idem</span> <span class='ocrx_word' id='word_1_428' title='bbox 1708 1267 1887 1304; x_wconf 86' lang='lat' dir='ltr'>Imperium</span> <span class='ocrx_word' id='word_1_429' title='bbox 1907 1267 2063 1297; x_wconf 85' lang='lat' dir='ltr'>euntibus</span> <span class='ocrx_word' id='word_1_430' title='bbox 2084 1272 2115 1297; x_wconf 88' lang='lat' dir='ltr'>et</span> <span class='ocrx_word' id='word_1_431' title='bbox 2133 1277 2184 1297; x_wconf 87' lang='lat' dir='ltr'>re-</span> 
     </span>
     <span class='ocr_line' id='line_1_60' title="bbox 1179 1315 2184 1357; baseline 0.006 -14"><span class='ocrx_word' id='word_1_432' title='bbox 1179 1315 1358 1345; x_wconf 84' lang='lat' dir='ltr'>deuntibus</span> <span class='ocrx_word' id='word_1_433' title='bbox 1375 1317 1561 1354; x_wconf 73' lang='lat' dir='ltr'>peregrinis</span> <span class='ocrx_word' id='word_1_434' title='bbox 1577 1317 1806 1356; x_wconf 87' lang='lat' dir='ltr'>multipliciter</span> <span class='ocrx_word' id='word_1_435' title='bbox 1822 1324 2020 1357; x_wconf 88' lang='lat' dir='ltr'>oportunum</span> <span class='ocrx_word' id='word_1_436' title='bbox 2041 1320 2184 1350; x_wconf 74' lang='lat' dir='ltr'>feliciter</span> 
     </span>
     <span class='ocr_line' id='line_1_61' title="bbox 1178 1368 2184 1410; baseline 0.006 -14"><span class='ocrx_word' id='word_1_437' title='bbox 1178 1368 1383 1406; x_wconf 71' lang='lat' dir='ltr'>disponatur.</span> <span class='ocrx_word' id='word_1_438' title='bbox 1418 1371 1585 1407; x_wconf 76' lang='lat' dir='ltr'>Rogamus</span> <span class='ocrx_word' id='word_1_439' title='bbox 1616 1371 1727 1410; x_wconf 86' lang='lat' dir='ltr'>itaque</span> <span class='ocrx_word' id='word_1_440' title='bbox 1758 1372 2002 1402; x_wconf 81' lang='lat' dir='ltr'>fraternitatem</span> <span class='ocrx_word' id='word_1_441' title='bbox 2033 1377 2122 1402; x_wconf 85' lang='lat' dir='ltr'>tuam</span> <span class='ocrx_word' id='word_1_442' title='bbox 2153 1378 2184 1403; x_wconf 91' lang='lat' dir='ltr'>et</span> 
     </span>
     <span class='ocr_line' id='line_1_62' title="bbox 1177 1420 2183 1464; baseline 0.006 -15"><span class='ocrx_word' id='word_1_443' title='bbox 1177 1420 1349 1450; x_wconf 83' lang='lat' dir='ltr'>hortamur</span> <span class='ocrx_word' id='word_1_444' title='bbox 1367 1424 1527 1460; x_wconf 51' lang='lat' dir='ltr'>adtente}</span> <span class='ocrx_word' id='word_1_445' title='bbox 1549 1432 1584 1452; x_wconf 87' lang='lat' dir='ltr'>ac</span> <span class='ocrx_word' id='word_1_446' title='bbox 1602 1424 1635 1452; x_wconf 94' lang='lat' dir='ltr'>in</span> <span class='ocrx_word' id='word_1_447' title='bbox 1654 1425 1884 1454; x_wconf 71' lang='lat' dir='ltr'>remissionem</span> <span class='ocrx_word' id='word_1_448' title='bbox 1900 1425 1959 1454; x_wconf 84' lang='lat' dir='ltr'>tibi</span> <span class='ocrx_word' id='word_1_449' title='bbox 1976 1425 2183 1464; x_wconf 72' lang='lat' dir='ltr'>injungimus</span> 
     </span>
     <span class='ocr_line' id='line_1_63' title="bbox 1177 1477 2182 1513; baseline 0.005 -11"><span class='ocrx_word' id='word_1_450' title='bbox 1177 1479 1385 1510; x_wconf 89' lang='lat' dir='ltr'>peccatorum</span> <span class='ocrx_word' id='word_1_451' title='bbox 1409 1480 1588 1513; x_wconf 83' lang='lat' dir='ltr'>quatenus,</span> <span class='ocrx_word' id='word_1_452' title='bbox 1608 1477 1743 1506; x_wconf 88' lang='lat' dir='ltr'>indutus</span> <span class='ocrx_word' id='word_1_453' title='bbox 1762 1478 1957 1507; x_wconf 77' lang='lat' dir='ltr'>fortitudine</span> <span class='ocrx_word' id='word_1_454' title='bbox 1975 1480 1983 1498; x_wconf 89' lang='lat'><em>¹</em></span> <span class='ocrx_word' id='word_1_455' title='bbox 2006 1487 2042 1507; x_wconf 85' lang='lat' dir='ltr'>ac</span> <span class='ocrx_word' id='word_1_456' title='bbox 2062 1478 2182 1508; x_wconf 86' lang='lat' dir='ltr'>virtute</span> 
     </span>
     <span class='ocr_line' id='line_1_64' title="bbox 1177 1527 2182 1570; baseline 0.007 -16"><span class='ocrx_word' id='word_1_457' title='bbox 1177 1527 1373 1563; x_wconf 83' lang='lat' dir='ltr'>precinctus,</span> <span class='ocrx_word' id='word_1_458' title='bbox 1397 1533 1438 1562; x_wconf 73' lang='lat' dir='ltr'>te,</span> <span class='ocrx_word' id='word_1_459' title='bbox 1462 1538 1535 1558; x_wconf 90' lang='lat' dir='ltr'>cum</span> <span class='ocrx_word' id='word_1_460' title='bbox 1561 1530 1715 1560; x_wconf 83' lang='lat' dir='ltr'>omnibus</span> <span class='ocrx_word' id='word_1_461' title='bbox 1742 1531 1888 1569; x_wconf 74' lang='lat' dir='ltr'>ejusdem</span> <span class='ocrx_word' id='word_1_462' title='bbox 1916 1531 2069 1567; x_wconf 78' lang='lat' dir='ltr'>diocesis,</span> <span class='ocrx_word' id='word_1_463' title='bbox 2100 1540 2182 1570; x_wconf 87' lang='lat' dir='ltr'>quos</span> 
     </span>
     <span class='ocr_line' id='line_1_65' title="bbox 1177 1580 2182 1622; baseline 0.005 -13"><span class='ocrx_word' id='word_1_464' title='bbox 1177 1580 1416 1611; x_wconf 79' lang='lat' dir='ltr'>exhortationis</span> <span class='ocrx_word' id='word_1_465' title='bbox 1433 1591 1524 1611; x_wconf 83' lang='lat' dir='ltr'>sacre</span> <span class='ocrx_word' id='word_1_466' title='bbox 1541 1583 1650 1612; x_wconf 82' lang='lat' dir='ltr'>studio</span> <span class='ocrx_word' id='word_1_467' title='bbox 1667 1583 1788 1613; x_wconf 84' lang='lat' dir='ltr'>habere</span> <span class='ocrx_word' id='word_1_468' title='bbox 1805 1585 1927 1622; x_wconf 88' lang='lat' dir='ltr'>poteris</span> <span class='ocrx_word' id='word_1_469' title='bbox 1946 1589 2035 1613; x_wconf 81' lang='lat' dir='ltr'>tanto</span> <span class='ocrx_word' id='word_1_470' title='bbox 2050 1585 2182 1622; x_wconf 71' lang='lat' dir='ltr'>negotio</span> 
     </span>
     <span class='ocr_line' id='line_1_66' title="bbox 1176 1635 2181 1674; baseline 0.005 -12"><span class='ocrx_word' id='word_1_471' title='bbox 1176 1639 1411 1671; x_wconf 77' lang='lat' dir='ltr'>congruentes,</span> <span class='ocrx_word' id='word_1_472' title='bbox 1431 1635 1546 1664; x_wconf 82' lang='lat' dir='ltr'>saltem</span> <span class='ocrx_word' id='word_1_473' title='bbox 1566 1635 1600 1664; x_wconf 89' lang='lat' dir='ltr'>in</span> <span class='ocrx_word' id='word_1_474' title='bbox 1619 1636 1737 1666; x_wconf 89' lang='lat' dir='ltr'>martio</span> <span class='ocrx_word' id='word_1_475' title='bbox 1761 1637 1907 1674; x_wconf 79' lang='lat' dir='ltr'>proximo</span> <span class='ocrx_word' id='word_1_476' title='bbox 1931 1637 2043 1667; x_wconf 87' lang='lat' dir='ltr'>futuro</span> <span class='ocrx_word' id='word_1_477' title='bbox 2063 1638 2102 1666; x_wconf 86' lang='lat' dir='ltr'>ad</span> <span class='ocrx_word' id='word_1_478' title='bbox 2118 1638 2181 1667; x_wconf 85' lang='lat' dir='ltr'>iter</span> 
     </span>
     <span class='ocr_line' id='line_1_67' title="bbox 1177 1687 2180 1728; baseline 0.005 -13"><span class='ocrx_word' id='word_1_479' title='bbox 1177 1687 1342 1724; x_wconf 76' lang='lat' dir='ltr'>accingas.</span> <span class='ocrx_word' id='word_1_480' title='bbox 1364 1688 1431 1717; x_wconf 84' lang='lat' dir='ltr'>Nos</span> <span class='ocrx_word' id='word_1_481' title='bbox 1454 1688 1551 1724; x_wconf 78' lang='lat' dir='ltr'>enim,</span> <span class='ocrx_word' id='word_1_482' title='bbox 1581 1692 1615 1718; x_wconf 92' lang='lat' dir='ltr'>ut</span> <span class='ocrx_word' id='word_1_483' title='bbox 1639 1689 1725 1727; x_wconf 85' lang='lat' dir='ltr'>quod</span> <span class='ocrx_word' id='word_1_484' title='bbox 1744 1698 1801 1727; x_wconf 88' lang='lat' dir='ltr'>pro</span> <span class='ocrx_word' id='word_1_485' title='bbox 1823 1689 1927 1727; x_wconf 71' lang='lat' dir='ltr'>gloria</span> <span class='ocrx_word' id='word_1_486' title='bbox 1951 1690 2180 1728; x_wconf 87' lang='lat' dir='ltr'>Redemptoris</span> 
     </span>
     <span class='ocr_line' id='line_1_68' title="bbox 1177 1739 2181 1780; baseline 0.006 -13"><span class='ocrx_word' id='word_1_487' title='bbox 1177 1743 1241 1768; x_wconf 85' lang='lat' dir='ltr'>tam</span> <span class='ocrx_word' id='word_1_488' title='bbox 1258 1739 1356 1777; x_wconf 70' lang='lat' dir='ltr'>digne</span> <span class='ocrx_word' id='word_1_489' title='bbox 1373 1740 1571 1778; x_wconf 83' lang='lat' dir='ltr'>deposcitur,</span> <span class='ocrx_word' id='word_1_490' title='bbox 1598 1741 1695 1771; x_wconf 84' lang='lat' dir='ltr'>facile</span> <span class='ocrx_word' id='word_1_491' title='bbox 1719 1742 1931 1780; x_wconf 83' lang='lat' dir='ltr'>compleatur,</span> <span class='ocrx_word' id='word_1_492' title='bbox 1951 1748 1992 1777; x_wconf 74' lang='lat' dir='ltr'>te,</span> <span class='ocrx_word' id='word_1_493' title='bbox 2014 1752 2049 1772; x_wconf 86' lang='lat' dir='ltr'>ac</span> <span class='ocrx_word' id='word_1_494' title='bbox 2066 1752 2181 1773; x_wconf 79' lang='lat' dir='ltr'>omnes</span> 
     </span>
     <span class='ocr_line' id='line_1_69' title="bbox 1176 1792 2180 1834; baseline 0.004 -13"><span class='ocrx_word' id='word_1_495' title='bbox 1176 1792 1289 1822; x_wconf 85' lang='lat' dir='ltr'>fideles</span> <span class='ocrx_word' id='word_1_496' title='bbox 1306 1799 1484 1824; x_wconf 85' lang='lat' dir='ltr'>memorate</span> <span class='ocrx_word' id='word_1_497' title='bbox 1506 1795 1648 1824; x_wconf 87' lang='lat' dir='ltr'>diocesis</span> <span class='ocrx_word' id='word_1_498' title='bbox 1667 1795 1700 1824; x_wconf 88' lang='lat' dir='ltr'>in</span> <span class='ocrx_word' id='word_1_499' title='bbox 1725 1804 1919 1825; x_wconf 73' lang='lat' dir='ltr'>succursum</span> <span class='ocrx_word' id='word_1_500' title='bbox 1945 1796 2092 1834; x_wconf 88' lang='lat' dir='ltr'>ejusdem</span> <span class='ocrx_word' id='word_1_501' title='bbox 2114 1797 2180 1825; x_wconf 90' lang='lat' dir='ltr'>Im—</span> 
     </span>
     <span class='ocr_line' id='line_1_70' title="bbox 1174 1846 2179 1883; baseline 0.004 -9"><span class='ocrx_word' id='word_1_502' title='bbox 1174 1846 1259 1883; x_wconf 91' lang='lat' dir='ltr'>perii</span> <span class='ocrx_word' id='word_1_503' title='bbox 1286 1855 1509 1883; x_wconf 48' lang='lat' dir='ltr'>processuro&amp;</span> <span class='ocrx_word' id='word_1_504' title='bbox 1537 1857 1596 1877; x_wconf 87' lang='lat' dir='ltr'>nec</span> <span class='ocrx_word' id='word_1_505' title='bbox 1623 1857 1686 1877; x_wconf 89' lang='lat' dir='ltr'>non</span> <span class='ocrx_word' id='word_1_506' title='bbox 1715 1858 1828 1878; x_wconf 91' lang='lat' dir='ltr'>eorum</span> <span class='ocrx_word' id='word_1_507' title='bbox 1855 1849 2015 1878; x_wconf 80' lang='lat' dir='ltr'>familiam</span> <span class='ocrx_word' id='word_1_508' title='bbox 2045 1854 2075 1879; x_wconf 85' lang='lat' dir='ltr'>et</span> <span class='ocrx_word' id='word_1_509' title='bbox 2096 1849 2179 1878; x_wconf 84' lang='lat' dir='ltr'>bona</span> 
     </span>
     <span class='ocr_line' id='line_1_71' title="bbox 1175 1899 2180 1938; baseline 0.005 -12"><span class='ocrx_word' id='word_1_510' title='bbox 1175 1899 1297 1932; x_wconf 82' lang='lat' dir='ltr'>omnia,</span> <span class='ocrx_word' id='word_1_511' title='bbox 1320 1899 1422 1929; x_wconf 85' lang='lat' dir='ltr'>donec</span> <span class='ocrx_word' id='word_1_512' title='bbox 1444 1900 1481 1929; x_wconf 89' lang='lat' dir='ltr'>de</span> <span class='ocrx_word' id='word_1_513' title='bbox 1501 1900 1647 1938; x_wconf 87' lang='lat' dir='ltr'>ipsorum</span> <span class='ocrx_word' id='word_1_514' title='bbox 1674 1901 1780 1930; x_wconf 86' lang='lat' dir='ltr'>reditu</span> <span class='ocrx_word' id='word_1_515' title='bbox 1808 1901 1858 1931; x_wconf 90' lang='lat' dir='ltr'>vel</span> <span class='ocrx_word' id='word_1_516' title='bbox 1881 1901 1972 1931; x_wconf 87' lang='lat' dir='ltr'>obitu</span> <span class='ocrx_word' id='word_1_517' title='bbox 1994 1902 2180 1931; x_wconf 77' lang='lat' dir='ltr'>certissime</span> 
     </span>
     <span class='ocr_line' id='line_1_72' title="bbox 1175 1952 2179 1992; baseline 0.004 -12"><span class='ocrx_word' id='word_1_518' title='bbox 1175 1956 1402 1988; x_wconf 73' lang='lat' dir='ltr'>cognoscatur,</span> <span class='ocrx_word' id='word_1_519' title='bbox 1423 1952 1484 1981; x_wconf 87' lang='grc'><strong>5111)</strong></span> <span class='ocrx_word' id='word_1_520' title='bbox 1501 1954 1703 1990; x_wconf 87' lang='lat' dir='ltr'>protectione</span> <span class='ocrx_word' id='word_1_521' title='bbox 1716 1963 1751 1983; x_wconf 85' lang='lat' dir='ltr'>ac</span> <span class='ocrx_word' id='word_1_522' title='bbox 1767 1954 1959 1984; x_wconf 79' lang='lat' dir='ltr'>defensioue</span> <span class='ocrx_word' id='word_1_523' title='bbox 1973 1954 2067 1984; x_wconf 82' lang='lat' dir='ltr'>Sedis</span> <span class='ocrx_word' id='word_1_524' title='bbox 2080 1956 2179 1992; x_wconf 86' lang='lat' dir='ltr'>Apos-</span> 
     </span>
     <span class='ocr_line' id='line_1_73' title="bbox 1176 2003 2180 2045; baseline 0.005 -13"><span class='ocrx_word' id='word_1_525' title='bbox 1176 2003 1271 2034; x_wconf 89' lang='lat' dir='ltr'>tolice</span> <span class='ocrx_word' id='word_1_526' title='bbox 1284 2004 1507 2040; x_wconf 79' lang='lat' dir='ltr'>admittentes,</span> <span class='ocrx_word' id='word_1_527' title='bbox 1522 2005 1600 2041; x_wconf 85' lang='lat' dir='ltr'>illis,</span> <span class='ocrx_word' id='word_1_528' title='bbox 1615 2015 1651 2035; x_wconf 88' lang='lat' dir='ltr'>ac</span> <span class='ocrx_word' id='word_1_529' title='bbox 1667 2006 1742 2036; x_wconf 87' lang='lat' dir='ltr'>aliis</span> <span class='ocrx_word' id='word_1_530' title='bbox 1757 2007 1825 2045; x_wconf 78' lang='lat' dir='ltr'>qui,</span> <span class='ocrx_word' id='word_1_531' title='bbox 1840 2007 1934 2044; x_wconf 81' lang='lat' dir='ltr'>juxta</span> <span class='ocrx_word' id='word_1_532' title='bbox 1946 2007 2136 2037; x_wconf 81' lang='lat' dir='ltr'>facultatem</span> <span class='ocrx_word' id='word_1_533' title='bbox 2149 2012 2180 2037; x_wconf 84' lang='lat' dir='ltr'>et</span> 
     </span>
     <span class='ocr_line' id='line_1_74' title="bbox 1175 2056 2178 2098; baseline 0.005 -14"><span class='ocrx_word' id='word_1_534' title='bbox 1175 2056 1367 2094; x_wconf 79' lang='lat' dir='ltr'>qualitatem</span> <span class='ocrx_word' id='word_1_535' title='bbox 1385 2067 1493 2094; x_wconf 81' lang='lat' dir='ltr'>suam,</span> <span class='ocrx_word' id='word_1_536' title='bbox 1517 2058 1595 2088; x_wconf 86' lang='lat' dir='ltr'>illuc</span> <span class='ocrx_word' id='word_1_537' title='bbox 1612 2059 1699 2089; x_wconf 86' lang='lat' dir='ltr'>viros</span> <span class='ocrx_word' id='word_1_538' title='bbox 1720 2059 1856 2089; x_wconf 87' lang='lat' dir='ltr'>idoneos</span> <span class='ocrx_word' id='word_1_539' title='bbox 1877 2060 1911 2088; x_wconf 88' lang='lat' dir='ltr'>in</span> <span class='ocrx_word' id='word_1_540' title='bbox 1929 2060 2081 2098; x_wconf 85' lang='lat' dir='ltr'>expensis</span> <span class='ocrx_word' id='word_1_541' title='bbox 2103 2069 2178 2098; x_wconf 91' lang='lat' dir='ltr'>pro-</span> 
     </span>
     <span class='ocr_line' id='line_1_75' title="bbox 1174 2109 2179 2150; baseline 0.005 -13"><span class='ocrx_word' id='word_1_542' title='bbox 1174 2109 1256 2146; x_wconf 89' lang='lat' dir='ltr'>priis</span> <span class='ocrx_word' id='word_1_543' title='bbox 1279 2110 1433 2139; x_wconf 77' lang='lat' dir='ltr'>duxerint</span> <span class='ocrx_word' id='word_1_544' title='bbox 1455 2111 1684 2147; x_wconf 83' lang='lat' dir='ltr'>destinandos,</span> <span class='ocrx_word' id='word_1_545' title='bbox 1706 2121 1765 2141; x_wconf 86' lang='lat' dir='ltr'>nec</span> <span class='ocrx_word' id='word_1_546' title='bbox 1780 2121 1845 2142; x_wconf 92' lang='lat' dir='ltr'>non</span> <span class='ocrx_word' id='word_1_547' title='bbox 1868 2112 1936 2141; x_wconf 89' lang='lat' dir='ltr'>illis</span> <span class='ocrx_word' id='word_1_548' title='bbox 1959 2112 2015 2150; x_wconf 84' lang='lat' dir='ltr'>qui</span> <span class='ocrx_word' id='word_1_549' title='bbox 2041 2113 2081 2142; x_wconf 88' lang='lat' dir='ltr'>ad</span> <span class='ocrx_word' id='word_1_550' title='bbox 2100 2112 2179 2142; x_wconf 80' lang='lat' dir='ltr'>sul)-</span> 
     </span>
     <span class='ocr_line' id='line_1_76' title="bbox 1174 2162 2178 2204; baseline 0.005 -14"><span class='ocrx_word' id='word_1_551' title='bbox 1174 2162 1361 2191; x_wconf 87' lang='lat' dir='ltr'>ventionem</span> <span class='ocrx_word' id='word_1_552' title='bbox 1387 2163 1535 2193; x_wconf 87' lang='lat' dir='ltr'>fidelium</span> <span class='ocrx_word' id='word_1_553' title='bbox 1552 2165 1695 2202; x_wconf 86' lang='lat' dir='ltr'>partium</span> <span class='ocrx_word' id='word_1_554' title='bbox 1718 2165 1907 2195; x_wconf 87' lang='lat' dir='ltr'>earumdem</span> <span class='ocrx_word' id='word_1_555' title='bbox 1928 2165 1966 2195; x_wconf 84' lang='lat' dir='ltr'>de</span> <span class='ocrx_word' id='word_1_556' title='bbox 1987 2165 2082 2195; x_wconf 87' lang='lat' dir='ltr'>honis</span> <span class='ocrx_word' id='word_1_557' title='bbox 2103 2174 2178 2204; x_wconf 88' lang='lat' dir='ltr'>pro-</span> 
     </span>
     <span class='ocr_line' id='line_1_77' title="bbox 1172 2215 2177 2256; baseline 0.005 -13"><span class='ocrx_word' id='word_1_558' title='bbox 1172 2215 1254 2251; x_wconf 82' lang='lat' dir='ltr'>priis</span> <span class='ocrx_word' id='word_1_559' title='bbox 1272 2224 1415 2252; x_wconf 71' lang='lat' dir='ltr'>congrue</span> <span class='ocrx_word' id='word_1_560' title='bbox 1433 2217 1681 2251; x_wconf 76' lang='lat' dir='ltr'>ministrabunt,</span> <span class='ocrx_word' id='word_1_561' title='bbox 1697 2218 1789 2256; x_wconf 80' lang='lat' dir='ltr'>juxta</span> <span class='ocrx_word' id='word_1_562' title='bbox 1801 2218 2020 2256; x_wconf 82' lang='lat' dir='ltr'>quantitatem</span> <span class='ocrx_word' id='word_1_563' title='bbox 2035 2218 2177 2248; x_wconf 82' lang='lat' dir='ltr'>subsidii</span> 
     </span>
     <span class='ocr_line' id='line_1_78' title="bbox 1173 2268 2176 2309; baseline 0.006 -14"><span class='ocrx_word' id='word_1_564' title='bbox 1173 2271 1203 2296; x_wconf 82' lang='lat' dir='ltr'>ct</span> <span class='ocrx_word' id='word_1_565' title='bbox 1231 2268 1416 2298; x_wconf 87' lang='lat' dir='ltr'>devotionis</span> <span class='ocrx_word' id='word_1_566' title='bbox 1444 2269 1608 2304; x_wconf 77' lang='lat' dir='ltr'>affectum,</span> <span class='ocrx_word' id='word_1_567' title='bbox 1638 2270 1881 2308; x_wconf 74' lang='lat' dir='ltr'>indulgentiam</span> <span class='ocrx_word' id='word_1_568' title='bbox 1909 2276 1939 2300; x_wconf 85' lang='lat' dir='ltr'>et</span> <span class='ocrx_word' id='word_1_569' title='bbox 1964 2271 2176 2309; x_wconf 72' lang='lat' dir='ltr'>privilegium</span> 
     </span>
     <span class='ocr_line' id='line_1_79' title="bbox 1172 2323 2174 2360; baseline 0.003 -10"><span class='ocrx_word' id='word_1_570' title='bbox 1172 2330 1329 2351; x_wconf 77' lang='lat' dir='ltr'>concessa</span> <span class='ocrx_word' id='word_1_571' title='bbox 1354 2323 1608 2360; x_wconf 79' lang='lat' dir='ltr'>procedentibus</span> <span class='ocrx_word' id='word_1_572' title='bbox 1642 2324 1675 2352; x_wconf 91' lang='lat' dir='ltr'>in</span> <span class='ocrx_word' id='word_1_573' title='bbox 1701 2325 1799 2354; x_wconf 90' lang='lat' dir='ltr'>Terre</span> <span class='ocrx_word' id='word_1_574' title='bbox 1828 2325 1946 2354; x_wconf 80' lang='lat' dir='ltr'>Sancte</span> <span class='ocrx_word' id='word_1_575' title='bbox 1975 2324 2174 2359; x_wconf 81' lang='lat' dir='ltr'>subsidium,</span> 
     </span>
     <span class='ocr_line' id='line_1_80' title="bbox 1172 2375 2176 2415; baseline 0.004 -12"><span class='ocrx_word' id='word_1_576' title='bbox 1172 2375 1366 2412; x_wconf 70' lang='lat' dir='ltr'>elargimur;</span> <span class='ocrx_word' id='word_1_577' title='bbox 1400 2376 1459 2405; x_wconf 88' lang='lat' dir='ltr'>tibi</span> <span class='ocrx_word' id='word_1_578' title='bbox 1488 2377 1737 2413; x_wconf 87' lang='lat' dir='ltr'>nichilominus,</span> <span class='ocrx_word' id='word_1_579' title='bbox 1766 2382 1802 2407; x_wconf 88' lang='lat' dir='ltr'>ut</span> <span class='ocrx_word' id='word_1_580' title='bbox 1827 2377 1866 2406; x_wconf 82' lang='lat' dir='ltr'>ad</span> <span class='ocrx_word' id='word_1_581' title='bbox 1895 2378 2058 2415; x_wconf 86' lang='lat' dir='ltr'>premissa</span> <span class='ocrx_word' id='word_1_582' title='bbox 2086 2381 2176 2407; x_wconf 83' lang='lat' dir='ltr'>tanto</span> 
     </span>
     <span class='ocr_line' id='line_1_81' title="bbox 1170 2429 2175 2468; baseline 0.003 -12"><span class='ocrx_word' id='word_1_583' title='bbox 1170 2429 1351 2466; x_wconf 85' lang='lat' dir='ltr'>promptior</span> <span class='ocrx_word' id='word_1_584' title='bbox 1370 2429 1540 2463; x_wconf 70' lang='lat' dir='ltr'>habearis,</span> <span class='ocrx_word' id='word_1_585' title='bbox 1561 2434 1684 2468; x_wconf 85' lang='lat' dir='ltr'>quanto</span> <span class='ocrx_word' id='word_1_586' title='bbox 1705 2430 1862 2468; x_wconf 85' lang='lat' dir='ltr'>majorem</span> <span class='ocrx_word' id='word_1_587' title='bbox 1881 2439 1899 2459; x_wconf 89' lang='lat' dir='ltr'>a</span> <span class='ocrx_word' id='word_1_588' title='bbox 1918 2430 2012 2460; x_wconf 85' lang='lat' dir='ltr'>nobis</span> <span class='ocrx_word' id='word_1_589' title='bbox 2035 2430 2175 2467; x_wconf 80' lang='lat' dir='ltr'>gratiam</span> 
     </span>
     <span class='ocr_line' id='line_1_82' title="bbox 1171 2482 2174 2521; baseline 0.003 -12"><span class='ocrx_word' id='word_1_590' title='bbox 1171 2482 1397 2519; x_wconf 78' lang='lat' dir='ltr'>consequeris,</span> <span class='ocrx_word' id='word_1_591' title='bbox 1417 2483 1612 2512; x_wconf 88' lang='lat' dir='ltr'>auctoritate</span> <span class='ocrx_word' id='word_1_592' title='bbox 1631 2483 1836 2520; x_wconf 83' lang='lat' dir='ltr'>presentium</span> <span class='ocrx_word' id='word_1_593' title='bbox 1853 2483 2069 2512; x_wconf 84' lang='lat' dir='ltr'>concedentes</span> <span class='ocrx_word' id='word_1_594' title='bbox 2088 2482 2174 2521; x_wconf 84' lang='lat' dir='ltr'>quod</span> 
     </span>
     <span class='ocr_line' id='line_1_83' title="bbox 1171 2535 2175 2573; baseline 0.002 -11"><span class='ocrx_word' id='word_1_595' title='bbox 1171 2543 1352 2571; x_wconf 85' lang='lat' dir='ltr'>pauperum</span> <span class='ocrx_word' id='word_1_596' title='bbox 1390 2539 1420 2563; x_wconf 86' lang='lat' dir='ltr'>et</span> <span class='ocrx_word' id='word_1_597' title='bbox 1452 2535 1611 2564; x_wconf 89' lang='lat' dir='ltr'>debilium</span> <span class='ocrx_word' id='word_1_598' title='bbox 1644 2535 1950 2573; x_wconf 82' lang='lat' dir='ltr'>crucesignatorum</span> <span class='ocrx_word' id='word_1_599' title='bbox 1987 2535 2175 2573; x_wconf 85' lang='lat' dir='ltr'>supradicte</span> 
     </span>
     <span class='ocr_line' id='line_1_84' title="bbox 1171 2586 2173 2626; baseline 0.002 -11"><span class='ocrx_word' id='word_1_600' title='bbox 1171 2586 1323 2621; x_wconf 71' lang='lat' dir='ltr'>diocesis,</span> <span class='ocrx_word' id='word_1_601' title='bbox 1340 2596 1413 2616; x_wconf 89' lang='lat' dir='ltr'>cum</span> <span class='ocrx_word' id='word_1_602' title='bbox 1428 2587 1549 2625; x_wconf 82' lang='lat' dir='ltr'>quibus</span> <span class='ocrx_word' id='word_1_603' title='bbox 1568 2587 1721 2617; x_wconf 78' lang='lat' dir='ltr'>duximus</span> <span class='ocrx_word' id='word_1_604' title='bbox 1739 2587 2009 2626; x_wconf 85' lang='lat' dir='ltr'>dispensandum,</span> <span class='ocrx_word' id='word_1_605' title='bbox 2028 2591 2101 2617; x_wconf 80' lang='lat' dir='ltr'>vota</span> <span class='ocrx_word' id='word_1_606' title='bbox 2117 2596 2173 2625; x_wconf 87' lang='lat' dir='ltr'>pe·-</span> 
     </span>
     <span class='ocr_line' id='line_1_85' title="bbox 1170 2639 2173 2680; baseline 0.003 -13"><span class='ocrx_word' id='word_1_607' title='bbox 1170 2639 1407 2676; x_wconf 70' lang='lat' dir='ltr'>regriuationis</span> <span class='ocrx_word' id='word_1_608' title='bbox 1435 2640 1468 2669; x_wconf 92' lang='lat' dir='ltr'>in</span> <span class='ocrx_word' id='word_1_609' title='bbox 1503 2649 1696 2669; x_wconf 84' lang='lat' dir='ltr'>succursum</span> <span class='ocrx_word' id='word_1_610' title='bbox 1725 2641 1872 2680; x_wconf 85' lang='lat' dir='ltr'>ejusdem</span> <span class='ocrx_word' id='word_1_611' title='bbox 1900 2640 2034 2678; x_wconf 87' lang='lat' dir='ltr'>Imperii</span> <span class='ocrx_word' id='word_1_612' title='bbox 2065 2640 2173 2670; x_wconf 82' lang='lat' dir='ltr'>valeas</span> 
     </span>
     <span class='ocr_line' id='line_1_86' title="bbox 1170 2692 2173 2731; baseline 0.002 -11"><span class='ocrx_word' id='word_1_613' title='bbox 1170 2697 1389 2727; x_wconf 70' lang='lat' dir='ltr'>commutare3</span> <span class='ocrx_word' id='word_1_614' title='bbox 1414 2693 1572 2722; x_wconf 86' lang='lat' dir='ltr'>attentius</span> <span class='ocrx_word' id='word_1_615' title='bbox 1593 2693 1787 2731; x_wconf 86' lang='lat' dir='ltr'>provisurus</span> <span class='ocrx_word' id='word_1_616' title='bbox 1812 2697 1848 2722; x_wconf 88' lang='lat' dir='ltr'>ut</span> <span class='ocrx_word' id='word_1_617' title='bbox 1871 2692 1968 2727; x_wconf 87' lang='lat' dir='ltr'>illuc,</span> <span class='ocrx_word' id='word_1_618' title='bbox 1992 2693 2077 2722; x_wconf 88' lang='lat' dir='ltr'>sicut</span> <span class='ocrx_word' id='word_1_619' title='bbox 2099 2701 2173 2730; x_wconf 88' lang='lat' dir='ltr'>pre-</span> 
     </span>
     <span class='ocr_line' id='line_1_87' title="bbox 1169 2744 2174 2784; baseline 0.002 -11"><span class='ocrx_word' id='word_1_620' title='bbox 1169 2744 1323 2779; x_wconf 79' lang='lat' dir='ltr'>diximus,</span> <span class='ocrx_word' id='word_1_621' title='bbox 1352 2745 1385 2773; x_wconf 92' lang='lat' dir='ltr'>in</span> <span class='ocrx_word' id='word_1_622' title='bbox 1414 2745 1562 2782; x_wconf 83' lang='lat' dir='ltr'>proximo</span> <span class='ocrx_word' id='word_1_623' title='bbox 1587 2746 1698 2775; x_wconf 86' lang='lat' dir='ltr'>futuro</span> <span class='ocrx_word' id='word_1_624' title='bbox 1723 2746 1841 2775; x_wconf 86' lang='lat' dir='ltr'>martio</span> <span class='ocrx_word' id='word_1_625' title='bbox 1873 2746 2033 2780; x_wconf 85' lang='lat' dir='ltr'>transire,</span> <span class='ocrx_word' id='word_1_626' title='bbox 2061 2745 2174 2784; x_wconf 87' lang='lat' dir='ltr'>previa</span> 
     </span>
     <span class='ocr_line' id='line_1_88' title="bbox 1169 2796 2173 2836; baseline 0.002 -11"><span class='ocrx_word' id='word_1_627' title='bbox 1169 2796 1348 2826; x_wconf 82' lang='lat' dir='ltr'>Salvatoris</span> <span class='ocrx_word' id='word_1_628' title='bbox 1364 2798 1480 2834; x_wconf 77' lang='lat' dir='ltr'>gratia,</span> <span class='ocrx_word' id='word_1_629' title='bbox 1500 2806 1564 2827; x_wconf 88' lang='lat' dir='ltr'>non</span> <span class='ocrx_word' id='word_1_630' title='bbox 1582 2802 1769 2836; x_wconf 85' lang='lat' dir='ltr'>postponas.</span> <span class='ocrx_word' id='word_1_631' title='bbox 1783 2799 1854 2827; x_wconf 87' lang='lat' dir='ltr'>Dat.</span> <span class='ocrx_word' id='word_1_632' title='bbox 1870 2797 2024 2833; x_wconf 79' lang='lat' dir='ltr'>Viterhii,</span> <span class='ocrx_word' id='word_1_633' title='bbox 2041 2799 2086 2828; x_wconf 92' lang='lat' dir='ltr'>VI</span> <span class='ocrx_word' id='word_1_634' title='bbox 2097 2797 2173 2827; x_wconf 81' lang='lat' dir='ltr'>idus</span> 
     </span>
     <span class='ocr_line' id='line_1_89' title="bbox 1168 2850 1600 2885; baseline 0.002 -7"><span class='ocrx_word' id='word_1_635' title='bbox 1168 2850 1256 2885; x_wconf 82' lang='lat' dir='ltr'>maii,</span> <span class='ocrx_word' id='word_1_636' title='bbox 1277 2859 1363 2879; x_wconf 86' lang='lat' dir='ltr'>anno</span> <span class='ocrx_word' id='word_1_637' title='bbox 1381 2850 1567 2880; x_wconf 87' lang='lat' dir='ltr'>undecimo.</span> <span class='ocrx_word' id='word_1_638' title='bbox 1588 2863 1600 2876; x_wconf 88' lang='lat'>»</span> 
     </span>
    </p>
   </div>
   <div class='ocr_carea' id='block_1_21' title="bbox 1198 2982 1519 3011">
    <p class='ocr_par' dir='ltr' id='par_1_21' title="bbox 1198 2982 1519 3011">
     <span class='ocr_line' id='line_1_90' title="bbox 1198 2982 1519 3011; baseline 0 -6"><span class='ocrx_word' id='word_1_639' title='bbox 1198 2983 1218 3005; x_wconf 86' lang='lat' dir='ltr'>i.</span> <span class='ocrx_word' id='word_1_640' title='bbox 1235 2982 1276 3006; x_wconf 86' lang='lat' dir='ltr'>Cf.</span> <span class='ocrx_word' id='word_1_641' title='bbox 1295 2983 1375 3006; x_wconf 67' lang='lat' dir='ltr'>Psn..</span> <span class='ocrx_word' id='word_1_642' title='bbox 1393 2982 1480 3011; x_wconf 74' lang='lat' dir='ltr'>XCII,</span> <span class='ocrx_word' id='word_1_643' title='bbox 1499 2982 1519 3006; x_wconf 90' lang='lat'>1.</span> 
     </span>
    </p>
   </div>
  </div>
 </body>
</html>
