2423 3487
193 327 261 356 1007
910 317 1147 350 REGISTRES
1169 316 1223 345 DE
1247 308 1468 345 GREGomE
1492 315 1549 344 ix.
2204 309 2280 338 1008

191 393 263 422 aliis
276 401 372 430 quam
386 389 597 420 monasteriis
612 396 788 426 regnorum
806 385 949 417 Castelle
964 389 993 415 et
1011 382 1192 431 Legionfis]

191 445 244 474 ubi
260 443 460 473 commodius
479 441 629 479 expedire
644 439 779 473 videris,
794 438 897 468 facias
913 437 1035 467 decano
1047 435 1194 474 predicto

189 502 219 526 vt
249 497 328 531 suis,
361 495 490 525 clericis
514 498 543 523 et
574 492 681 527 laicis,
712 491 976 530 persecutionem
1005 487 1194 528 hujusmodi

190 548 401 587 patientibus.
420 546 643 585 provisionem
665 544 834 574 decentem
853 547 881 572 et
903 549 1093 579 congruam,
1112 539 1195 569 dila-

192 602 277 631 tione
301 610 336 629 ac
359 598 567 629 excusatione
584 596 802 631 cessantibus,
825 596 938 630 donec,
966 592 1194 632 persecutione

191 655 260 692 ipsa
285 658 444 685 cessante,
468 651 638 689 pacificam
661 648 906 687 possessionem
931 646 1115 676 ablatorum
1136 644 1195 674 ha-

191 706 333 736 buerint.
353 704 528 742 assignari,
548 712 583 733 ac
602 725 621 731 ..
642 701 847 740 procuratori
871 700 987 730 decani
1004 697 1194 737 hujusmodi

194 759 358 795 negotium
387 755 599 795 prosequenti
626 755 660 783 in
687 753 839 792 expensis
863 751 1063 782 necessariis
1086 750 1196 789 provi—

193 811 260 841 ·leri
285 827 330 839 —.
365 809 529 847 Quicquid
551 812 660 837 autem
683 806 760 836 inde
784 805 920 840 feceris,
946 804 1042 834 nobis
1063 802 1195 833 studeas

195 863 257 893 tuis
280 863 399 892 litteris
422 861 561 891 fideliter
577 859 743 889 intimare.
761 860 833 888 Dat.
853 857 1019 892 Laterani,
1039 857 1071 886 II
1092 864 1196 886 nonas

195 916 284 946 maii.
309 923 394 944 anno
416 913 617 944 duodecimo.
639 924 651 938 υ

263 1086 380 1114 4334
790 1085 911 1110 Latran.
926 1083 954 1109 11
975 1082 1032 1108 mai
1049 1081 1125 1108 1238.

229 1150 386 1181 Agamem.
397 1148 537 1174 ancillam
551 1147 663 1174 Christi
673 1153 690 1173 ¹.
702 1154 774 1180 quae
788 1145 857 1172 §edi
871 1144 1058 1178 Apostolicae
1074 1145 1196 1169 {ormam

196 1197 275 1223 vitae
291 1197 453 1222 conlectam
474 1204 508 1222 ex
526 1196 651 1221 torritula
672 1194 752 1220 vitae
770 1203 784 1220 a
807 1194 890 1219 beato
908 1192 1063 1219 Francisco
1081 1194 1200 1218 sanctae

195 1247 309 1274 Clarae.
338 1245 502 1271 abbatissae
530 1243 700 1270 monasterii
726 1243 827 1269 samii
852 1241 991 1268 Damiani
1015 1241 1050 1266 ‹le
1074 1239 1198 1269 Assisio,

196 1294 314 1322 tradita.
331 1298 359 1319 et
377 1301 410 1319 cx
428 1293 602 1326 quibusdam
621 1291 760 1325 capitulis
777 1299 849 1324 quat·
867 1290 895 1315 in
917 1289 1029 1315 ordinis
1046 1288 1122 1315 beati
1140 1289 1199 1315 Da-

197 1342 288 1369 miani
307 1343 405 1375 regula
423 1341 659 1367 continebantur.
677 1340 712 1366 ad
734 1339 968 1365 confirmandum
986 1338 1198 1367 destinaverat,

195 1391 231 1418 ab
253 1390 438 1417 observantia
461 1389 626 1423 praedictae
650 1388 793 1414 formulae
814 1387 951 1417 absolvit,
977 1386 1061 1419 eique
1079 1385 1199 1412 mandat

196 1442 340 1473 quatenus
357 1438 485 1470 regulam
508 1445 593 1471 quam
615 1437 639 1462 ei
657 1436 710 1463 sub
729 1445 778 1462 sua
796 1436 875 1462 bulla
899 1434 1088 1465 transmittit,
1106 1433 1199 1460 susci-

198 1488 257 1522 piat
285 1491 313 1514 ct
334 1487 363 1513 in
386 1486 562 1513 monasterio
589 1494 639 1512 suo
661 1485 767 1511 futuris
794 1484 975 1518 temporibus
996 1483 1140 1510 observet.
1166 1497 1198 1500 —

197 1538 282 1569 (Rea.
310 1536 350 1567 19,
370 1536 387 1561 f.
411 1535 443 1561 16
460 1538 496 1565 ῐ·”;
519 1543 587 1561 ann.
604 1534 670 1566 XII,
693 1542 717 1559 c.
735 1533 785 1564 883
804 1547 834 1550 —
850 1531 1128 1562 Po·r†11.›tsr10596.)

237 1648 251 1663 ι
269 1637 386 1673 Ayneli,
406 1636 516 1664 ancille
533 1636 645 1664 Christi
663 1639 687 1663 et
707 1635 833 1671 qloriose
855 1634 988 1670 Virqiuis
1006 1634 1037 1661 in
1056 1633 1199 1661 mulieri—

199 1691 251 1719 bus
271 1689 428 1718 benedicte.
454 1687 590 1725 Angelis
621 1687 776 1725 gaudium
802 1691 831 1716 et
856 1704 902 1715 —.
931 1687 1004 1715 Dat.
1032 1685 1196 1721 Laterani,

201 1741 315 1772 Vidus
334 1741 424 1775 maii,
443 1749 528 1770 anno
542 1739 745 1769 duodecimo.
764 1751 776 1765 r>

268 1913 385 1941 4335

235 1976 388 2003 Eauulem.
407 1974 490 2009 [quac
507 1983 613 2001 munus
627 1974 792 2001 abbatissae
807 1978 868 2007 post
886 1973 1049 1999 triennium
1072 1972 1202 2006 resigna—

812 1911 932 1938 Latran.
947 1910 962 1936 9
978 1910 1034 1937 mai
1050 1910 1128 1937 1238.

199 2024 304 2058 veratss
323 2024 483 2058 plurimum
506 2023 604 2049 laudat
622 2027 648 2049 et
665 2023 701 2049 ad
717 2022 846 2048 excelsas
863 2021 988 2048 virtutos
1009 2021 1202 2055 capessendas

200 2074 319 2099 invitat.
344 2087 374 2090 —
400 2073 486 2103 (Ιίεο.
508 2072 550 2104 19,
578 2073 597 2098 f.
622 2072 654 2097 16
677 2074 721 2102 v⁶3
747 2078 816 2097 aun.
846 2070 912 2101 XII,
941 2081 965 2096 c.
991 2070 1038 2101 892
1066 2085 1097 2088 —
1126 2070 1202 2097 Por-

200 2130 293 2149 Tmtsi·
309 2121 417 2151 10595.)

245 2234 257 2246 <1
279 2221 392 2250 Eidem.
416 2221 461 2250 De
478 2220 666 2250 Conditoris
693 2219 841 2249 omnium
864 2236 912 2248 ——.
938 2220 1008 2248 Dat.
1038 2220 1201 2251 Laterani.

203 2274 264 2303 VII
282 2273 356 2301 idus
373 2272 464 2307 maii,
482 2280 567 2301 anno
584 2271 785 2301 duodecimo.
807 2282 820 2296 »

274 2444 391 2472 4336

240 2506 354 2535 Ottoni,
378 2506 478 2532 Sam-ti
496 2506 613 2532 Nic-olai
631 2506 660 2531 in
678 2507 800 2533 Cart-cre
820 2505 958 2531 Tulliano
975 2506 1098 2532 diacono
1111 2507 1204 2533 cardi-

799 2444 918 2474 Latran,
935 2444 964 2469 11
981 2444 1039 2470 mai
1054 2444 1132 2470 1238.

204 2555 275 2586 nali,
297 2554 482 2587 Apostolicae
505 2554 588 2580 ¹Sedis
608 2554 710 2587 legato,
734 2554 853 2579 mandat
875 2557 1018 2587 quau-nus
1034 2555 1202 2589 episcopum

203 2603 415 2629 (iccstrcuscui
436 2606 461 2628 ct
479 2602 651 2635 magistrum
666 2602 857 2628 XYillc-lmum
876 2602 1108 2629 Cic·cstr·crisciii2
1125 2612 1205 2630 com-

234 2717 254 2741 1.
272 2716 291 2739 11
309 2716 396 2746 s'agit,
413 2716 480 2739 dans
499 2720 569 2739 cette
585 2717 657 2739 bulle
675 2721 701 2739 et
720 2716 787 2739 dans
802 2717 826 2739 la
843 2717 914 2739 bulle
932 2717 1068 2746 smmum,
1085 2718 1203 2748 &Agnes

201 2761 234 2784 de
261 2760 389 2787 Boheme,
412 2761 465 2783 fille
494 2760 529 2783 du
556 2761 595 2783 roi
623 2760 737 2783 Ottokar
759 2760 778 2785 1.
801 2761 912 2784 clai-isse
937 2768 969 2783 au
992 2762 1145 2786 monastere
1171 2763 1203 2785 110

202 2805 427 2835 Satur-Franqois
442 2805 474 2827 de
490 2805 605 2834 Prague,
616 2806 662 2834 qui
679 2805 774 2835 figure,
792 2806 845 2828 soit
863 2812 928 2828 sous
938 2812 987 2828 son
998 2812 1059 2829 noni
1075 2806 1202 2837 tl'Agncs,

200 2849 253 2872 soit
274 2849 424 2871 seulement
445 2855 509 2871 avec
530 2856 580 2871 son
603 2849 666 2872 titre
691 2849 842 2875 d'abbesse,
868 2849 934 2872 ditus
958 2850 997 2872 les
1020 2849 1110 2879 pie-ces
1133 2850 1203 2880 2071,

200 2892 269 2922 2072,
290 2892 358 2921 was,
379 2893 449 2919 2694,
471 2892 541 2921 3601,
563 2892 632 2919 3603,
649 2893 718 2921 4282,
737 2892 797 2916 4283
818 2896 845 2916 et
865 2893 923 2916 4322
941 2892 973 2916 de
990 2900 1040 2917 nos
1057 2896 1201 2924 lseyistres.

229 2935 252 2959 2.
267 2935 338 2960 C'est
355 2936 378 2958 le
395 2942 565 2966 personnage
582 2937 628 2966 qui
648 2940 689 2959 est
705 2936 801 2966 appele
817 2944 827 2958 α
844 2936 1001 2960 willelmus
1017 2937 1050 2960 (le
1068 2937 1173 2962 Nevilla
1190 2948 1201 2961 n

201 2980 268 3003 dans
282 2979 306 3002 la
323 2978 398 3009 picce
415 2979 458 3002 575
474 2979 506 3002 de
523 2986 573 3002 nos
590 2981 737 3009 Reqistres.

1278 382 1368 415 pellat
1385 385 1416 408 ut
1432 381 1581 413 Alatrino,
1603 380 1696 414 ipsius
1715 387 1807 414 papae
1823 378 2002 405 subdiacono
2015 381 2043 405 et
2060 378 2223 412 capellano,
2240 378 2289 403 re*

1277 429 1402 456 stituant
1420 429 1634 456 thesaurariam
1651 427 1969 461 Cicesti'ciise1113qiiod
1978 426 2002 453 si
2019 426 2191 453 mandatum
2204 433 2287 459 apos-

1278 478 1400 504 tolic-um
1436 477 1555 511 exsequi
1591 476 1759 508 noluerint,
1793 475 1854 509 ipse
1886 477 2101 509 procuratorem
2142 473 2286 508 praedicti

1278 526 1409 553 Alatrini
1426 526 1454 552 in
1471 525 1602 559 ejusdem
1621 524 1822 551 thesaurariae
1834 523 2044 558 possessionem
2061 523 2182 549 inducat
2199 524 2227 548 et
2243 521 2289 548 in-

1278 575 1398 601 ductum
1418 577 1544 601 tueatur.
1565 589 1596 592 -
1621 574 1707 605 (Rau.
1734 573 1778 605 19,
1803 574 1822 599 f.
1845 573 1877 598 17
1898 576 1935 604 r⁰;
1959 580 2029 599 ann.
2050 572 2119 603 ΧΠ,
2141 580 2165 598 0.
2182 570 2235 603 90;
2254 585 2287 589 -

1279 623 1316 649 cf.
1334 629 1429 654 supra.
1448 625 1477 648 n⁰
1492 622 1567 653 575.)

1321 749 1333 763 «
1360 735 1498 775 0[l107tz'],
1521 736 1626 765 Sancti
1647 736 1766 764 Nicolai
1788 736 1823 764 in
1849 735 1973 764 Carccre
1996 734 2138 763 Tulliano
2159 734 2290 763 diacono

1279 789 1444 823 cardinali,
1464 789 1628 826 Apostolice
1645 788 1729 817 Sedis
1746 789 1852 825 ceyato.
1874 788 1971 817 Lecta
1990 795 2101 816 coram
2122 785 2218 816 nobis
2236 785 2290 815 di-

1279 841 1356 872 lecti
1372 841 1434 870 filii
1450 841 1605 876 Alam-ini,
1625 840 1820 870 subdiaconi
1837 845 1867 870 et
1886 839 2049 878 capellani
2065 839 2182 874 nostri,
2201 838 2288 877 peti-

1281 894 1325 924 tio
1342 893 1532 924 continebat
1552 893 1648 932 quod,
1667 901 1741 923 cum
1758 893 1823 923 sibi
1840 892 2082 923 thesaurariam
2098 891 2289 923 Cicestren-

1280 955 1349 977 sem
1359 946 1599 977 contulerimus
1608 946 1646 976 de
1659 946 1765 984 gratia
1777 945 1925 984 speciali,
1941 945 2119 976 eteandem
2129 944 2290 983 magistro

1280 999 1450 1029 vvillelmo
1470 999 1675 1030 Cicestrensi
1692 998 1957 1029 commiserimus
1977 997 2223 1033 reservandam,
2240 997 2289 1027 ita

1281 1057 1391 1082 tamen
1407 1057 1441 1082 ut
1461 1052 1496 1082 in
1514 1051 1718 1091 equivalenti
1742 1051 1931 1082 reddituum
1953 1051 2059 1089 ipsius
2080 1059 2192 1080 annua
2206 1058 2290 1088 pen-

1282 1105 1375 1135 sione
1392 1105 1517 1135 tamdiu
1532 1104 1745 1143 responderet
1761 1104 1879 1139 eidem,
1892 1104 1994 1134 donec
2009 1103 2073 1133 sibi
2086 1102 2290 1133 venerabilis

1282 1158 1385 1187 frater
1401 1162 1514 1187 noster
1532 1180 1552 1187 ..
1571 1157 1745 1195 episcopus
1761 1156 1983 1187 cicestrensis
2002 1155 2196 1185 auctoritate
2212 1163 2292 1185 nos-

1283 1214 1331 1239 tra
1355 1210 1391 1239 in
1413 1210 1618 1249 equivalenti
1637 1210 1785 1249 ejusdem
1811 1209 2019 1240 thesaurarie
2040 1208 2214 1243 beneficio,
2232 1207 2291 1238 de-

1283 1262 1390 1292 ductis
1406 1263 1513 1301 ipsius
1530 1263 1684 1301 expensis
1701 1267 1731 1293 et
1747 1263 1918 1297 oneribus,
1935 1262 1970 1291 in
1994 1270 2054 1292 sua
2074 1261 2198 1291 diocesi
2214 1269 2292 1299 pro-

1281 1315 1407 1346 videret
1437 1326 1443 1345 :
1473 1320 1581 1346 tamen
1607 1315 1715 1345 dictus
1742 1315 1910 1353 magister,
1937 1315 2058 1345 factam
2080 1314 2145 1344 sibi
2167 1314 2202 1344 in
2227 1313 2292 1344 hac

1282 1373 1375 1406 parte
1389 1368 1529 1406 gratiam
1546 1377 1611 1398 non
1627 1369 1813 1403 advertens,
1829 1368 1915 1398 dicto
1929 1367 2099 1406 capellano
2108 1376 2166 1406 per
2177 1366 2292 1406 plures

1282 1429 1387 1451 annos
1404 1421 1443 1451 de
1460 1421 1568 1459 ipsius
1585 1421 1793 1451 thesaurarie
1809 1420 1994 1452 redditibus
2011 1420 2205 1451 satisfacere
2223 1428 2291 1450 non

1282 1474 1426 1511 curavit,
1448 1483 1508 1504 nec
1530 1474 1618 1504 idem
1643 1474 1815 1512 episcopus
1841 1474 1947 1504 eidem
1974 1473 2148 1512 providere
2173 1472 2288 1507 voluit,

1281 1535 1356 1557 eum
1381 1531 1491 1557 tamen
1521 1532 1641 1566 posset,
1667 1527 1706 1557 de
1729 1531 1866 1557 vacante
1893 1527 1958 1557 sibi
1985 1527 2134 1557 cantoria
2151 1525 2291 1556 ecclesie

1282 1579 1514 1611 Cicestrensis.
1534 1581 1671 1619 Propter
1687 1580 1775 1619 quod
1790 1580 1898 1610 dictus
1911 1581 1950 1610 A.
1965 1579 2107 1610 diversis
2119 1579 2290 1619 judicibus

1281 1642 1339 1671 per
1356 1637 1486 1663 nostras
1503 1633 1631 1663 litteras
1647 1633 1792 1663 obtinuit
1809 1633 2002 1663 demandari
2019 1637 2053 1662 ut
2067 1632 2208 1662 eundem
2223 1640 2292 1661 ma-

1283 1686 1423 1724 gistrum
1436 1686 1476 1716 ad
1491 1686 1764 1716 satisfaciendum
1779 1686 1843 1716 sibi
1860 1686 1898 1716 de
1909 1685 2078 1725 jamdictis
2091 1684 2287 1720 redditibus,

1283 1743 1314 1769 et
1337 1739 1527 1778 episcopum
1550 1744 1768 1770 memoratum
1793 1739 1833 1769 ad
1861 1738 2099 1777 resignandum
2117 1737 2294 1768 thesaura-

1283 1792 1367 1822 riam
1385 1792 1522 1822 eandem
1539 1792 1734 1821 auctoritate
1752 1791 1932 1830 apostolica
1948 1790 2171 1821 cohercerem.
2190 1790 2291 1822 Cum-

1283 1854 1347 1884 que
1363 1844 1571 1883 postmodum
1593 1844 1679 1874 idem
1703 1844 1894 1883 capellanus
1913 1853 1986 1874 cum
2011 1847 2222 1882 procuratore
2238 1851 2293 1873 se-

1284 1897 1406 1936 pedicti
1437 1897 1589 1935 magistri
1614 1906 1713 1935 super
1737 1897 1844 1936 ipsius
1873 1896 2079 1927 thesaurarie
2106 1896 2292 1926 redditibus

1284 1951 1525 1989 composuisset
1544 1950 1582 1980 de
1599 1956 1711 1980 nostra
1737 1950 1874 1980 licentia
1898 1949 2046 1988 speciali,
2068 1954 2180 1980 tamen
2202 1949 2294 1988 capi-

1284 2003 1390 2033 tulum
1422 2003 1631 2034 cicestrense
1660 2003 1934 2042 compositionem
1964 2002 2158 2042 hujusmodi
2185 2006 2292 2032 ratam

1284 2057 1403 2086 ducere
1425 2061 1455 2086 et
1476 2056 1652 2087 observare
1674 2057 1915 2087 inviolabiliter
1934 2060 2143 2091 recusarunt,
2160 2055 2238 2086 licet
2252 2055 2293 2085 ad

1285 2109 1346 2139 hoc
1366 2109 1432 2147 ipsi
1457 2114 1487 2139 et
1515 2114 1725 2141 memoratus,
1745 2110 1919 2149 episcopus
1948 2113 2152 2144 tenerentur,
2179 2108 2292 2139 eodem

1286 2162 1455 2201 capellano
1477 2168 1609 2201 propter
1631 2163 1692 2193 hoc
1711 2163 1823 2193 subire
1849 2167 1960 2193 coacto
1982 2162 2113 2192 labores
2130 2162 2294 2201 plurimos

1287 2220 1317 2245 et
1334 2224 1504 2254 expensas.
1520 2216 1569 2246 Ne
1582 2215 1685 2253 igitur
1700 2216 1787 2246 idem
1804 2216 1842 2246 de
1857 2215 2048 2255 hujusmodi
2064 2215 2170 2253 gratia
2185 2214 2292 2245 solum

1286 2268 1403 2299 debeat
1421 2273 1589 2307 reportare
1609 2277 1799 2307 gravamen,
1818 2269 2013 2298 mandamus
2030 2272 2206 2307 quatenus,
2227 2276 2292 2297 non

1286 2321 1497 2352 obstantibus
1513 2321 1635 2352 litteris
1658 2322 1858 2360 supradictis
1882 2326 1912 2352 et
1930 2330 2088 2360 processu
2103 2321 2216 2351 habito
2235 2329 2295 2359 per

1287 2375 1456 2411 easdem¹‚
1484 2374 1536 2405 vel
1560 2375 1798 2413 compositione
1820 2375 1978 2413 predicta,
2003 2383 2062 2404 seu
2085 2374 2185 2405 etiam
2208 2374 2293 2404 assi-

1287 2427 1443 2465 gnatione
1460 2427 1566 2457 eidem
1583 2420 1753 2465 capellano
1772 2427 1859 2456 facta
1882 2436 1939 2465 per
1960 2427 2151 2465 episcopum
2170 2434 2294 2456 memo·

1286 2485 1395 2510 ratum
1417 2481 1456 2511 de
1473 2480 1613 2511 ecclesia
1629 2481 1668 2511 de
1684 2480 1893 2514 Kuckeseld.,
1911 2480 1952 2510 ad
1967 2503 1988 2508 ..
2006 2480 2150 2518 priorem
2167 2483 2198 2509 et
2215 2487 2296 2509 con-

1287 2539 1422 2564 ventum
1439 2534 1617 2564 Lewenses
1631 2534 1706 2573 jure
1722 2538 1916 2572 patronatus
1936 2537 2115 2571 spectante,
2137 2540 2212 2562 cum
2227 2540 2292 2562 non
2324 2540 2326 2542 ·

1286 2586 1387 2616 suerit
1405 2586 1603 2617 intentionis
1621 2591 1732 2616 nostre
1749 2586 1835 2625 quod
1850 2586 1938 2616 idem
1949 2585 2123 2624 episcopus
2136 2579 2297 2624 jamdicto

1287 2639 1456 2677 capellano
1474 2639 1512 2670 de
1529 2639 1662 2675 alienis,
1687 2639 1744 2669 sed
1767 2639 1805 2669 de
1826 2639 1897 2669 suis
1920 2639 2071 2669 ecclesiis
2092 2638 2291 2677 provideret,

1287 2692 1391 2722 dictos
1423 2693 1613 2731 episcopum
1641 2697 1671 2722 et
1696 2693 1893 2731 magistrum
1923 2697 1959 2722 ut
1987 2692 2095 2722 eidem
2124 2690 2297 2730 capellano

1288 2741 1532 2775 thesaurariam
1548 2746 1667 2784 ipsam,
1687 2755 1762 2776 cum
1787 2745 1858 2775 suis
1879 2745 2093 2784 pertinentiis
2110 2749 2141 2775 et
2156 2744 2296 2775 redditi-

1286 2797 1347 2827 bus
1371 2798 1449 2827 inde
1474 2799 1649 2836 perceptis,
1674 2798 1799 2837 absque
1824 2797 2017 2828 difficultate
2042 2797 2221 2828 restituant
2243 2813 2292 2830 —,

1287 2850 1473 2888 compellas.
1494 2851 1529 2881 Si
1547 2860 1623 2882 vero
1639 2851 1704 2890 ipsi
1721 2859 1782 2881 nec
1804 2851 1851 2881 sic
1873 2850 2005 2881 efficere
2020 2850 2187 2881 voluerint
2207 2848 2296 2888 quod

1318 2983 1338 3006 1.
1355 2985 1404 3006 Ms.
1422 2992 1428 3006 :
1445 2983 1567 3007 eosdem.
