2423 3487
94 274 164 304 ¹143
812 270 1048 300 nnsis'rnes
1072 268 1125 296 DE
1149 261 1370 299 GREGOIRE
1395 271 1451 300 lx.
2106 271 2180 301 1144

89 341 207 370 lectum
230 338 364 367 fratrem
390 341 538 366 nostrum
565 336 805 375 R[iccardnm],
833 335 945 366 Sancti
970 333 1088 372 Angeli

89 392 264 421 diaconum
279 388 492 423 cardinalem,
511 388 736 418 concessimus
756 388 950 417 auditorem.
971 386 1089 418 Coram

87 452 151 482 quo
170 440 520 471 excommunicationis
543 445 573 470 et
597 440 846 478 dilapidationis
864 440 899 469 in
915 448 1090 478 personam

87 494 234 533 ejusdem
259 492 387 522 abbatis
411 497 441 522 et
466 492 625 531 quasdam
650 492 732 522 alias
756 493 980 531 exceptiones,
1008 500 1090 530 quas

87 547 194 576 dictus
210 544 388 575 cardinalis
405 544 500 574 nobis
523 544 584 574 sub
605 544 716 582 sigillo
732 553 792 574 suo
808 545 909 574 mittit
930 544 1088 579 inclusasu

86 602 295 637 procuratore
313 597 414 634 partis
435 596 572 626 alterius
589 601 786 635 opponente,
815 606 886 632 nos,
911 596 1090 627 intellectis

87 660 143 689 per
164 649 293 680 fidelem
316 648 511 679 relationem
534 649 714 678 cardinalis
733 649 888 687 predicti,
912 658 974 688 que
998 650 1090 679 suere

86 702 252 741 proposita
277 710 386 731 coram
409 701 489 739 ipso,
519 701 698 731 multorum
723 701 923 731 clamoribus
944 701 1088 736 excitati,

87 755 233 785 volentes
257 763 294 784 ex
317 753 423 783 officio
450 758 561 783 nostro
584 754 617 783 in
644 754 775 792 negotio
796 754 869 792 ipso
888 754 1032 792 procedi,
1051 762 1091 784 ne

86 807 276 839 reformatio
306 807 411 845 ipsius
443 807 637 837 monasterii
665 807 807 837 ulterius
839 808 1021 844 differatur,
1053 808 1091 839 de

86 862 215 901 ipsius¹
233 860 360 890 abbatis
381 864 411 890 et
428 859 564 890 alterius
582 860 684 898 partis
700 861 923 899 procuratoris
940 870 1090 896 assensu,

87 914 282 944 mandamns
303 916 475 951 quatenns,
499 912 672 950 premissis
695 913 943 951 exceptionibus
966 922 1091 952 nequa-

87 976 185 1006 quan]
202 965 420 1000 obstantibus,
436 965 475 994 ad
490 965 728 994 monasterium
745 965 865 1003 ipsum,
882 966 910 995 si
924 966 1092 996 commode

86 1020 159 1050 fieri
188 1018 324 1057 poterit,
359 1017 507 1056 alioquin
538 1017 578 1047 ad
613 1017 759 1056 aliquem
796 1018 903 1048 locum
935 1019 1092 1049 idoneum

87 1071 305 1111 personaliter
323 1070 527 1105 accedente&
546 1074 577 1100 et
599 1070 760 1101 habentes
781 1079 838 1109 pre
860 1071 965 1101 oculis
985 1071 1092 1102 solum

86 1127 202 1158 Deum,
219 1123 394 1161 corrigatis
410 1128 441 1153 et
454 1123 642 1153 reformetis
655 1124 690 1153 in
703 1124 861 1162 jamdicto
879 1125 1091 1160 monasterio,

87 1184 153 1208 tam
178 1178 213 1206 in
231 1177 337 1215 capite
362 1185 462 1215 quam
486 1176 521 1205 in
548 1177 718 1212 membris,
741 1186 804 1216 que
829 1178 1044 1208 correctionis
1061 1183 1092 1208 et

85 1229 333 1261 reformationis
349 1229 455 1259 officio
478 1229 630 1259 videritis
645 1229 807 1267 indigere.
826 1230 919 1267 Quod
935 1230 964 1260 si
982 1231 1092 1269 prefa-

86 1289 155 1313 tum
170 1282 409 1313 monasterium
426 1282 460 1311 in
478 1291 536 1312 sno
561 1283 749 1321 nequiverit
765 1283 880 1313 ordine
904 1284 1090 1320 reformari,

85 1337 268 1375 predictum
296 1335 553 1366 Cisterciensem
578 1335 731 1365 ordinem
760 1336 793 1365 in
820 1336 903 1366 illud
934 1337 1091 1367 inducere

84 1389 287 1428 procuretis;
310 1388 489 1418 monachos
512 1388 618 1426 ipsius
643 1389 837 1419 monasterii
860 1390 917 1428 qui
943 1390 1091 1428 ejusdem

84 1442 212 1472 ordinis
237 1442 384 1479 recipere
414 1441 582 1471 noluerint
603 1441 766 1477 instituta,
796 1442 830 1471 in
859 1442 1027 1481 aliquibus
1053 1443 1091 1473 de

84 1495 242 1526 membris
259 1495 418 1533 sepedicti
433 1495 629 1524 monasterii
647 1494 863 1530 collocantes3
882 1495 1034 1525 invocato
1051 1496 1091 1525 ad

84 1549 154 1584 hoc,
176 1549 204 1578 si
226 1557 360 1578 necesse
381 1548 493 1582 fuerit,
518 1547 641 1577 auxilio
662 1547 790 1578 brachii
814 1548 985 1578 secularis.
1004 1549 1092 1580 Con-

84 1601 278 1631 tradictores
302 1601 387 1640 [etc.,
406 1600 545 1639 usque:]
573 1601 819 1639 compescendo.
849 1602 942 1638 Quod
968 1602 997 1631 si
1026 1610 1090 1632 non

84 1662 210 1688 omnes,
236 1659 279 1688 tn,
303 1655 400 1690 frater
413 1654 544 1691 episcope
560 1659 612 1682 etc.
631 1654 703 1682 Dat.
722 1654 884 1692 Anagnie,
900 1654 961 1684 XV
975 1654 1092 1684 kalen-

85 1707 142 1736 das
162 1707 316 1738 octobris,
336 1715 421 1735 anno
438 1706 640 1736 duodecimo.
663 1719 675 1732 ι)

153 1885 264 1912 454¹
587 1885 715 1919 Anagni.
732 1886 746 1911 4
761 1885 926 1919 septembre
940 1886 1018 1912 1238.

119 1946 348 1979 Arcbiepiscupn
366 1947 578 1972 Panormitano
595 1947 706 1980 petenti
724 1946 860 1973 concedit
877 1950 907 1973 ut
923 1947 995 1973 «luas
1010 1955 1090 1981 prae—

85 1995 194 2021 bendas
211 1995 440 2021 Panormitanae
457 1995 608 2023 ecclesiae.
626 2004 709 2029 qnae.
730 1996 760 2021 in
781 1999 863 2029 portu
885 1996 1089 2027 consistentes,

85 2046 243 2076 proventus
259 2043 362 2069 ceteris
379 2043 537 2077 ampliores
560 2044 717 2072 habebant.
735 2059 767 2061 —
782 2044 858 2070 unde
876 2044 953 2070 inter
969 2045 1091 2070 canoni-

84 2102 131 2117 cus
145 2092 275 2125 ejusdem
292 2082 432 2118 ecclesiae
448 2092 652 2118 scandalorum
681 2093 805 2119 materia
826 2101 911 2126 saepe
932 2093 1091 2126 generaba—

86 2146 141 2171 tur,
157 2155 187 2158 —
204 2140 376 2166 cedentibus
404 2141 450 2167 vel
472 2141 682 2167 decedentibus
703 2141 853 2167 canonicis
877 2141 925 2175 qui
951 2145 1020 2168 tunc
1044 2151 1091 2168 eas

84 2188 266 2215 obtinebant.
290 2188 325 2214 arl
351 2188 561 2222 aequalitatem
588 2189 712 2216 aliarum
740 2190 971 2223 praebendarum
999 2190 1091 2224 ipsius

85 2235 225 2262 ecclesiae
242 2235 378 2261 reducere
395 2236 503 2266 valeat,
522 2236 637 2270 proviso
652 2237 726 2270 quod
744 2237 874 2270 ipsarum
894 2237 1043 2263 residuum
1060 2237 1090 2264 in

85 2284 246 2310 utilitatem
280 2284 410 2316 ejusdem
447 2285 587 2311 ecclesiae
622 2288 821 2311 eonvertatur.
855 2300 885 2303 -
921 2286 1006 2316 (Rem.
1043 2286 1089 2315 19,

86 2334 104 2357 t'.
123 2332 154 2358 51
174 2336 216 2363 x⁴”;
233 2340 302 2358 ann.
320 2332 387 2359 XII.
405 2341 429 2358 c.
447 2332 521 2363 261.)

125 2445 137 2458 (ι
168 2455 185 2461 ..
212 2433 436 2470 archiepiscopo
467 2435 700 2463 Panormitano.
730 2434 923 2464 Devotionis
955 2436 1091 2465 affectus

85 2493 183 2523 quem
205 2501 253 2513 —-.
279 2486 352 2514 Dat.
379 2486 542 2524 Anagnie,
577 2487 608 2516 ΙΙ
640 2495 743 2516 nonas
767 2487 977 2525 septembris.
1006 2497 1091 2518 anno

85 2537 290 2567 duodecimo.
313 2550 325 2563 n

155 2716 271 2744 4542
568 2718 697 2751 Anagni,
714 2718 747 2744 23
762 2718 927 2752 septembre
942 2719 1019 2745 1238.

120 2778 235 2811 Ottoni,
254 2778 356 2805 Sancti
372 2779 489 2805 Nicolai
508 2778 537 2805 in
561 2779 683 2807 Carcere
699 2780 837 2806 Tulliano
858 2780 981 2807 diacono
996 2781 1092 2807 cardi—

118 2892 137 2915 1.
156 2892 206 2915 Les
224 2896 293 2915 mots
311 2899 315 2916 :
334 2902 344 2913 a
362 2893 394 2916 de
411 2893 498 2923 ipsius
516 2894 622 2917 abbatis
627 2912 673 2918 .....
696 2901 810 2917 assensu
824 2904 845 2921 ν,
861 2898 907 2918 ont
927 2895 969 2918 cte
987 2895 1092 2925 ajoutes

86 2935 153 2959 dans
169 2936 193 2958 la
210 2943 300 2967 rnarge
315 2936 478 2960 exterieure.

1174 335 1245 367 nali,
1271 336 1460 370 Apostolieae
1483 337 1568 364 Sedis
1594 338 1699 369 legato,
1727 337 1849 364 mandat
1872 340 2030 371 quatenus,
2056 352 2087 356 —
2115 346 2181 364 eum

1174 383 1350 410 Exoniensis
1366 385 1530 419 episcopus,
1547 385 1597 419 qui
1618 385 1688 411 olim
1708 393 1757 419 pro
1779 385 1902 412 servitio
1922 385 1977 412 Dei
1991 388 2019 412 et
2032 385 2183 413 Ecclesiae

1175 439 1294 465 magnos
1310 431 1422 458 labores
1438 435 1466 459 et
1480 441 1623 467 expensas
1645 441 1702 459 non
1725 433 1855 460 modicas
1876 433 1905 459 in
1928 433 2059 460 subsidio
2077 434 2184 461 Terrae

1175 479 1302 506 Sanctae
1322 480 1463 513 subierat,
1485 481 1561 508 bona
1581 481 1767 516 episcopatus
1789 481 1846 514 sui,
1867 482 1903 508 de
1922 482 2054 516 partibus
2078 482 2184 516 Syriae

1174 528 1305 560 rediens,
1327 528 1491 556 invenisset
1519 538 1570 563 per
1592 538 1638 556 eos
1660 530 1766 563 quibus
1788 530 1842 557 illa
1864 531 2054 557 commiserat
2079 539 2184 565 procu—

1174 577 1276 609 randa,
1291 577 1468 611 dilapidata,
1487 582 1604 612 propter
1623 578 1698 612 quod
1715 578 1801 605 illum
1816 582 1984 613 oportuerat
2001 579 2116 613 magnis
2131 579 2183 606 de-

1175 625 1245 651 bitis
1260 626 1456 653 creditoribus
1472 635 1502 653 se
1517 627 1656 661 obligare,
1673 642 1704 645 —
1722 635 1735 652 «
1752 627 1911 654 creditores
1926 627 2005 662 ipsos
2017 628 2054 654 ad
2070 631 2184 662 presta-

1175 682 1188 698 »
1210 674 1321 700 tionem
1341 675 1520 702 dilationum
1535 684 1622 710 super
1637 676 1746 702 debitis
1760 676 1832 710 ipsis
1855 676 1999 703 inducens
2016 684 2041 708 »‚
2058 685 2124 703 euni
2141 677 2184 703 eis

1174 722 1210 749 de
1235 723 1373 750 terminis
1397 726 1426 750 et
1451 724 1536 751 modo
1558 725 1722 759 provideat,
1744 732 1756 749 α
1781 724 1888 759 quibus
1908 725 2040 759 predicta
2060 725 2185 753 ecclesia

1176 778 1189 795 1)
1210 771 1358 798 salubrius
1372 775 1399 798 et
1417 772 1512 799 levius
1527 772 1564 800 ab
1586 773 1756 807 hujusmodi
1779 773 1888 800 debitis
1908 774 2007 800 valeat
2021 773 2140 801 liberari
2157 781 2183 800 i).

1176 833 1207 837 —-
1222 820 1308 851 (Rae.
1326 820 1370 852 19,
1392 821 1412 847 f.
1429 820 1463 847 52
1479 824 1516 852 r⁰;
1534 829 1603 848 ann.
1620 821 1688 853 XII,
1703 830 1728 848 e.
1745 821 1820 853 262.)

1217 932 1231 947 «
1260 920 1398 960 O[tlonz'],
1426 921 1533 951 Sancti
1557 922 1676 951 Nicolai
1693 923 1725 951 in
1748 923 1872 952 Carcere
1891 923 2033 952 Tulliano
2054 923 2184 952 diacono

1175 974 1342 1009 cardinali,
1379 975 1543 1012 Apostolice
1581 975 1666 1005 Sedis
1702 976 1809 1013 leqato.
1847 975 2042 1005 Venerabili
2082 976 2184 1006 fratre

1177 1030 1288 1056 nostro
1301 1043 1350 1055 —-.
1366 1027 1439 1056 Dat.
1459 1027 1621 1065 Anagnie,
1637 1028 1736 1058 VIIII
1749 1027 1910 1058 kalendas
1924 1028 2079 1063 octobris,
2097 1036 2185 1058 anno

1176 1079 1381 1110 duodecimo.
1401 1092 1413 1107 ι)

1247 1244 1368 1273 4543
1659 1247 1788 1280 Anagni.
1805 1247 1839 1274 23
1855 1247 2021 1281 septembre
2035 1247 2113 1274 1238.

1211 1307 1321 1334 Abbati
1336 1307 1439 1334 Sancti
1453 1307 1577 1340 Urbani,
1593 1308 1800 1335 Cistereiensis
1812 1308 1935 1342 ordinis,
1949 1308 2188 1336 Constantiensis

1175 1355 1328 1387 dioecesis,
1351 1355 1454 1382 scribit
1475 1355 1510 1382 de
1535 1355 1675 1389 magistro
1696 1354 1902 1390 B[111·cliardo]‚
1924 1356 2106 1383 thesaurario
2127 1356 2188 1384 Cu-

1175 1404 1276 1436 riensi,
1301 1404 1362 1438 qui,
1389 1413 1455 1431 cum
1479 1405 1514 1431 de
1538 1405 1730 1439 proventibus
1757 1405 1951 1439 quorumdam
1977 1405 2185 1432 beneficiorum

1175 1453 1454 1483 ecclesiasticorum,
1481 1461 1579 1480 euram
1601 1453 1768 1480 animarum
1793 1453 1983 1486 habentium,
2005 1462 2078 1488 quae
2098 1462 2187 1481 cano—

1176 1501 1241 1528 nice
1263 1501 1386 1536 adeptus
1404 1504 1476 1534 erat,
1496 1516 1528 1519 —
1545 1501 1594 1535 qui
1618 1505 1778 1536 proventus
1802 1502 1996 1536 quadraginta
2019 1510 2183 1529 marcarum

1174 1550 1337 1577 valentiam
1365 1558 1422 1576 non
1445 1549 1637 1582 excedebant,
1653 1564 1684 1568 —
1698 1559 1753 1576 non
1771 1553 1867 1584 posset
1888 1558 2030 1584 expensas
2047 1559 2186 1585 personae

1175 1607 1243 1625 suae
1272 1598 1362 1625 statui
1391 1602 1600 1632 congruentes,
1627 1598 1788 1625 secundum
1813 1601 1906 1625 terrae
1929 1599 2185 1632 consuetudinem,

1176 1649 1280 1678 facere,
1297 1647 1517 1681 supplicaverat
1533 1649 1563 1673 ut
1581 1647 1637 1674 sibi
1655 1647 1757 1673 liceret
1772 1647 1893 1674 unicum
1911 1647 2098 1680 beneficium,
2117 1648 2142 1674 si
2158 1648 2184 1675 ei

1175 1696 1316 1722 canonice
1330 1695 1456 1722 conferri
1471 1695 1668 1729 contingeret,
1686 1695 1816 1729 recipere
1829 1704 1862 1722 ac
1872 1704 2005 1723 unacum
2025 1696 2186 1731 praedictis

1175 1745 1316 1775 retinere:
1332 1745 1410 1771 unde
1424 1744 1449 1771 ei
1466 1744 1589 1770 mandat
1608 1747 1764 1777 quatenus,
1781 1744 1881 1771 eodem
1900 1745 2039 1778 magistro
2054 1746 2187 1779 praefata

1175 1793 1327 1824 beneficia,
1358 1796 1473 1826 praeter
1504 1792 1579 1819 illud
1606 1793 1681 1826 quod
1704 1793 1810 1819 ultimo
1836 1796 1996 1827 receperat,
2030 1793 2060 1820 in
2093 1793 2187 1828 ipsius

1175 1841 1291 1869 abbatis
1308 1842 1446 1868 manibus
1463 1841 1643 1875 resignante.
1661 1850 1694 1867 ac
1710 1841 1746 1867 de
1762 1842 1908 1875 perceptis
1929 1850 1963 1868 ex
1984 1842 2026 1868 eis
2042 1842 2188 1869 fructibus

1175 1891 1378 1917 satisfaciente
1407 1899 1544 1924 congrue,
1572 1891 1656 1924 juxta
1686 1898 1778 1924 posse,
1802 1891 1862 1917 illis
1883 1891 2016 1917 ecclesiis
2041 1900 2056 1917 a
2081 1891 2188 1925 quibus

1175 1940 1289 1965 eosdem
1318 1942 1497 1973 perceperat,
1524 1942 1551 1965 et
1577 1939 1712 1972 injuncta
1736 1939 1772 1970 ei,
1800 1947 1849 1973 pro
1878 1939 2048 1966 detentione
2078 1939 2189 1966 illicita

1176 1988 1383 2014 beneficiorum
1402 1988 1546 2022 ipsorum,
1571 1987 1757 2021 paenitentia
1772 1987 1966 2021 competenti,
1988 1988 2065 2014 circa
2088 1988 2185 2022 ipsun]

1175 2045 1262 2070 super
1291 2037 1461 2070 praemissis
1492 2036 1691 2070 dispensando
1717 2039 1839 2068 statuat,
1866 2040 1961 2070 prout,
1994 2036 2189 2063 consideratis

1176 2085 1411 2112 circumstantiis
1441 2085 1601 2112 universis.
1634 2085 1697 2117 ejus
1727 2084 1816 2111 saluti
1844 2085 1953 2111 viderit
1979 2084 2128 2118 expedire.
2154 2099 2186 2103 -

1176 2135 1261 2165 (Rae.
1285 2134 1328 2166 19,
1353 2135 1372 2160 i'.
1395 2134 1428 2160 52
1449 2138 1489 2165 r¹·;
1507 2142 1576 2160 ann.
1599 2133 1667 2165 XII,
1690 2142 1714 2159 c.
1736 2132 1805 2163 ‘2632
1824 2147 1855 2151 —
1876 2134 1901 2161 J.
1919 2134 2104 2164 BERNOULm,
2120 2135 2187 2159 Acta

1177 2184 1338 2215 Pontificum
1353 2183 1495 2213 [leli-etim,
1511 2185 1531 2209 t.
1551 2183 1572 2214 Ι,
1588 2190 1615 2216 p.
1629 2183 1691 2214 134,
1715 2185 1743 2208 n'¹
1757 2181 1832 2212 200.)

1218 2297 1230 2310 «
1247 2307 1268 2313 ..
1286 2285 1386 2313 abbati
1402 2285 1508 2313 Sancti
1523 2285 1646 2319 Urbani,
1668 2284 1877 2313 cisterciensis
1892 2284 2023 2318 ordinis,
2043 2283 2187 2313 Consum·
2213 2307 2216 2310 .

1177 2339 1283 2367 nensis
1312 2338 1445 2368 diocesis.
1478 2337 1627 2368 Dilectus
1660 2337 1750 2367 filius
1780 2336 1939 2374 magister
1968 2354 2016 2366 —.
2048 2337 2122 2366 Dat.
2151 2341 2187 2366 ut

1176 2400 1286 2429 supra.
1308 2403 1320 2417 »

1246 2556 1366 2584 4544
1662 2555 1792 2587 Anagni,
1808 2555 1841 2582 23
1855 2555 2021 2590 septembre
2034 2555 2113 2583 1238.

1213 2627 1226 2643 α
1248 2619 1280 2645 In
1301 2619 1427 2645 eundem
1453 2618 1571 2645 niodum
1597 2626 1647 2652 per
1670 2618 1771 2644 omnia
1795 2638 1812 2644 ..
1832 2619 1952 2650 episcopo
1973 2619 2186 2652 Constantiensi,

1177 2676 1226 2701 pro
1243 2668 1383 2698 Henrieo,
1405 2667 1546 2694 canonico
1567 2667 1714 2697 Curiensi,
1741 2670 1769 2693 et
1792 2666 1846 2693 sub
1866 2667 1966 2693 eadem
1991 2665 2093 2702 dat[a].
2116 2674 2130 2692 ι)
2154 2680 2187 2686 -

1177 2716 1262 2742 ‹RE-3.
1282 2716 1324 2747 19,
1343 2717 1362 2742 t'.
1379 2715 1413 2742 52
1427 2716 1472 2746 r⁰.)

1248 2874 1366 2902 4545
1661 2874 1790 2907 Anagni,
1805 2875 1838 2901 25
1854 2874 2020 2909 septembre
2036 2874 2113 2901 1238.

1213 2936 1357 2970 Episcopo
1386 2935 1538 2970 Clugiensi
1566 2939 1593 2962 et
1624 2935 1724 2962 abbati
1754 2935 1790 2963 de
1817 2936 1982 2970 Brundu10‚
2018 2936 2185 2970 Clugiensis

2416 145 2423 189 -ᾳ-
2412 82 2423 133 ..ιι
2402 47 2414 65 ”’
2407 0 2413 5 “
