2423 3487
261 314 316 343 483
601 312 606 318 ”
984 311 1222 341 REGISTRES
1245 310 1300 339 DE
1322 303 1545 341 GREGOIRE
1570 312 1627 341 IX.
2297 314 2352 344 484

332 379 448 406 3334

299 441 401 467 Eidem
420 440 580 473 postulanti
597 440 744 471 significat
760 448 804 471 sc,
824 454 854 457 —
876 448 941 465 cum
964 439 1082 473 quidam
1102 439 1200 465 clerici
1218 439 1264 465 in-

780 377 870 406 Ricti,
885 377 919 403 26
933 377 1097 411 septembre
1113 377 1191 403 1236.

263 490 342 515 sulae
354 489 388 513 sle
403 489 528 515 Olerone
544 488 677 513 homines
692 488 821 520 ejusdcm
838 488 892 513 loci
905 488 1080 514 auctumitate
1097 488 1262 513 litterarum

262 537 488 571 ap‹5›st‹›lica1·u1u
504 536 539 562 ad
552 536 681 569 quinque
697 537 742 562 vel
757 544 806 561 sex
819 536 912 562 dictas
926 537 1054 562 l'acsu‘ent
1068 536 1104 562 ad
1118 536 1263 569 judicium

262 585 388 614 evocari.
413 584 461 617 qui
483 592 540 609 non
562 586 694 617 poterant
714 584 750 609 acl
769 584 917 617 assignata
938 585 1001 610 loca
1021 593 1050 610 se
1067 586 1263 617 praesentare,

262 642 317 666 quo
334 634 443 659 iactum
462 633 556 658 luerat
578 635 668 658 totam
686 632 814 658 insulam
834 632 959 665 supponi
976 632 1151 663 interdicto,
1170 647 1201 649 —
1218 632 1265 658 in—

262 682 361 708 hibere
378 690 413 707 ne
432 681 496 714 quis
516 690 565 714 pro
585 681 637 707 tali
654 681 780 713 alicujus
801 681 917 707 defectu
940 681 1118 714 praedictam
1135 681 1263 707 insulan]

261 730 417 756 concludat
431 729 598 756 interdicto.
615 745 645 747 —
663 730 748 761 (Rem.
762 729 804 761 18,
817 730 835 755 s.
852 729 901 755 193
914 733 956 761 νος
972 738 1041 755 ann.
1056 730 1095 762 X,
1113 738 1137 755 c.
1154 729 1229 760 229.)

303 850 313 862 t<
346 837 459 865 Eidem.
494 836 628 872 Regalis
658 837 797 874 requirit
826 837 955 866 devotio
983 840 1056 872 eto,
1086 842 1121 866 ut
1149 846 1263 874 supra,

260 898 365 927 usque
380 899 385 916 :
401 897 508 918 coram
522 888 628 922 uobis,
646 889 731 927 quod
747 889 880 927 quidam
894 889 1006 919 clerici
1018 889 1127 919 insule
1142 890 1180 919 de
1195 890 1265 919 Ole-

260 943 376 979 ron[e],
399 950 497 979 quam
516 941 555 969 ad
573 946 601 971 10
619 942 784 979 pertinere
804 943 1096 979 [iu-op011is,contra
1114 943 1266 972 homines

259 996 322 1024 loci
339 995 486 1033 ejusdem
503 995 692 1032 apostolicis
708 995 829 1025 litteris
846 996 1042 1034 impetratis.
1059 1006 1171 1025 earum
1189 1006 1266 1026 auc-

259 1048 390 1077 toritate
408 1047 481 1076 illos
499 1048 538 1076 ad
554 1048 701 1086 quinque
719 1048 769 1078 vel
786 1058 841 1078 sex
858 1049 963 1079 dietas
982 1050 1105 1079 faciunt
1125 1051 1164 1079 ad
1177 1051 1268 1089 judi-

260 1101 348 1130 cium
367 1101 515 1136 evocari,
543 1101 600 1139 qui
621 1111 694 1130 cum
715 1106 782 1131 tute
801 1102 849 1131 ire
868 1102 908 1131 ad
927 1103 1095 1140 assignata
1112 1103 1181 1133 loca
1202 1112 1267 1133 non

259 1153 399 1191 possint,
418 1153 494 1182 dum
516 1162 581 1182 non
604 1154 669 1183 nisi
691 1163 747 1192 per
765 1159 883 1184 terram
901 1155 1114 1185 inimicorum
1136 1160 1267 1185 tuorum

259 1206 341 1244 ipsis
358 1210 446 1244 patet
463 1215 627 1241 accessus,
642 1216 708 1236 uno
725 1208 824 1237 etiam
842 1218 899 1246 pro
916 1217 975 1238 suo
992 1210 1077 1238 facto
1094 1214 1265 1245 convento,

260 1259 288 1289 si
303 1268 336 1288 se
352 1268 415 1288 non
431 1260 683 1297 presentaverit,
696 1265 761 1290 tota
774 1261 921 1298 predicta
932 1262 1054 1296 insula,
1065 1272 1129 1292 non
1143 1263 1267 1301 absque

258 1317 314 1341 tuo
329 1312 525 1350 prejudicio,
539 1313 736 1350 supponitur
752 1313 943 1349 interdicto,
963 1324 1061 1352 super
1078 1325 1141 1354 quo
1158 1316 1268 1353 provi-

257 1364 328 1394 deri
344 1374 361 1393 a
373 1364 468 1394 nobis
480 1364 651 1394 humiliter
665 1366 851 1403 postulasti.
870 1368 937 1396 Nos
949 1367 1061 1405 igitur,
1077 1369 1267 1398 serenitatis

259 1422 313 1447 tue
334 1418 488 1455 precibus
504 1418 675 1453 inclinati,
694 1419 889 1449 auctoritate
909 1421 1113 1458 presentium
1135 1421 1268 1451 distric-

258 1470 325 1499 tius
344 1470 535 1500 inhibemus
553 1479 593 1500 ne
610 1471 684 1509 quis
701 1480 758 1509 pro
775 1471 833 1501 tali
850 1472 991 1511 alicujus
1008 1473 1152 1508 defectu,
1172 1474 1268 1504 dum-

258 1522 354 1552 modo
373 1523 593 1553 communitas
614 1524 761 1553 favorem
785 1534 881 1554 suum
907 1527 1159 1556 contumacibus
1184 1528 1266 1565 ipsis

260 1584 325 1604 non
349 1576 543 1613 prestiterit,
564 1580 732 1614 presumat
754 1577 930 1607 interdicto
954 1579 1150 1609 concludere
1173 1580 1267 1610 insu-

259 1627 325 1657 lam
344 1632 568 1658 memoratam.
593 1630 809 1659 presentibus
828 1635 901 1668 post
924 1631 1106 1661 triennium
1130 1633 1267 1664 minime

259 1680 424 1710 valituris.
442 1682 516 1710 Dat.
534 1686 569 1710 ut
586 1690 696 1719 supra.
717 1695 728 1708 >³

331 1880 449 1908 3335

296 1943 405 1969 Abbati
421 1943 524 1970 Sancti
538 1943 681 1971 Jobannis
694 1944 729 1970 de
742 1944 849 1977 Pinna,
866 1945 1004 1972 Oscensis
1019 1946 1170 1979 dioecesis,
1184 1948 1267 1981 cujus

261 2000 414 2025 personam
431 1992 502 2018 olim
522 2000 575 2018 usu
598 1992 704 2019 mitrae
721 1994 925 2026 honoraverat,
943 1995 1091 2028 significat
1106 2004 1136 2022 se
1152 1998 1267 2030 praeta-

782 1882 871 1914 Rieti,
886 1882 920 1908 24
933 1883 1099 1917 septembre
1115 1885 1193 1911 1236.

261 2042 323 2066 tum
344 2049 428 2067 usum
450 2041 486 2067 ad
510 2041 572 2074 ejus
597 2050 776 2068 successores
797 2042 832 2068 de
848 2043 942 2076 gratia
957 2044 1079 2077 speciali
1098 2046 1266 2079 extendere,

260 2088 403 2121 adjuncta
427 2089 550 2116 licentia
570 2090 664 2123 pallas
687 2090 789 2117 altaris
815 2090 1038 2119 benedicendi¹.
1064 2108 1094 2111 —
1114 2094 1201 2125 (Rae.
1223 2095 1267 2128 18,

262 2135 281 2160 f.
299 2135 350 2161 194
366 2138 403 2167 r03
421 2144 490 2162 ann.
512 2136 551 2168 X,
569 2145 593 2163 c.
608 2136 676 2168 230;
695 2152 725 2155 —
747 2137 880 2165 MOREAU
901 2139 980 2171 1191,
1002 2140 1021 2166 f.
1046 2140 1113 2172 137;
1138 2156 1169 2159 —
1192 2142 1269 2169 POT—

261 2191 355 2210 THAST
370 2183 467 2216 10249,
485 2184 555 2216 falso
572 2186 670 2214 initias
686 2200 717 2203 —
734 2187 771 2212 ef.
787 2193 882 2219 supra,
900 2190 929 2213 n”
945 2187 1037 2220 1547.)

304 2303 316 2316 α
338 2314 355 2319 ..
374 2292 476 2320 abbati
491 2293 597 2321 Sancti
612 2293 763 2322 Johnnnis
784 2295 817 2322 de
834 2295 949 2330 Pinna,
972 2295 1106 2325 Oscensis
1132 2298 1268 2327 diocesis.

262 2343 347 2372 Dum
366 2344 475 2373 Aaron
492 2345 532 2373 ad
547 2362 596 2374 —.
616 2346 689 2375 Dat.
708 2347 821 2381 Reate,
840 2348 921 2377 VIII
936 2347 1095 2379 kalendas
1112 2351 1267 2386 octobris,

263 2405 350 2426 anno
367 2396 504 2427 decimo.
527 2410 539 2423 ›>

333 2593 452 2621 3336
781 2596 872 2629 Rieti,
889 2597 923 2624 20
938 2598 1103 2632 septembre
1119 2600 1197 2628 1236.

300 2654 401 2682 Eleeto
421 2655 642 2683 WVarmaciensi
666 2657 829 2684 committit
849 2659 1089 2687 reformationem
1113 2663 1270 2691 canoniea-

265 2711 329 2729 rum
345 2703 525 2737 regularium
540 2704 631 2731 nimis
647 2705 789 2733 dissolute
803 2706 972 2734 viventium
987 2709 1128 2736 ecclesiae
1145 2711 1272 2739 Sanctae

263 2752 378 2779 Mariae
394 2754 439 2785 (=
449 2753 590 2787 Marien-‚
603 2762 653 2781 seu
667 2754 972 2789 Nonnen-Miinster),
985 2756 1118 2785 suburbii
1135 2759 1272 2787 XVarma<

297 2879 318 2903 1.
340 2879 379 2903 La
403 2881 526 2904 mention
549 2881 583 2905 de
607 2884 678 2906 cette
702 2883 798 2906 saveur
819 2884 995 2914 particuliere
1021 2891 1026 2908 :
1052 2895 1063 2906 «
1091 2886 1274 2912 benedicendi

264 2930 375 2953 quoque
391 2924 476 2954 pallas
491 2925 585 2949 altaris
600 2939 629 2943 —
644 2926 783 2950 licentiam
797 2927 972 2958 indulgemus
991 2937 1013 2957 »,
1030 2936 1045 2952 a
1060 2929 1103 2953 ete
1118 2931 1227 2961 ajouteo
1241 2939 1275 2956 on

265 2973 367 2997 marge.

1348 377 1465 409 ciensis,
1481 378 1565 411 eique
1579 379 1713 405 concedit
1727 382 1759 406 ut
1776 379 1816 406 ibi
1828 379 1962 406 ordinem
1977 379 2204 407 Cistereiensem
2221 380 2350 409 introdu-

1348 428 1403 452 cat.
1414 441 1444 443 —
1456 427 1541 457 (Rue.
1560 427 1603 459 18,
1617 428 1636 453 f.
1650 427 1700 453 194
1718 430 1754 459 1¹⁰3
1768 436 1837 454 ann.
1849 428 1888 459 X,
1901 436 1925 454 0.
1938 428 1986 454 231
1998 436 2003 460 ;
2016 443 2047 446 —
2058 428 2308 456 Porrimam-102&
2320 431 2351 462 ¹.)

1391 538 1402 551 «
1423 526 1471 564 [..]
1487 528 1575 555 electo
1591 528 1820 557 Hermae-tensi.
1834 528 1955 565 vigilis
1967 528 2108 566 pastoris
2121 528 2264 558 sicut—.
2279 530 2351 560 Dat.

1350 580 1463 610 Reate.
1481 580 1547 608 XII
1562 579 1722 610 kalendas
1738 581 1893 615 octobris,
1912 590 1998 610 anno
2016 581 2154 611 decimo.
2173 594 2186 608 1>

1419 764 1534 792 3332

1386 825 1543 859 Episcopo,
1561 826 1670 853 decano
1690 830 1718 853 et
1736 827 1849 853 cantori
1870 827 2122 854 Ambianensibus
2144 828 2265 854 mandat
2283 836 2354 862 qua-

1350 876 1435 900 tenus
1451 877 1561 901 statuta
1578 875 1614 901 ab
1628 875 1700 908 ipsis
1716 875 1795 902 edita
1811 883 1861 909 pro
1876 875 2083 902 reformaticme
2099 876 2239 902 eeclesiae
2252 876 2352 904 Sancti

1349 922 1521 949 'xValfranni
1540 922 1600 957 [seu
1620 923 1808 958 XVulfranni]
1823 924 1858 950 de
1874 924 2000 950 Abbatis
2016 924 2100 951 Villa
2122 924 2233 951 faciant
2258 924 2354 952 obser—

1350 971 1430 1001 vari,
1447 974 1475 998 et
1489 972 1645 998 canonicos
1661 972 1784 999 rebelles
1799 973 2070 999 excommunicatos
2085 973 2264 1006 compellant
2278 975 2308 1000 ut
2323 974 2352 1001 in

1869 764 1959 796 Rieti,
1976 765 2010 791 25
2024 764 2188 798 septembre
2204 765 2282 792 1236.

1350 1020 1545 1054 apostolicum
1567 1023 1754 1054 conspectum
1776 1021 1914 1053 veniant,
1935 1030 1985 1055 pro
2007 1021 2120 1048 meritis
2143 1022 2297 1056 recepturi.
2321 1037 2352 1041 —

1351 1070 1437 1101 (Rae.
1458 1069 1501 1101 18,
1520 1070 1538 1095 f.
1557 1070 1607 1096 194
1624 1073 1661 1101 1¹⁰3
1679 1078 1748 1096 ann.
1766 1070 1805 1103 X,
1823 1080 1847 1097 c.
1862 1071 1932 1101 232:
1951 1085 1982 1088 —
2004 1070 2230 1103 MonEAu1191,
2247 1071 2267 1097 f.
2282 1071 2354 1103 139.)

1945 1173 2066 1200 cantori
2092 1172 2353 1201 Ambiancnsibus.

1351 1222 1438 1253 Olim
1456 1223 1638 1253 venerabili
1655 1224 1756 1253 fratre
1774 1228 1887 1254 nostro
1906 1247 1924 1252 ..
1944 1224 2121 1254 Sabinensi
2139 1225 2289 1262 episcopo
2304 1233 2356 1255 re-

1350 1276 1478 1305 ferente
1498 1276 1599 1314 quod,
1621 1285 1694 1305 cum
1714 1277 1802 1306 idem
1821 1276 1960 1306 ecclesie
1979 1277 2091 1306 Sancti
2109 1276 2300 1306 W'alfranni
2317 1277 2355 1308 de

1351 1328 1489 1357 Abbatis
1507 1329 1610 1363 Villa„
1632 1329 1866 1359 Ambianensis
1886 1329 2043 1363 diocesis,
2061 1330 2241 1359 canonicus
2259 1334 2354 1366 esset,

1351 1386 1381 1411 et
1405 1381 1545 1411 ecclesia
1566 1382 1653 1419 ipsa,
1672 1382 1908 1420 refrigescente
1930 1382 2103 1412 devotione
2124 1383 2355 1413 canonicorum

1351 1435 1509 1473 ejusdem,
1528 1435 1563 1463 in
1582 1435 1705 1465 divinis
1724 1440 1892 1474 pateretur
1908 1436 2026 1465 officiis
2044 1445 2108 1465 non
2126 1436 2290 1466 modicum
2306 1437 2355 1467 de-

1350 1487 1560 1523 trimentum,
1580 1488 1644 1517 suit
1663 1488 1697 1517 in
1717 1497 1754 1518 ea
1772 1488 1908 1526 provida
1927 1488 2166 1519 deliberatione
2186 1492 2352 1526 statutum,

1350 1544 1386 1569 ut
1402 1541 1567 1570 cotidiane
1577 1541 1830 1571 distributiones
1841 1541 2078 1571 exhiberentur
2092 1542 2158 1572 hiis
2168 1542 2225 1580 qui
2234 1542 2354 1573 divinis

1350 1593 1468 1623 officiis
1481 1593 1694 1629 interessent,
1708 1598 1739 1624 et
1751 1598 1838 1624 certe
1849 1603 1932 1632 pene
1946 1595 2178 1632 infligerentur
2189 1595 2354 1626 canonicis

1351 1646 1409 1684 qui
1432 1646 1603 1683 assignata
1625 1646 1690 1675 sibi
1713 1646 1821 1676 officia
1844 1656 1902 1685 per
1924 1647 2132 1676 matriculam
2153 1647 2356 1685 negligerent

1351 1699 1547 1737 adimplere,
1572 1702 1603 1729 et
1623 1699 1724 1737 quod,
1745 1699 2040 1729 distributionibus
2063 1700 2272 1730 cessantibus
2298 1709 2356 1730 an-

1350 1751 1499 1787 tedictis,
1526 1761 1562 1781 ac
1589 1752 1628 1781 ad
1662 1761 1746 1781 nova
1770 1752 1933 1782 beneficia
1957 1753 2128 1782 canonicis
2158 1757 2190 1783 et
2217 1752 2355 1791 capella-

1351 1805 1419 1837 nis,
1439 1805 1511 1843 qui,
1530 1805 1616 1834 sicut
1633 1809 1663 1834 et
1680 1805 1824 1843 antiqui,
1845 1805 1968 1835 divinis
1986 1814 2049 1835 non
2067 1806 2226 1835 curabant
2241 1805 2355 1836 officiis

1350 1858 1529 1891 interesse,
1556 1857 1591 1886 in
1626 1857 1767 1887 ecclesia
1800 1859 1928 1896 prefata
1961 1859 2096 1893 creatis,
2126 1868 2163 1888 ex
2191 1858 2356 1898 jamdictis

1351 1910 1646 1940 constitutionibus
1664 1919 1723 1940 nec
1740 1920 1824 1948 pena
1841 1920 1900 1941 nec
1917 1911 2123 1941 commodum
2142 1911 2353 1950 sequebatur;

1350 1968 1482 2001 propter
1499 1963 1585 2002 quod
1601 1963 1736 1993 divinus
1753 1963 1861 1993 cultus
1877 1973 1960 2002 pene
1977 1964 2147 2002 deperibat
2162 1964 2294 2000 ibidem,
2311 1964 2356 1994 ita

1351 2016 1437 2055 quod
1452 2016 1551 2046 etiam
1566 2016 1604 2046 de
1617 2017 1787 2046 canonicis
1802 2017 2027 2047 residentibus
2039 2017 2093 2046 vix
2104 2017 2357 2047 inveniebantur

1352 2069 1469 2107 aliqui,
1488 2069 1545 2107 qui
1563 2069 1687 2099 divinis
1708 2074 1863 2099 curarent
1884 2070 2002 2099 officiis
2021 2070 2200 2107 interesse3
2226 2079 2285 2100 nec
2304 2078 2356 2100 ca-

1352 2123 1475 2161 pellani
1492 2123 1631 2161 predicti
1647 2123 1879 2161 persolvebant
1896 2123 1942 2152 ibi
1960 2124 2026 2153 Deo
2043 2123 2190 2157 servitia,
2208 2127 2244 2153 ut
2262 2122 2356 2153 debe-

1352 2176 1431 2206 bant
1449 2186 1455 2205 :
1474 2180 1604 2205 nostras
1623 2176 1716 2205 vobis
1735 2176 1917 2206 direximus
1930 2175 2070 2211 litteras,
2089 2176 2295 2206 continentes
2309 2178 2354 2210 ut,

1351 2228 1779 2267 personaliteraccedentes
1794 2229 1834 2258 ad
1848 2228 2021 2259 ecclesiam
2035 2233 2249 2259 memoratam
2262 2232 2293 2258 et
2305 2227 2356 2257 ha-

1352 2282 1468 2312 bentes
1484 2291 1541 2320 pre
1557 2281 1662 2312 oculis
1679 2281 1785 2311 solum
1801 2283 1916 2317 Deum,
1934 2281 2145 2319 corrigeretis
2162 2285 2193 2311 et
2206 2281 2356 2311 re’sorma-

1352 2336 1433 2365 retis
1459 2335 1493 2364 in
1513 2344 1561 2365 ea,
1580 2344 1642 2373 que
1667 2335 1755 2364 circa
1777 2335 1942 2365 defectum
1966 2335 2155 2364 divinorum
2179 2333 2354 2364 officiorum

1353 2387 1568 2417 correctionis
1591 2391 1622 2417 et
1640 2388 1887 2417 reformationis
1908 2388 2014 2417 officio
2035 2387 2234 2425 indigerent,
2252 2385 2355 2416 nichi-

1352 2440 1498 2470 lominus
1521 2449 1584 2479 que
1607 2440 1647 2469 ad
1668 2444 1881 2478 augmentum
1901 2440 2006 2469 divini
2028 2440 2136 2470 cultus
2155 2443 2186 2470 et
2203 2439 2355 2469 honorem

1353 2492 1460 2531 ipsius
1477 2492 1615 2523 ecclesie
1634 2493 1849 2531 pertinerent,
1868 2492 1997 2522 sublato
2019 2492 2197 2531 cujuslibet
2217 2489 2356 2530 appella-

1354 2544 1455 2574 tionis
1474 2545 1660 2580 obstaculo,
1681 2548 1864 2575 statuentes
1883 2545 2018 2579 ibidem,
2044 2549 2074 2574 et
2100 2545 2259 2574 facientes
2275 2541 2357 2582 quod

1355 2597 1557 2632 statueretis,
1577 2598 1773 2627 auctoritate
1790 2602 1903 2627 nostra
1918 2597 2058 2627 firmiter
2076 2597 2264 2633 observari;
2282 2603 2356 2626 con-

1355 2650 1550 2680 tradictores
1564 2655 1622 2680 etc.
1639 2651 1754 2689 Nuper
1768 2655 1877 2681 autem
1890 2651 1954 2680 fuit
1969 2650 2173 2689 propositum
2186 2657 2292 2680 coram
2304 2655 2355 2678 no·

1355 2703 1407 2732 bis
1424 2703 1521 2742 quod,
1538 2712 1612 2733 cum
1626 2712 1694 2739 vos,
1710 2704 1902 2734 mandatum
1917 2703 2134 2741 apostolicum
2149 2705 2353 2742 exequentes,

1356 2756 1497 2794 quedam
1510 2756 1544 2785 in
1560 2756 1633 2794 ipsa
1649 2756 1788 2787 ecclesia
1801 2757 1962 2787 duxeritis
1974 2756 2212 2786 deliberatione
2226 2752 2356 2794 provida

1357 2806 1541 2845 statuenda,
1562 2809 1597 2838 in
1613 2818 1668 2840 eos
1687 2810 1744 2848 qui
1761 2809 1963 2840 ordinationi
1981 2813 2088 2839 vestre
2107 2807 2356 2839 contradictores

1393 1182 1405 1197 «
1435 1193 1452 1199 ..
1480 1172 1629 1208 episcopo,
1658 1194 1678 1200 ..
1707 1172 1818 1200 dcccmo
1844 1177 1870 1201 et
1897 1194 1915 1200 ..

1391 2934 1412 2958 l.
1430 2935 1493 2958 Aux
1510 2935 1631 2959 editions
1647 2936 1680 2959 de
1696 2938 1767 2959 cette
1785 2935 1863 2966 piece
1879 2935 2023 2966 indiquees
2039 2942 2088 2966 par
2104 2934 2255 2964 ΡΟΤΤΗΛετ,
2270 2932 2288 2957 il
2301 2929 2356 2956 faut

1359 2979 1466 3009 1130οῑ01-
1483 2988 1488 3003 :
1503 2981 1591 3004 Gallia
1604 2981 1771 3010 christiana,
1787 2982 1806 3003 t.
1823 2980 1846 3004 V
1862 2979 1951 3010 (¹731),
1968 2980 2019 3004 col.
2036 2980 2091 3009 709,
2107 2986 2140 3003 ex
2154 2979 2258 3008 Reyest.
2273 2975 2356 3001 Valtc.

2419 2991 2421 3003 1

2419 3004 2421 3023 l
