2519 3518
71 288 127 320 137
906 279 1134 318 NEUVIEME
1155 279 1314 317 ANNEE.
2098 291 2152 322 133

67 355 132 385 filii
148 355 252 385 nostri
271 377 290 384 ..
307 354 449 385 illustris
465 354 552 392 regis
572 354 719 392 Ungarie
733 353 957 384 intelleximus
971 352 1069 391 quod,

68 407 281 437 matrimonio
295 407 382 437 inter
398 411 429 437 te
443 415 480 436 ac
497 406 650 437 dilectam
666 407 700 435 in
713 406 845 437 Christo
858 405 958 435 tiliam
973 404 1069 439 Ioles,

70 463 182 489 natam
204 468 315 494 suam,
339 463 506 489 contracto
526 459 685 497 legitime,
710 459 797 489 idem
816 458 887 493 tibi,
916 466 973 496 pro
999 457 1072 487 dote

68 511 242 542 duodecim
272 511 402 541 milium
431 520 616 541 marcarum
644 511 772 548 argenti
796 519 894 549 quam
919 519 976 548 pro
1001 510 1073 547 ipsa

69 563 262 599 constituit,
288 564 447 602 quosdam
470 563 617 594 redditus
637 563 811 601 obligavit,
839 563 896 602 qui
918 563 1072 592 tricesima

68 616 251 654 vulgariter
267 615 484 654 appellantur,
501 616 626 646 tamdiu
642 624 660 645 a
676 620 706 646 te
718 615 957 654 percipiendos,
971 614 1073 644 donec

69 678 110 700 ex
125 669 174 700 eis
189 669 371 707 predictam
386 677 549 699 summam
565 669 693 706 integre
708 668 813 698 fueris
830 671 1013 698 assecutus.
1025 667 1073 696 Tu

70 730 148 752 vero
158 731 174 752 e
188 730 346 751 converso
358 721 464 751 eidem
476 721 569 751 uxori
582 725 635 751 tue
645 720 757 750 villam
768 720 890 750 Montis
902 719 1071 755 Pesulani,

68 783 144 804 cum
161 774 307 804 dominio
331 778 362 804 et
382 774 535 804 districtu
555 782 629 808 suo,
652 777 683 804 et
701 773 893 803 comitatum
913 773 951 802 de
967 772 1073 802 Amil-

69 825 155 861 lavo,
175 835 249 856 cum
266 826 337 866 ejus
355 826 584 865 pertinentiis,
609 825 643 855 in
663 825 876 856 donationem
894 834 992 864 quam
1008 824 1073 854 sibi

69 878 181 909 fecisti
200 883 332 917 propter
350 878 500 917 nuptias,
525 878 715 916 assignasti.
734 878 802 908 Nos
826 877 939 915 igitur,
958 877 1023 907 tuis
1043 881 1074 906 et

69 931 177 970 ipsius
192 932 280 969 regis
298 931 452 970 precibus
468 931 632 966 inclinati,
650 930 736 970 quod
753 939 851 969 super
866 930 932 960 hiis
949 931 1073 960 factum

68 988 130 1019 est,
160 984 246 1014 sicut
270 984 305 1013 in
332 983 490 1022 predictis
511 983 632 1014 litteris
656 983 855 1018 continetur,
879 983 1073 1013 auctoritate

69 1036 250 1075 apostolica
266 1037 499 1066 confirmamus
516 1040 577 1066 etc.
594 1035 687 1066 Nulli
703 1044 780 1073 ergo
796 1039 856 1065 etc.
877 1035 911 1065 Si
930 1035 1005 1073 quis
1019 1044 1072 1064 au-

70 1093 137 1119 tem
153 1093 214 1119 etc.
231 1089 304 1118 Dat.
320 1088 463 1123 Perusii,
478 1089 507 1119 V
522 1088 597 1118 idus
613 1087 756 1126 augusti.
775 1096 862 1117 anno
880 1096 977 1117 nono.
998 1099 1011 1113 ι»

142 1279 263 1307 ἓῖἓῧ
658 1279 794 1311 Perouse,
810 1278 826 1305 9
842 1278 1000 1305 aout1235.

105 1341 250 1376 Episcopo
263 1340 584 1374 Quinqueecclesiensi,
599 1342 627 1367 et
643 1340 792 1374 magistris
810 1340 938 1367 militiae
955 1340 1073 1374 Templi

68 1392 100 1417 et
124 1389 290 1424 Hospitalis
315 1389 652 1423 Hierosolymitanorum
677 1389 708 1415 in
732 1388 886 1422 Hungaria
909 1388 945 1415 de
971 1388 1072 1414 eadem

70 1446 102 1465 re
123 1437 264 1470 scribens,
287 1437 409 1464 mandat
433 1439 587 1471 quatenus,
610 1451 642 1455 —-
665 1445 743 1469 cum,
767 1436 957 1464 matrimonio
981 1444 1074 1470 nuper

68 1486 149 1513 inter
177 1483 378 1520 [Yolandam],
405 1487 506 1512 natam
536 1483 703 1520 [Andreae],
729 1485 804 1519 regis
830 1485 1016 1519 Hungariae,
1046 1487 1075 1512 et

69 1532 245 1568 {Jacobum],
262 1541 359 1567 regem
376 1533 561 1567 Aragonum,
578 1533 711 1568 legitime
726 1535 884 1566 contracto,
905 1533 1001 1560 dictus
1023 1541 1074 1560 rex

70 1581 253 1616 Hungariae,
278 1589 329 1615 pro
351 1581 417 1609 dote
441 1581 595 1608 duodecim
621 1581 740 1608 milium
761 1589 927 1608 marcarum
947 1581 1073 1615 argenti,

68 1638 159 1665 quam
177 1630 273 1657 eidem
294 1630 372 1657 filiae
394 1637 463 1656 suae
485 1629 688 1663 constituerat,
705 1629 845 1664 quosdam
864 1629 1007 1662 redditus,
1024 1629 1074 1664 qui

71 1679 210 1704 tricesima
231 1678 394 1712 vulgariter
415 1677 651 1712 appellabantur,
674 1679 804 1712 praefato
824 1678 885 1712 regi
904 1678 1073 1711 Aragonum

70 1726 238 1761 obligasset,
255 1726 371 1753 tamdiu
393 1725 430 1753 ab
451 1726 514 1760 ipso
534 1725 749 1760 percipiendos,
770 1726 862 1753 donec
877 1734 912 1753 ex
932 1726 973 1753 eis
991 1734 1074 1760 prae-

69 1774 183 1801 dictam
195 1782 342 1800 summam
354 1773 433 1800 idem
445 1781 496 1800 rex
506 1774 675 1807 Aragonum
689 1773 803 1807 integre
814 1773 903 1800 fuerit
913 1776 1073 1806 assecutus,

71 1837 105 1841 —
127 1822 292 1856 praedictos
310 1823 469 1856 proventus
489 1821 526 1848 ad
545 1830 616 1856 opus
637 1821 792 1848 memorati
811 1821 887 1854 regis
903 1821 1072 1855 Aragonum

70 1871 159 1898 annis
174 1870 300 1904 singulis
315 1870 466 1904 colligant.
483 1884 515 1888 —
532 1870 617 1902 (Res.
630 1869 673 1902 18,
686 1870 706 1896 t.
719 1869 754 1896 60
764 1872 808 1902 v⁰;
821 1877 890 1896 ann.
903 1870 956 1902 IX,
969 1877 992 1896 c.
1006 1869 1073 1901 186;

72 1934 106 1938 —
129 1920 285 1947 PorrnAST
306 1919 394 1951 9985;
418 1933 450 1937 —
469 1919 494 1946 J.
516 1919 685 1945 DELAVILLE
707 1918 749 1945 Li:
774 1918 892 1950 Romx,
917 1917 1075 1943 Carlulaire

70 1967 184 2000 general
197 1967 242 1992 des
256 1967 442 2000 Hospa‘talz'vrs,
456 1969 478 1993 t.
495 1967 536 1999 II,
551 1975 578 2000 p.
595 1966 656 1999 488,
674 1969 703 1992 n⁰
717 1966 810 1997 2119.)

116 2091 129 2106 α
160 2102 182 2108 ..
211 2081 344 2117 episcopo
376 2079 687 2116 Quinquecclesiensi,
719 2083 745 2107 et
777 2079 934 2115 maqistris
964 2079 1075 2107 militie

76 2133 191 2169 Templi
205 2137 230 2161 et
245 2132 408 2169 Hospitalis
423 2132 764 2160 Hierosolimitanorum
784 2132 816 2159 in
840 2131 986 2168 L‘nyaria.
1004 2131 1074 2160 Ma-

72 2184 230 2214 trimonio
247 2192 350 2222 nuper
365 2183 452 2213 inter
468 2201 516 2211 —.
534 2184 607 2213 Dat.
626 2183 768 2218 Perusii,
788 2184 817 2212 V
834 2183 908 2213 idus
929 2183 1072 2220 augusti,

71 2244 162 2266 anno
178 2245 275 2266 nono,
297 2247 310 2263 n

146 2427 266 2455 2324

111 2489 208 2517 Priori
224 2492 253 2515 et
268 2488 352 2515 fratri
374 2487 536 2523 Rad[ulfo],
552 2488 664 2515 ordinis
682 2488 933 2522 Praedicatorum,
951 2490 1077 2517 Sanctae

76 2538 191 2566 Mariae
206 2537 242 2564 ad
259 2537 374 2565 Gradus
387 2536 595 2568 Viterbiensis,
608 2536 742 2570 indulget
757 2540 789 2563 ut
805 2537 951 2564 universis
964 2539 1025 2572 qui,
1042 2539 1077 2565 de

75 2585 259 2614 Viterbiensi
271 2588 299 2612 et
314 2585 505 2617 Tuscanensi,
519 2585 640 2617 Ortano,
654 2585 903 2619 Balneoregiensi,
916 2586 1076 2619 Castrensi,

76 2634 235 2666 Suanensi,
251 2633 417 2660 Anieliensi
433 2636 461 2660 et
476 2633 636 2660 Narniensi
654 2633 880 2667 episcopatibus,
897 2634 932 2660 ad
947 2634 1075 2668 ipsorum

75 2682 326 2718 praedicationem
341 2682 504 2711 venientes,
528 2684 631 2715 sponte
655 2681 690 2707 ad
716 2681 902 2708 Christianae
918 2682 985 2708 fidei
999 2683 1077 2709 redi-

75 2734 143 2758 rent
153 2731 310 2763 unitatem,
323 2730 515 2757 absolutionis
533 2733 561 2756 et
575 2729 824 2756 reconciliationis
840 2738 946 2757 munus
961 2730 1077 2764 impen-

76 2780 159 2807 dant.
177 2794 208 2797 —
229 2779 316 2811 (Bm.
337 2778 386 2811 18,
409 2779 429 2805 f.
450 2778 485 2805 60
499 2781 545 2810 v⁹;
565 2786 634 2805 ann.
659 2777 715 2809 IX,
739 2777 847 2809 o,187;
870 2792 901 2796 —
923 2778 1078 2805 Pom-rnAsr

72 2827 156 2860 9988,
170 2827 224 2854 sub
240 2828 269 2852 in
281 2835 304 2853 e.
319 2829 369 2858 m.)

645 2428 781 2458 Pe'rouse,
797 2427 830 2454 12
845 2430 913 2454 aont
926 2427 1004 2455 1235.

119 2939 133 2955 α
155 2926 204 2965 [..]
222 2918 324 2965 priori
343 2931 369 2955 et
392 2927 488 2962 fratri
510 2926 673 2963 Rad[ulfo],
695 2926 814 2954 ordinis
835 2926 1075 2961 Predicatorum,

1153 353 1261 382 Sancte
1276 355 1370 383 Marie
1385 355 1424 383 ad
1441 355 1557 384 Gradus
1577 356 1776 385 l'ilerbiensis.
1794 356 1878 392 Quia
1893 356 2029 394 dignum
2041 361 2089 386 est
2100 373 2149 385 -.

1154 405 1227 434 Dat.
1250 406 1389 440 Pcrnsii,
1409 407 1440 436 11
1460 407 1533 436 idus
1550 408 1692 445 augusti,
1711 417 1797 437 anno
1817 417 1912 438 nono.
1933 421 1945 434 n

1225 581 1346 611 2⁷25
1723 585 1856 617 Pcrouse,
1873 585 1906 612 12
1919 588 1986 612 aout
2001 586 2079 612 1235.

1190 641 1365 677 Episcopum
1379 643 1524 671 Ortanum
1537 645 1571 671 de
1585 646 1731 679 superiore
1746 647 1781 673 ad
1796 647 1919 681 priorem
1933 647 2150 675 Viterbiensem

1155 692 1182 716 et
1207 691 1326 717 fratrem
1352 692 1513 718 Radulfum
1538 693 1661 726 epistola
1685 697 1795 721 certum
1818 695 1898 727 lacit,
1924 695 2007 729 eique
2030 696 2152 723 mandat

1155 741 1298 771 quatenus
1313 739 1349 765 ad
1361 740 1582 774 exstirpandam
1595 741 1630 767 de
1643 742 1765 769 civitate
1776 751 1810 769 ac
1823 743 1946 770 dioecesi
1960 744 2071 771 Ortana
2084 752 2152 778 pra-

1155 786 1278 813 vitatem
1304 788 1481 815 haereticam
1499 789 1539 815 eis
1563 789 1751 823 impertiatur
1766 791 1921 818 consilium
1945 796 1971 818 et
1992 792 2150 819 auxilium.

1155 849 1186 852 —
1200 835 1286 866 (ΗΕΘ.
1301 835 1344 868 18,
1362 836 1381 862 f.
1396 835 1427 862 61
1443 839 1482 868 r⁰;
1497 845 1565 863 ann.
1581 837 1633 869 IX,
1648 838 1754 870 c.188;
1771 853 1802 857 —
1823 839 1977 866 PorrnAsr
1989 839 2081 871 9989.)

1197 946 1210 960 α
1241 958 1260 963 ..
1289 937 1422 973 episcopo
1448 936 1571 965 Orlano.
1598 937 1682 973 Quia
1707 938 1843 976 dignuin
1871 943 1918 968 est
1942 956 1990 967 —.
2018 940 2090 969 Dat.
2115 943 2153 969 ut

1155 995 1263 1024 supra.
1283 1000 1294 1013 n

1225 1157 1344 1185 2⁷26
1740 1161 1874 1194 Pe'rouse,
1889 1163 1905 1189 9
1920 1166 1987 1190 aont
2003 1164 2080 1190 1235.

1191 1218 1383 1251 Colomanno,
1398 1220 1457 1253 regi
1472 1218 1710 1256 [Ruthenorurn],
1728 1223 1787 1249 filio
1800 1222 1967 1258 A[ndreae],
1983 1225 2057 1258 regis
2071 1225 2154 1252 Hun-

1156 1266 1263 1300 gariae,
1287 1267 1503 1294 concessionem
1524 1271 1617 1295 terrae
1637 1269 1764 1301 Bosnae,
1790 1270 1846 1304 ipsi
1869 1279 1883 1297 a
1908 1273 2037 1305 praefato
2061 1272 2154 1307 ipsius

1156 1317 1239 1348 patre
1255 1315 1374 1347 factam,
1391 1316 1554 1342 confirmat.
1568 1330 1599 1334 —
1611 1317 1697 1348 (Rea.
1709 1317 1752 1349 18,
1767 1319 1786 1344 t'.
1799 1318 1830 1344 61
1846 1322 1885 1350 1¹⁹:
1898 1328 1967 1345 ann.
1981 1320 2032 1353 IX,
2045 1328 2069 1346 c.
2083 1320 2152 1352 189;

1157 1376 1189 1380 —
1201 1362 1333 1390 Monsau
1349 1363 1428 1396 1190,
1444 1364 1464 1390 f.
1482 1364 1548 1396 103;
1564 1379 1596 1383 —
1612 1364 1767 1392 PorrnAsr
1782 1366 1873 1398 9986.)

1199 1475 1212 1489 α
1238 1464 1360 1492 Illustri
1384 1465 1448 1501 reyi
1473 1464 1670 1500 Colomanno,
1702 1471 1772 1495 nalo
1796 1468 1951 1496 carissimi
1978 1469 2011 1497 in
2036 1469 2154 1498 Christo

1156 1515 1218 1552 filii
1239 1517 1337 1545 nostri
1357 1517 1408 1551 A.,
1437 1517 1569 1546 illustris
1590 1518 1670 1554 repis
1694 1518 1834 1555 L'nyarie.
1858 1519 1949 1549 Licet
1969 1520 2156 1558 Apostolice

1158 1567 1253 1598 Sedis
1270 1585 1319 1597 —.
1334 1568 1408 1598 Dat.
1426 1569 1567 1606 Perusii‚
1585 1570 1615 1600 V
1628 1570 1703 1600 idus
1717 1572 1860 1609 augusti,
1878 1581 1964 1602 anno
1982 1581 2079 1603 nono.
2100 1585 2114 1600 n

1228 1746 1346 1774 2¹72?

1192 1808 1336 1841 Magistro
1358 1808 1487 1842 Hugoni,
1511 1809 1622 1836 cantori
1650 1810 1768 1843 Pisano,
1794 1811 1926 1839 Parisius
1950 1814 2156 1846 commoranti,

1158 1857 1280 1883 mandat
1295 1861 1450 1890 quatenus,
1465 1857 1489 1883 si
1505 1866 1621 1884 necesse
1637 1859 1737 1891 fuerit,
1752 1862 1868 1886 tantum
1884 1861 1920 1887 de
1933 1862 2077 1889 fructibus
2093 1871 2158 1890 mo-

1157 1903 1278 1930 nasterii
1299 1903 1519 1937 columbensis,
1535 1905 1648 1932 ordinis
1665 1907 1759 1933 sancti
1778 1908 1946 1941 Benedicti,
1968 1909 2156 1937 Carnotensis

1156 1951 1313 1983 dioecesis,
1330 1952 1429 1985 colligi
1447 1952 1545 1985 faciat,
1563 1953 1638 1986 quod
1658 1954 1764 1981 exinde
1778 1956 1864 1989 plena
1884 1956 2046 1984 satisfactio
2065 1958 2157 1992 possit

1157 2000 1332 2033 quibusdam
1349 2000 1528 2027 Senensibus
1543 2002 1752 2029 mercatoribus
1763 2004 1835 2035 fieri,
1852 2012 1902 2037 pro
1914 2005 2037 2039 quodam
2055 2008 2157 2033 mutuo

1157 2051 1306 2075 contracto
1319 2049 1470 2076 occasione
1484 2049 1686 2083 inquisitionis
1699 2055 1800 2079 contra
1811 2053 1848 2079 11.
1863 2055 2037 2080 monachum
2051 2055 2155 2086 factae,

1157 2098 1252 2132 quise
1272 2106 1323 2132 pro
1344 2098 1474 2131 ejusdem
1499 2100 1669 2126 monasterii
1691 2100 1796 2127 abbate
1811 2101 1937 2134 gerebat.
1955 2117 1986 2120 —
2009 2103 2094 2134 (Rea.
2112 2103 2155 2135 18,

1156 2146 1176 2171 f.
1194 2144 1225 2171 61
1243 2147 1283 2176 r⁰;
1300 2153 1369 2171 ann.
1387 2145 1439 2177 lx,
1457 2153 1480 2171 c.
1498 2145 1565 2177 190;
1582 2161 1612 2163 —
1629 2147 1666 2172 cf.
1681 2154 1776 2180 supra,
1792 2151 1820 2174 n⁰
1833 2148 1926 2179 2004.)

1694 1748 1830 1782 Percuse,
1844 1749 1878 1776 30
1892 1750 1990 1783 juillet
2006 1751 2084 1778 1235.

1198 2257 1211 2272 ιι
1236 2246 1380 2282 Magistro
1401 2245 1537 2283 Huqoni,
1567 2248 1687 2276 cantori
1712 2248 1838 2283 Pisano,
1864 2250 2003 2279 Parisius
2026 2259 2158 2280 commo-

1155 2299 1254 2326 ranti.
1280 2297 1364 2327 Cum
1392 2297 1531 2327 dilectus
1560 2298 1650 2329 filius
1682 2304 1794 2330 noster
1819 2301 2039 2342 G[uifredus],
2069 2302 2158 2333 tituli

1157 2350 1270 2380 Sancti
1286 2350 1389 2379 Marci
1408 2350 1569 2388 presbiter
1585 2351 1774 2387 cardinalis,
1793 2363 1809 2383 a
1826 2354 1920 2384 nobis
1938 2355 1972 2384 in
1992 2364 2089 2386 causa
2106 2356 2159 2385 in-

1157 2402 1350 2440 quisitionis
1367 2402 1452 2432 facte
1468 2407 1581 2432 contra
1599 2404 1640 2433 H.
1658 2406 1867 2441 monachum,
1881 2408 1937 2446 qui
1952 2417 1986 2438 se
2002 2410 2084 2446 gerit
2100 2419 2158 2448 pro

1157 2454 1274 2484 abbate
1296 2455 1491 2485 monasterii
1515 2455 1760 2493 Columbensis,
1779 2459 1905 2490 ordinis
1928 2462 2032 2490 sancti
2052 2462 2158 2492 Bene-

1157 2507 1252 2543 dicti,
1268 2507 1483 2538 Carnotensis
1497 2508 1648 2544 diocesis,
1667 2510 1762 2541 datus
1779 2512 1918 2547 auditor,
1937 2514 1982 2548 S„
2000 2515 2102 2552 priori
2119 2515 2157 2544 de

1158 2559 1330 2594 Domibus,
1344 2559 1746 2593 Th.,vicee1em0sinario.
1765 2568 1793 2593 et
1813 2564 1989 2602 Stephano,
2008 2575 2158 2604 procura-

1159 2612 1222 2641 tori
1240 2635 1261 2640 ..
1278 2612 1413 2650 majoris
1429 2613 1560 2650 prioris.
1581 2637 1599 2642 ..
1619 2616 1786 2652 prepositi,
1807 2639 1826 2644 ..
1847 2616 2011 2647 cellararii
2031 2624 2059 2648 et
2077 2628 2157 2657 quo-

1158 2664 1310 2694 rumdam
1335 2663 1476 2693 aliorum
1498 2666 1732 2696 monachorum
1750 2667 1855 2705 ipsius
1878 2671 2070 2700 monasterii
2092 2671 2158 2701 cis-

1158 2717 1231 2747 dem
1243 2716 1483 2752 adherentium,
1494 2717 1533 2746 ad
1542 2719 1804 2756 prosequendum
1815 2722 1947 2750 cansam
1956 2721 2156 2761 hujusmodi.

1158 2779 1263 2808 usque
1280 2769 1320 2799 ad
1340 2778 1503 2799 summani
1525 2771 1703 2808 nonaginta
1725 2781 1909 2803 marcarum
1930 2776 2057 2812 argenti
2079 2784 2157 2805 con-

1158 2822 1312 2852 trahendi
1327 2826 1494 2856 mutuum,
1519 2822 1557 2852 de
1580 2823 1675 2853 honis
1700 2825 1846 2863 ejusdem
1865 2827 2057 2856 monasterii
2082 2837 2158 2866 per·

1159 2874 1363 2909 solvendum,
1382 2874 1420 2904 de
1437 2875 1589 2904 mandato
1603 2881 1713 2906 nostro
1729 2878 1926 2907 concesserit
1943 2879 2133 2910 facultatem
2149 2889 2154 2908 :

1158 2926 1363 2965 presentium
1383 2926 1444 2955 tibi
1461 2927 1653 2957 auctoritate
1675 2929 1868 2959 mandamus
1887 2935 2064 2968 quatenus,
2083 2931 2157 2962 illos
