2423 3487
90 277 158 307 tttt
812 267 1049 300 Racisrucs
1073 264 1126 293 DE
1149 257 1371 296 GREGotRF.
1399 269 1456 297 [x.
2112 266 2185 295 urz

159 344 269 371 11θὶ
666 337 794 368 Anauni,
810 337 842 362 13
859 337 926 361 :urit
942 334 1018 360 1238.

124 406 266 439 Epis-copo
288 404 445 436 §pol-*tana
467 403 524 427 late
547 400 649 426 scribit
670 399 705 425 (le
728 401 838 424 statuto
861 404 954 430 nupir
977 405 991 421 a
1017 394 1092 421 sodo

88 453 257 488 Apostolica
276 452 354 477 edito
372 458 458 484 super
475 449 622 475 divisione
642 449 835 481 proventuum
859 444 999 471 eccl-*siass
1019 444 1093 470 Rea-

90 504 168 531 tinac
187 502 262 527 inter
277 500 444 533 epist-opum
464 501 489 524 et
507 497 670 530 capitulum
691 495 829 521 Reatinos
847 493 991 521 facienda.
1009 491 1094 525 eique

90 552 184 578 mittit
200 549 428 576 sle-lararioneni
445 546 635 580 apostolicam
657 552 744 578 super
762 543 862 569 eadem
881 541 1045 570 divisione:
1067 540 1093 566 ei

90 600 211 627 man-'lat
227 601 380 631 qnatenus.
395 596 418 622 si
435 603 491 629 qua
505 594 540 620 de
553 592 678 619 decimis
691 595 719 618 et
734 590 924 625 proventibus
939 588 1095 615 beneficio-

89 657 152 675 rum
168 648 203 673 :vl
218 645 372 673 canonicos
384 644 523 671 Reatinos
537 641 735 676 spectantium
750 649 783 666 aa*
797 640 832 666 de
845 639 923 669 aliis,
937 648 951 665 a
964 642 1095 671 tempore

91 696 231 731 praedicti
248 694 350 721 statuti
374 702 390 727 p
403 696 508 725 wcepta
530 691 619 717 fuisse
642 689 813 723 reppererit,
839 696 912 722 quae
932 687 1094 713 secundnm

89 745 219 777 ejusdem
237 742 340 769 statuti
357 743 478 767 sormam
498 748 554 766 non
571 739 631 765 sint
648 738 724 764 inter
744 737 907 771 praedictos
925 736 1094 770 episcopum

88 797 117 820 et
133 793 295 827 capitulum
311 790 419 818 divisa,
436 788 669 815 satisfactionem
685 794 843 819 congruam
858 786 894 812 de
909 785 964 815 bis,
980 786 1096 810 servata

90 841 235 877 praesenti
250 839 459 867 declarationo.
477 838 563 864 fac-iat
581 837 649 862 binc
665 836 732 862 inde
746 834 890 861 exbiberi.
905 848 936 852 —
950 834 1037 863 (Ram.
1051 833 1096 865 19,

91 894 110 918 t‘.
135 892 167 918 44
189 894 228 918 ι-“;
245 897 314 915 ann.
335 889 401 917 ΧΠ,
424 887 531 915 12218:
550 901 581 903 -
598 887 792 916 ef.x11pra,n.
812 883 920 910 426101
944 882 1030 910 1131.)

131 1006 143 1020 α
179 1016 198 1021 ..
226 993 359 1028 episcopo
384 990 553 1027 Spolcmno.
581 984 773 1016 Venerabili
806 984 905 1013 fratre
936 987 1046 1012 nostro
1077 1005 1096 1010 ..

88 1047 241 1086 episcopo
260 1048 289 1073 et
304 1042 434 1072 dilectis
453 1041 529 1070 liliis
546 1038 690 1077 capitulo
705 1037 856 1068 Reatinis
873 1036 952 1066 olim
971 1044 1028 1074 pro
1046 1035 1096 1063 in-

89 1099 196 1129 diviso
215 1095 460 1136 possidentibus
472 1094 557 1123 bona
571 1091 710 1123 ecclesie
726 1090 876 1124 Reatino,
899 1098 969 1123 nos,
985 1088 1097 1118 volen-

87 1159 137 1183 tes
159 1149 380 1181 dissensionis
404 1152 573 1185 amputare
599 1145 781 1178 mitet-iam,
808 1152 871 1182 qne
899 1143 986 1171 inter
1008 1141 1097 1179 ipsos

91 1208 282 1244 frequenter
304 1201 420 1232 exinde
442 1198 664 1236 contingebat.
687 1197 724 1227 de
751 1197 890 1226 fratrum
909 1200 1097 1224 nostrorum

89 1258 229 1290 consilio
253 1255 407 1285 duximus
431 1251 643 1283 statuendum
670 1254 703 1279 nt
728 1250 766 1279 de
787 1248 942 1278 omnibns
959 1255 1099 1285 proven-

89 1313 179 1343 tibus
196 1311 281 1350 [etr.,
302 1313 337 1338 ut
357 1316 468 1344 supra,
492 1306 527 1334 in
543 1304 664 1334 litteris
681 1303 742 1332 sub
757 1310 894 1331 numero
912 1300 983 1329 4431
1006 1303 1098 1329 nota-

87 1367 143 1400 tis,
168 1372 273 1402 nsque
292 1362 312 1401 ι]
334 1370 391 1391 seu
411 1360 511 1389 etiam
535 1357 718 1390 feudorum,
748 1364 806 1385 nec
831 1363 893 1384 non
917 1352 1099 1392 possessio-

90 1427 169 1448 num
198 1424 280 1455 quas
303 1414 402 1443 babet
424 1412 597 1450 episcopus
622 1409 800 1442 Reatinus,
829 1415 892 1445 qne
920 1406 1099 1442 beneficium

88 1471 219 1510 episcopt
235 1466 470 1507 appellantui·¹,
485 1464 698 1496 decimarum,
713 1465 880 1499 pratorum
898 1459 984 1498 [etc.,
998 1463 1032 1488 ut
1043 1467 1098 1488 sn-

88 1534 157 1563 pra,
179 1524 212 1553 in
232 1521 357 1551 eisdem
372 1518 505 1552 litteris,
527 1516 640 1555 paucis
659 1515 805 1550 mutatis,
825 1522 929 1552 usque
952 1511 971 1551 z]
992 1520 1099 1541 reser-

88 1578 185 1609 vatis.
205 1577 237 1605 in
253 1575 373 1614 quibus
387 1572 443 1601 illa
460 1570 586 1600 includi
603 1577 667 1598 non
685 1567 921 1597 intelleximus,
942 1573 1016 1604 qne,
1034 1569 1097 1593 tam
1141 1596 1142 1599 Ἰ

90 1633 124 1662 in
139 1630 270 1661 civitate
291 1634 389 1666 quam
404 1625 437 1654 in
457 1622 592 1656 diocesi,
613 1621 651 1650 de
668 1620 858 1658 episcopatu
873 1618 958 1647 idem
977 1617 1101 1655 episco-

91 1693 152 1723 pus
164 1681 331 1722 percipere
350 1676 521 1708 consuevit
534 1685 539 1709 ;
554 1673 671 1712 legatis
687 1677 796 1702 autem
814 1676 843 1701 et
859 1670 985 1700 nuntiis
1005 1669 1100 1699 Sedis

93 1735 279 1776 Apostolice
299 1731 509 1762 medietatem
531 1726 798 1766 procurationum
824 1724 863 1753 ab
885 1723 1048 1761 episcopo,
1069 1726 1100 1751 et

90 1791 191 1821 aliam
205 1786 414 1817 medietatem
431 1792 447 1812 a
463 1780 606 1819 capitulo
621 1779 658 1809 de
675 1778 740 1807 biis
755 1777 860 1807 exolvi
877 1775 1096 1814 precepimus,

90 1851 155 1883 que
173 1848 276 1879 usque
293 1838 332 1867 ad
351 1834 539 1875 hujusmodi
557 1832 671 1863 statuti
697 1836 824 1868 tempus
846 1830 878 1858 in
898 1828 1099 1867 prestatione

91 1898 240 1935 ipsarum
256 1889 523 1930 procurationum
540 1886 730 1924 episcopum
753 1888 783 1913 et
807 1881 990 1920 capitulum
1010 1888 1099 1909 com-

91 1948 237 1978 muniter
259 1941 512 1980 contingel)ant;
536 1947 635 1976 super
654 1936 768 1967 eadem
787 1939 920 1969 statuto,
941 1934 1100 1963 duraturo

92 2009 196 2040 usqne
210 1999 249 2028 ad
264 2001 413 2026 nostrum
427 1991 685 2030 beneplacitum.
706 1987 889 2019 venerabili
908 1987 1008 2016 fratre
1029 1994 1099 2015 nos-

91 2062 140 2084 tro
157 2051 342 2089 ..episcopo
358 2044 602 2078 Inter-amnensi
618 2047 790 2073 executore
806 2048 974 2070 concesso.
994 2040 1018 2068 Α
1037 2047 1101 2077 quo

92 2117 168 2138 cum
185 2114 259 2144 pars
282 2101 417 2141 capituli
443 2099 483 2129 ad
504 2098 621 2129 Sedem
646 2095 868 2134 Apostolicam
892 2093 1101 2132 appellasset,

94 2161 242 2193 tandem,
271 2153 539 2195 procuratoribus
568 2150 711 2189 partium
734 2149 767 2177 in
797 2152 908 2177 nostra
935 2145 1102 2184 presentia

93 2210 296 2244 constitutis,
314 2208 362 2238 eis
378 2203 602 2236 venerabilem
619 2203 755 2232 fratrem
768 2204 917 2230 nostrum
936 2222 955 2227 ..
974 2198 1104 2229 Ostien-

92 2274 165 2298 sem
183 2263 373 2302 episcopum
392 2257 617 2289 concessimus
635 2254 830 2284 auditorem.
850 2253 920 2289 Quo
937 2251 1104 2290 proposita

93 2326 205 2350 coram
223 2316 293 2353 ipso
313 2312 408 2343 nobis
424 2310 563 2340 fideliter
583 2308 758 2341 referente,
778 2314 876 2344 snper
892 2305 959 2334 hiis
978 2304 1011 2333 in
1030 2304 1105 2342 qui-

95 2373 156 2402 bus
173 2366 352 2407 apostolica
367 2362 545 2394 declaratio
562 2361 744 2399 petebatur,
763 2359 810 2389 sic
826 2358 980 2388 duximus
993 2357 1103 2395 provi-

93 2423 251 2455 dendum,
272 2418 424 2449 videlicet
447 2415 534 2455 quod
556 2413 785 2453 prebendariis
807 2417 837 2442 et
859 2411 925 2440 hiis
942 2411 998 2449 qui
1019 2410 1104 2439 bona

95 2486 157 2508 sua
172 2473 311 2506 ecclesie
329 2470 551 2503 contulerunt,
567 2467 653 2497 cecis
671 2474 800 2505 quoqne
820 2469 849 2494 et
869 2463 1008 2493 claudis.
1030 2463 1105 2501 qui-

96 2532 157 2561 bus
180 2530 253 2567 ipsa
281 2529 410 2556 tenetur
435 2522 576 2553 ecclesia
607 2519 794 2550 necessaria
824 2518 1026 2547 ministrare.
1054 2511 1107 2545 et²

95 2588 171 2615 ante
191 2580 389 2611 divisionem
414 2574 605 2614 hujusmodi
625 2574 663 2604 de
685 2573 781 2603 bonis
803 2570 1035 2601 communibus
1060 2573 1106 2599 sest

96 2636 278 2676 provisum,
302 2637 367 2661 tam
391 2630 564 2668 episcopus
586 2635 686 2666 quam
703 2625 855 2655 canonici
877 2633 933 2662 pro
958 2627 1027 2652 rata
1045 2631 1107 2660 que

95 2687 259 2725 contingit
273 2684 416 2717 eosdem,
435 2681 589 2713 studeant
601 2679 783 2718 providere.
800 2677 961 2708 Redditus
974 2683 1105 2714 qnoque

132 2822 152 2845 l.
170 2821 207 2845 Le
224 2819 343 2842 membre
360 2817 393 2840 de
407 2817 504 2847 phrase
522 2822 526 2838 z
545 2824 556 2836 α
575 2821 625 2838 nec
641 2820 696 2837 nou
711 2811 951 2843 possessionum...
971 2809 1109 2840 appellan-

98 2871 142 2891 tur
160 2876 180 2893 n,
195 2874 207 2888 a
223 2864 264 2888 ete
281 2862 371 2893 moute
387 2861 454 2885 dans
472 2861 497 2884 la
510 2866 601 2890 marge
613 2858 782 2885 extiarieme:
797 2856 814 2880 il
831 2863 864 2879 ne
881 2856 968 2886 figure
981 2861 1028 2884 pas
1041 2854 1108 2877 dans

104 2912 130 2933 la
146 2910 222 2940 pist-ce
237 2908 306 2932 4431.

135 2954 158 2977 Z.
176 2950 385 2977 Suus-entendu
407 2959 412 2972 ε
430 2950 542 2979 quibus.

1175 333 1392 363 vassallorum
1419 338 1449 363 et
1475 333 1676 363 locationum
1708 333 1831 362 fabrice
1862 332 1967 370 ipsius
1997 331 2136 361 ecclesie
2166 339 2184 361 a

1175 390 1318 424 tempore
1338 387 1432 425 cujus
1446 395 1510 416 non
1523 391 1609 416 extat
1627 386 1796 420 memoria,
1816 384 2004 423 specialiter
2021 383 2182 422 deputati,

1175 440 1214 469 de
1239 440 1361 478 quibus
1387 440 1467 469 olim
1494 440 1597 469 nichil
1621 440 1656 469 in
1678 448 1851 469 commune
1872 438 2017 474 devenit,
2045 436 2097 467 vel
2122 445 2186 475 que

1178 492 1241 530 ipsi
1270 492 1392 522 fabrice
1420 497 1476 522 aut
1503 493 1635 523 ornatui
1663 492 1899 531 relinquuntur
1923 490 2073 523 ecclesie.
2100 490 2189 519 inter

1178 545 1310 575 eosdem
1337 546 1528 584 episcopum
1554 551 1584 576 et
1606 545 1788 584 capitulum
1816 544 1954 574 mInime
1977 543 2189 578 dividantur3

1179 597 1236 627 sed
1250 597 1332 635 ipsa.
1346 606 1459 627 eorum
1470 597 1666 636 applicanda
1679 598 1808 628 usibus.
1821 597 1915 635 juxta
1927 595 2190 635 relinquentium

1180 650 1392 681 voluntatem.
1420 660 1476 689 per
1500 651 1629 690 aliquos
1652 650 1766 681 fideles
1788 651 1915 687 integre
1939 651 2188 679 conserventur.

1182 705 1226 734 De
1243 704 1387 742 panibus
1404 704 1538 743 quidem
1555 705 1624 743 qui,
1647 704 1780 734 nomine
1795 703 1945 741 septime,
1960 702 2001 732 ad
2017 701 2191 732 ecclesiam

1182 757 1465 792 transmittuntur,
1485 757 1656 787 observari
1675 757 1883 795 precepimus
1902 755 1999 794 quod,
2018 754 2088 785 sive
2105 753 2194 792 epis-

1182 819 1282 848 copus
1300 810 1420 840 absens
1439 811 1550 845 fuerit,
1568 811 1637 840 sive
1655 811 1822 848 presens¹‚
1836 809 1968 848 qnando
1980 817 2037 846 pro
2049 806 2192 845 singulis

1183 863 1353 893 canonicis
1366 863 1490 901 singuli
1501 872 1612 901 panes,
1628 867 1656 893 et
1668 863 1731 893 dno
1741 863 1951 892 destinantur
1960 870 2017 899 pro
2029 860 2193 898 episcopo.

1184 917 1230 946 ita
1250 912 1455 954 recipiantur
1472 916 1751 954 quemadmodum
1774 915 2057 945 transmittuntur.
2077 914 2194 943 Detra-

1183 969 1281 999 batur
1297 974 1406 999 tamen
1426 978 1483 1007 pro
1504 973 1573 998 rata
1592 973 1657 998 tam
1673 969 1824 1007 episcopo
1842 976 1941 1006 quam
1957 966 2139 999 canonicis,
2165 965 2195 996 si

1184 1023 1291 1052 minor
1305 1023 1388 1052 forte
1403 1032 1527 1061 panum
1541 1031 1699 1052 numerus
1717 1016 1935 1052 destinetur².
1950 1021 1985 1051 Si
1999 1024 2109 1050 autem
2122 1019 2196 1058 plu—

1185 1084 1235 1106 res
1247 1076 1343 1106 missi
1361 1076 1486 1106 fuerint
1500 1076 1533 1104 in
1547 1084 1735 1109 commune,
1751 1079 1828 1104 tunc
1843 1074 2016 1112 episcopus
2030 1077 2194 1112 quartam,

1182 1129 1335 1159 canonici
1352 1138 1428 1159 vero
1444 1133 1509 1159 tres
1519 1129 1705 1167 percipiant
1716 1128 1895 1166 portiones,
1905 1127 1992 1157 sicut
2003 1126 2041 1157 de
2055 1125 2194 1164 reliquis

1183 1182 1277 1213 bonis
1295 1182 1528 1212 communibus
1545 1186 1594 1211 est
1606 1185 1778 1211 statutum.
1799 1181 1953 1211 Preterea
1964 1180 2052 1210 idem
2069 1179 2197 1217 episco-

1183 1246 1253 1274 pus.
1269 1245 1334 1265 non
1345 1236 1496 1265 obstante
1505 1235 1671 1265 divisione
1680 1238 1709 1264 et
1721 1234 1948 1272 assignatione
1958 1242 2040 1272 quas
2053 1232 2194 1262 dilectus

1183 1289 1271 1319 filius
1285 1287 1641 1327 nostei·R[ayne1·ius].
1655 1288 1774 1317 Sancte
1788 1286 1892 1317 Marie
1905 1286 1939 1315 in
1949 1285 2121 1316 Cosmidin
2133 1284 2200 1314 dia-

1182 1350 1284 1371 conus
1298 1341 1488 1372 cardinalis.
1509 1341 1706 1370 auctoritate
1722 1338 1900 1378 apostolica
1917 1339 2004 1368 inter
2019 1337 2197 1367 canonicos

1183 1399 1213 1425 et
1229 1395 1314 1424 bone
1329 1394 1487 1425 memorie
1502 1394 1568 1431 R.³,
1588 1393 1855 1432 predecessorem
1874 1392 2022 1431 ejusdem
2038 1390 2195 1429 episcopi.

1183 1448 1302 1478 fecisse
1314 1447 1508 1480 dinoscitur,
1527 1446 1565 1476 de
1581 1446 1744 1476 fructibus
1757 1445 1995 1476 beneficiorum
2008 1453 2071 1483 que
2086 1447 2198 1473 tenent

1182 1501 1343 1535 canonici,
1364 1505 1526 1539 quartam.
1542 1499 1635 1537 juxta
1653 1504 1800 1529 tenorem
1819 1498 1935 1528 statuti
1954 1497 2066 1533 nostri,
2090 1495 2197 1535 perci-

1184 1555 1249 1592 piat
1262 1554 1455 1592 portionem.
1470 1553 1508 1582 Et
1519 1553 1607 1586 licet,
1622 1556 1713 1590 parte
1723 1550 1861 1589 capituli
1878 1553 2078 1589 proponente
2093 1548 2198 1579 fuisse

1185 1608 1219 1636 in
1229 1607 1371 1638 Rea'tina
1383 1605 1534 1639 ecclesia.
1548 1614 1565 1634 a
1579 1609 1724 1642 tempore
1737 1604 1786 1643 cuj
1794 1612 1831 1633 ns
1845 1612 1908 1633 non
1920 1604 2018 1633 estat⁴
2027 1601 2198 1633 memoria.

1182 1661 1404 1690 observatum.
1419 1658 1516 1697 quod.
1531 1657 1674 1696 capitulo
1693 1656 1896 1695 percipiente
1909 1655 2054 1685 decimas
2069 1662 2200 1693 posses-

1183 1714 1315 1743 sionum
1336 1712 1443 1751 ipsius
1469 1711 1608 1741 ecclesie
1631 1715 1662 1741 et
1682 1710 1861 1749 pensiones
1883 1709 2091 1748 quarundam
2111 1707 2200 1738 loca-

1185 1767 1322 1800 tionum,
1343 1765 1487 1804 episcopi
1504 1765 1561 1803 qui
1579 1765 1671 1794 fuere
1688 1773 1747 1802 pro
1770 1768 1933 1801 tempore,
1953 1762 1987 1791 in
2008 1769 2202 1799 recompen-

1184 1820 1347 1850 sationem
1364 1819 1511 1856 ipsarum
1528 1817 1674 1848 decimas
1693 1817 1732 1846 de
1751 1816 1875 1846 diocesi
1896 1817 2124 1854 perceperunt,
2143 1822 2201 1852 pe-

1185 1878 1308 1903 teretur
1325 1872 1365 1901 ab
1381 1872 1451 1910 ipsa
1469 1871 1556 1910 quod
1573 1879 1671 1908 super
1688 1869 1749 1899 boc
1768 1869 1942 1899 obtentum
1961 1871 2010 1898 est
2027 1867 2199 1901 hactenus,

1184 1925 1353 1956 observari
1372 1935 1378 1953 :
1398 1933 1456 1954 nos
1483 1929 1592 1954 tamen
1610 1922 1845 1952 mandavimus
1869 1921 1955 1960 quod
1971 1920 2145 1959 episcopus
2162 1919 2202 1949 de

1181 1978 1350 2018 jamdictis
1371 1977 1510 2007 decimis
1531 1981 1562 2006 et
1579 1975 1854 2014 possessionibus
1873 1973 2032 2013 percipiat
2050 1975 2203 2012 quartam

1143 2049 1145 2062 ι
1186 2037 1322 2071 partem.
1337 2035 1367 2061 et
1379 2031 1452 2060 sine
1466 2029 1690 2059 diminutione
1705 2028 1826 2058 babeat
1840 2036 1915 2066 qne,
1932 2031 1998 2057 tam
2016 2026 2050 2055 in
2067 2025 2201 2055 civitate

1187 2095 1286 2125 quam
1316 2085 1351 2114 in
1375 2083 1510 2114 diocesi.
1535 2083 1573 2112 de
1600 2082 1791 2120 episcopatu
1818 2080 1986 2119 percipere
2014 2078 2201 2109 consuevit:

1188 2139 1324 2178 antiqua
1338 2136 1578 2168 consuetudine
1596 2135 1634 2165 de
1649 2135 1809 2165 ducendis
1831 2142 1942 2164 secum
1964 2141 2020 2171 per
2038 2132 2203 2170 episcopa-

1189 2198 1268 2225 tum,
1287 2191 1327 2221 ad
1342 2191 1449 2220 instar
1460 2189 1732 2228 predecessorum
1746 2195 1893 2223 suorum,
1913 2185 2019 2215 tribus
2033 2182 2203 2214 canonicis

1189 2244 1372 2275 annuatim.
1391 2243 1520 2272 illibata
1538 2245 1706 2271 manente.
1722 2241 1769 2270 De
1787 2238 1971 2269 redditibus
1988 2237 2088 2268 etiam
2107 2235 2204 2275 panis

1189 2303 1218 2329 et
1236 2297 1397 2331 carnium,
1417 2296 1475 2335 qni
1494 2294 1666 2325 canonicis
1693 2292 1846 2324 Reatinis
1871 2290 2070 2330 proveniunt
2088 2290 2129 2320 ab
2150 2298 2204 2320 ec-

1189 2351 1301 2382 clesiis
1317 2349 1474 2383 civitatis,
1499 2347 1631 2387 quando
1655 2347 1690 2376 in
1718 2346 1867 2384 ipsarum
1892 2343 2132 2375 festivitatibus
2153 2342 2205 2372 di-

1191 2405 1267 2434 vina
1285 2403 1453 2434 celebrant
1470 2402 1505 2431 in
1527 2401 1671 2431 eisdem.
1695 2398 1883 2437 sepedictus
1908 2397 2081 2436 episcopus
2097 2395 2204 2435 perci-

1191 2458 1257 2496 piat
1277 2461 1428 2496 quartam
1451 2459 1587 2494 partem.
1617 2453 1749 2490 Legatis
1773 2455 1884 2481 autem
1907 2455 1937 2481 et.
1959 2449 2088 2480 nuntiis
2110 2449 2205 2480 Sedis

1193 2510 1389 2550 Apostolice,
1407 2509 1494 2539 inter
1515 2516 1598 2547 quos
1616 2514 1769 2537 cursores
1793 2509 1924 2535 nostros
1948 2502 2093 2540 intelligi
2111 2502 2206 2533 volu-

1192 2573 1276 2598 mus,
1294 2562 1543 2601 procurationes
1557 2561 1651 2598 ,iuxta
1664 2559 1780 2589 statuti
1800 2556 1973 2587 memorati
1991 2556 2113 2587 seriem
2131 2564 2204 2594 per-

1225 2677 1244 2700 l.
1263 2677 1300 2700 Le
1312 2676 1432 2699 membre
1448 2674 1481 2697 de
1498 2674 1596 2703 phrase
1621 2679 1625 2695 :
1643 2680 1654 2694 α
1673 2671 1734 2695 sive
1751 2670 1897 2700 episcopus
1915 2670 2014 2692 absens
2035 2668 2127 2696 suerit,
2146 2667 2204 2691 sive

1194 2727 1306 2751 presens
1323 2728 1344 2747 υ,
1361 2727 1376 2742 a
1389 2717 1539 2747 eteajoute
1554 2717 1625 2740 dans
1644 2716 1669 2739 la
1683 2721 1776 2745 mat-ge
1794 2713 1962 2738 exterieure.

1223 2765 1247 2788 2,
1264 2765 1302 2788 La
1321 2764 1418 2794 phrase
1439 2761 1544 2786 entiere
1561 2768 1566 2783 :
1585 2770 1595 2783 a
1614 2759 1781 2783 Detrahatur
1798 2762 1918 2782 tamen...
1936 2763 2067 2780 numerus
2083 2755 2205 2779 destine-

1193 2814 1237 2834 tur
1254 2818 1275 2837 υ,
1293 2817 1307 2832 a
1323 2809 1365 2832 ete
1381 2807 1490 2838 ajoutee
1507 2806 1575 2830 dans
1593 2806 1618 2828 la
1635 2809 1728 2834 marge
1743 2803 1777 2826 de
1794 2802 1871 2826 fond.

1225 2855 1247 2878 3.
1265 2852 1476 2877 Probablement
1490 2850 1670 2879 Raynaldus5
1685 2847 1719 2871 cf.
1732 2846 1762 2871 C.
1774 2846 1882 2874 Euam,
1895 2846 2057 2868 literar-chia
2069 2845 2207 2867 catholica

1196 2899 1281 2921 martii
1298 2897 1368 2920 aeui.
1388 2893 1521 2918 ttes-tlat
1540 2892 1629 2923 (1898),
1648 2899 1674 2922 p.
1691 2890 1745 2914 436.

1224 2942 1245 2965 4.
1264 2943 1319 2969 Sir,
1335 2941 1349 2963 a
1365 2944 1407 2963 cet
1423 2938 1545 2965 endroit;
1563 2937 1623 2967 plus
1639 2936 1714 2963 haut,
1732 2934 1800 2957 dans
1816 2933 1843 2957 la
1860 2933 1946 2956 meme
1967 2931 2042 2962 pidce
2059 2938 2064 2954 z
2081 2934 2165 2955 extat.
