<?xml version="1.0" encoding="UTF-8"?>
<!DOCTYPE html PUBLIC "-//W3C//DTD XHTML 1.0 Transitional//EN"
    "http://www.w3.org/TR/xhtml1/DTD/xhtml1-transitional.dtd">
<html xmlns="http://www.w3.org/1999/xhtml" xml:lang="en" lang="en">
 <head>
  <title>
</title>
<meta http-equiv="Content-Type" content="text/html;charset=utf-8" />
  <meta name='ocr-system' content='tesseract 3.04.00' />
  <meta name='ocr-capabilities' content='ocr_page ocr_carea ocr_par ocr_line ocrx_word'/>
</head>
<body>
  <div class='ocr_page' id='page_1' title='image "./lesregistresdale02cathuoft_0471.png"; bbox 0 0 2519 3518; ppageno 0'>
   <div class='ocr_carea' id='block_1_1' title="bbox 156 280 2252 322">
    <p class='ocr_par' dir='ltr' id='par_1_1' title="bbox 156 280 2252 322">
     <span class='ocr_line' id='line_1_1' title="bbox 156 280 2252 322; baseline -0.002 -4"><span class='ocrx_word' id='word_1_1' title='bbox 156 288 214 320; x_wconf 79' lang='lat'>849</span> <span class='ocrx_word' id='word_1_2' title='bbox 1018 280 1211 319; x_wconf 75' lang='lat' dir='ltr'>ONZOEME</span> <span class='ocrx_word' id='word_1_3' title='bbox 1233 280 1391 317; x_wconf 74' lang='lat' dir='ltr'>ANNEE.</span> <span class='ocrx_word' id='word_1_4' title='bbox 2195 292 2252 322; x_wconf 76' lang='lat'>350</span> 
     </span>
    </p>
   </div>
   <div class='ocr_carea' id='block_1_2' title="bbox 158 355 1167 1916">
    <p class='ocr_par' dir='ltr' id='par_1_2' title="bbox 158 355 1167 1916">
     <span class='ocr_line' id='line_1_2' title="bbox 159 355 1164 391; baseline -0.002 -6"><span class='ocrx_word' id='word_1_5' title='bbox 159 357 362 387; x_wconf 86' lang='lat' dir='ltr'>monasterio</span> <span class='ocrx_word' id='word_1_6' title='bbox 380 356 547 387; x_wconf 78' lang='lat' dir='ltr'>discordia</span> <span class='ocrx_word' id='word_1_7' title='bbox 565 356 608 386; x_wconf 86' lang='lat' dir='ltr'>sit</span> <span class='ocrx_word' id='word_1_8' title='bbox 628 360 753 391; x_wconf 69' lang='lat' dir='ltr'>exorta.</span> <span class='ocrx_word' id='word_1_9' title='bbox 778 364 842 386; x_wconf 92' lang='lat' dir='ltr'>non</span> <span class='ocrx_word' id='word_1_10' title='bbox 863 355 1034 385; x_wconf 85' lang='lat' dir='ltr'>dubitatur</span> <span class='ocrx_word' id='word_1_11' title='bbox 1057 359 1164 384; x_wconf 85' lang='lat' dir='ltr'>tamen</span> 
     </span>
     <span class='ocr_line' id='line_1_3' title="bbox 158 407 1166 447; baseline -0.004 -8"><span class='ocrx_word' id='word_1_12' title='bbox 158 408 252 447; x_wconf 59' lang='lat' dir='ltr'>quin.</span> <span class='ocrx_word' id='word_1_13' title='bbox 271 413 404 439; x_wconf 88' lang='lat' dir='ltr'>auctore</span> <span class='ocrx_word' id='word_1_14' title='bbox 423 409 575 443; x_wconf 89' lang='lat' dir='ltr'>Domino,</span> <span class='ocrx_word' id='word_1_15' title='bbox 602 408 698 439; x_wconf 80' lang='lat' dir='ltr'>facile</span> <span class='ocrx_word' id='word_1_16' title='bbox 724 408 825 446; x_wconf 89' lang='lat' dir='ltr'>sopiri</span> <span class='ocrx_word' id='word_1_17' title='bbox 852 407 959 438; x_wconf 81' lang='lat' dir='ltr'>valeat</span> <span class='ocrx_word' id='word_1_18' title='bbox 981 417 1039 446; x_wconf 85' lang='lat' dir='ltr'>per</span> <span class='ocrx_word' id='word_1_19' title='bbox 1058 411 1166 445; x_wconf 85' lang='lat' dir='ltr'>patres</span> 
     </span>
     <span class='ocr_line' id='line_1_4' title="bbox 159 459 1167 499; baseline -0.002 -9"><span class='ocrx_word' id='word_1_20' title='bbox 159 460 297 491; x_wconf 81' lang='lat' dir='ltr'>abbates</span> <span class='ocrx_word' id='word_1_21' title='bbox 328 461 379 491; x_wconf 91' lang='lat' dir='ltr'>vel</span> <span class='ocrx_word' id='word_1_22' title='bbox 416 461 570 499; x_wconf 85' lang='lat' dir='ltr'>generale</span> <span class='ocrx_word' id='word_1_23' title='bbox 607 460 801 499; x_wconf 78' lang='lat' dir='ltr'>capitulum,</span> <span class='ocrx_word' id='word_1_24' title='bbox 828 460 1009 490; x_wconf 87' lang='lat' dir='ltr'>secundum</span> <span class='ocrx_word' id='word_1_25' title='bbox 1040 459 1167 489; x_wconf 90' lang='lat' dir='ltr'>ordinis</span> 
     </span>
     <span class='ocr_line' id='line_1_5' title="bbox 160 511 1166 550; baseline -0.002 -7"><span class='ocrx_word' id='word_1_26' title='bbox 160 513 327 544; x_wconf 85' lang='lat' dir='ltr'>instituta.</span> <span class='ocrx_word' id='word_1_27' title='bbox 346 513 441 544; x_wconf 91' lang='lat' dir='ltr'><strong>Unde</strong></span> <span class='ocrx_word' id='word_1_28' title='bbox 454 514 533 543; x_wconf 87' lang='lat' dir='ltr'>dicti</span> <span class='ocrx_word' id='word_1_29' title='bbox 553 513 688 543; x_wconf 85' lang='lat' dir='ltr'>abbates</span> <span class='ocrx_word' id='word_1_30' title='bbox 704 513 799 543; x_wconf 88' lang='lat' dir='ltr'>nobis</span> <span class='ocrx_word' id='word_1_31' title='bbox 814 513 987 542; x_wconf 87' lang='lat' dir='ltr'>humiliter</span> <span class='ocrx_word' id='word_1_32' title='bbox 1005 511 1166 550; x_wconf 82' lang='lat' dir='ltr'>supplica-</span> 
     </span>
     <span class='ocr_line' id='line_1_6' title="bbox 160 565 1167 605; baseline 0 -10"><span class='ocrx_word' id='word_1_33' title='bbox 160 571 238 596; x_wconf 83' lang='lat' dir='ltr'>runt</span> <span class='ocrx_word' id='word_1_34' title='bbox 263 572 309 597; x_wconf 85' lang='lat' dir='ltr'>ut.</span> <span class='ocrx_word' id='word_1_35' title='bbox 335 576 410 597; x_wconf 88' lang='lat' dir='ltr'>cum</span> <span class='ocrx_word' id='word_1_36' title='bbox 439 576 538 605; x_wconf 88' lang='lat' dir='ltr'>super</span> <span class='ocrx_word' id='word_1_37' title='bbox 558 567 750 597; x_wconf 74' lang='lat' dir='ltr'>excessibus</span> <span class='ocrx_word' id='word_1_38' title='bbox 774 566 831 605; x_wconf 85' lang='lat' dir='ltr'>qui</span> <span class='ocrx_word' id='word_1_39' title='bbox 856 565 1050 604; x_wconf 82' lang='lat' dir='ltr'>plerumque</span> <span class='ocrx_word' id='word_1_40' title='bbox 1080 565 1167 595; x_wconf 88' lang='lat' dir='ltr'>inter</span> 
     </span>
     <span class='ocr_line' id='line_1_7' title="bbox 161 617 1166 657; baseline -0.003 -8"><span class='ocrx_word' id='word_1_41' title='bbox 161 628 320 657; x_wconf 82' lang='lat' dir='ltr'>personas</span> <span class='ocrx_word' id='word_1_42' title='bbox 334 619 462 650; x_wconf 75' lang='lat' dir='ltr'>ordinis</span> <span class='ocrx_word' id='word_1_43' title='bbox 480 619 645 653; x_wconf 81' lang='lat' dir='ltr'>oriuntur,</span> <span class='ocrx_word' id='word_1_44' title='bbox 665 628 729 648; x_wconf 85' lang='lat' dir='ltr'>non</span> <span class='ocrx_word' id='word_1_45' title='bbox 758 618 967 648; x_wconf 76' lang='lat' dir='ltr'>consueverit</span> <span class='ocrx_word' id='word_1_46' title='bbox 998 617 1166 656; x_wconf 83' lang='lat' dir='ltr'>aliquibus</span> 
     </span>
     <span class='ocr_line' id='line_1_8' title="bbox 160 670 1166 711; baseline -0.004 -8"><span class='ocrx_word' id='word_1_47' title='bbox 160 682 179 702; x_wconf 82' lang='lat' dir='ltr'>a</span> <span class='ocrx_word' id='word_1_48' title='bbox 193 673 276 703; x_wconf 88' lang='lat' dir='ltr'>Sede</span> <span class='ocrx_word' id='word_1_49' title='bbox 293 673 483 711; x_wconf 83' lang='lat' dir='ltr'>Apostolica</span> <span class='ocrx_word' id='word_1_50' title='bbox 499 673 645 711; x_wconf 83' lang='lat' dir='ltr'>cognitio</span> <span class='ocrx_word' id='word_1_51' title='bbox 663 672 866 703; x_wconf 86' lang='lat' dir='ltr'>demandari.</span> <span class='ocrx_word' id='word_1_52' title='bbox 887 681 926 701; x_wconf 87' lang='lat' dir='ltr'>ne</span> <span class='ocrx_word' id='word_1_53' title='bbox 941 670 1166 710; x_wconf 82' lang='lat' dir='ltr'>tranquillitas</span> 
     </span>
     <span class='ocr_line' id='line_1_9' title="bbox 160 724 1164 765; baseline -0.004 -9"><span class='ocrx_word' id='word_1_54' title='bbox 160 726 289 756; x_wconf 85' lang='lat' dir='ltr'>ordinis</span> <span class='ocrx_word' id='word_1_55' title='bbox 317 726 503 765; x_wconf 76' lang='lat' dir='ltr'>jurgiorum</span> <span class='ocrx_word' id='word_1_56' title='bbox 534 726 744 755; x_wconf 88' lang='lat' dir='ltr'>concutiatur</span> <span class='ocrx_word' id='word_1_57' title='bbox 767 725 920 764; x_wconf 88' lang='lat' dir='ltr'>procella.</span> <span class='ocrx_word' id='word_1_58' title='bbox 939 725 1013 763; x_wconf 84' lang='lat' dir='ltr'>qui.</span> <span class='ocrx_word' id='word_1_59' title='bbox 1033 734 1089 762; x_wconf 86' lang='lat' dir='ltr'>per</span> <span class='ocrx_word' id='word_1_60' title='bbox 1106 724 1164 753; x_wconf 88' lang='lat' dir='ltr'>Dei</span> 
     </span>
     <span class='ocr_line' id='line_1_10' title="bbox 159 776 1166 816; baseline -0.002 -9"><span class='ocrx_word' id='word_1_61' title='bbox 159 778 313 816; x_wconf 77' lang='lat' dir='ltr'>gratiam.</span> <span class='ocrx_word' id='word_1_62' title='bbox 334 779 418 809; x_wconf 85' lang='lat' dir='ltr'>hene</span> <span class='ocrx_word' id='word_1_63' title='bbox 436 779 557 808; x_wconf 87' lang='lat' dir='ltr'>sufficit</span> <span class='ocrx_word' id='word_1_64' title='bbox 574 788 709 808; x_wconf 84' lang='lat' dir='ltr'>suorum</span> <span class='ocrx_word' id='word_1_65' title='bbox 735 777 889 808; x_wconf 86' lang='lat' dir='ltr'>scandala</span> <span class='ocrx_word' id='word_1_66' title='bbox 904 778 996 816; x_wconf 83' lang='lat' dir='ltr'>juxta</span> <span class='ocrx_word' id='word_1_67' title='bbox 1014 776 1166 806; x_wconf 83' lang='lat' dir='ltr'>instituta</span> 
     </span>
     <span class='ocr_line' id='line_1_11' title="bbox 160 829 1164 870; baseline -0.001 -11"><span class='ocrx_word' id='word_1_68' title='bbox 160 831 291 869; x_wconf 88' lang='lat' dir='ltr'>propria</span> <span class='ocrx_word' id='word_1_69' title='bbox 309 840 397 861; x_wconf 88' lang='lat' dir='ltr'>more</span> <span class='ocrx_word' id='word_1_70' title='bbox 422 831 519 861; x_wconf 88' lang='lat' dir='ltr'>solito</span> <span class='ocrx_word' id='word_1_71' title='bbox 537 831 741 870; x_wconf 73' lang='lat' dir='ltr'>propulsare.</span> <span class='ocrx_word' id='word_1_72' title='bbox 761 835 956 861; x_wconf 83' lang='lat' dir='ltr'>consuetum</span> <span class='ocrx_word' id='word_1_73' title='bbox 984 829 1164 859; x_wconf 85' lang='lat' dir='ltr'>remedium</span> 
     </span>
     <span class='ocr_line' id='line_1_12' title="bbox 159 882 1167 923; baseline -0.003 -9"><span class='ocrx_word' id='word_1_74' title='bbox 159 892 323 923; x_wconf 88' lang='lat' dir='ltr'>apponere</span> <span class='ocrx_word' id='word_1_75' title='bbox 354 894 563 919; x_wconf 77' lang='lat' dir='ltr'>curaremus,</span> <span class='ocrx_word' id='word_1_76' title='bbox 596 885 635 914; x_wconf 86' lang='lat' dir='ltr'>ad</span> <span class='ocrx_word' id='word_1_77' title='bbox 672 889 781 923; x_wconf 84' lang='lat' dir='ltr'>patres</span> <span class='ocrx_word' id='word_1_78' title='bbox 811 884 938 913; x_wconf 81' lang='lat' dir='ltr'>ordinis</span> <span class='ocrx_word' id='word_1_79' title='bbox 969 882 1167 913; x_wconf 81' lang='lat' dir='ltr'>remittendo</span> 
     </span>
     <span class='ocr_line' id='line_1_13' title="bbox 158 935 1166 976; baseline -0.002 -10"><span class='ocrx_word' id='word_1_80' title='bbox 158 937 344 971; x_wconf 79' lang='lat' dir='ltr'>discordes,</span> <span class='ocrx_word' id='word_1_81' title='bbox 382 946 422 967; x_wconf 85' lang='lat' dir='ltr'>ue</span> <span class='ocrx_word' id='word_1_82' title='bbox 459 947 516 976; x_wconf 83' lang='lat' dir='ltr'>per</span> <span class='ocrx_word' id='word_1_83' title='bbox 547 938 800 967; x_wconf 76' lang='lat' dir='ltr'>commissiones</span> <span class='ocrx_word' id='word_1_84' title='bbox 833 936 1022 976; x_wconf 85' lang='lat' dir='ltr'>hujusmodi</span> <span class='ocrx_word' id='word_1_85' title='bbox 1057 935 1166 972; x_wconf 68' lang='lat' dir='ltr'>gravis</span> 
     </span>
     <span class='ocr_line' id='line_1_14' title="bbox 159 988 1166 1029; baseline -0.003 -10"><span class='ocrx_word' id='word_1_86' title='bbox 159 989 391 1020; x_wconf 78' lang='lat' dir='ltr'>dissolutionis</span> <span class='ocrx_word' id='word_1_87' title='bbox 414 995 442 1019; x_wconf 89' lang='lat' dir='ltr'>et</span> <span class='ocrx_word' id='word_1_88' title='bbox 472 990 569 1020; x_wconf 87' lang='lat' dir='ltr'>ruine</span> <span class='ocrx_word' id='word_1_89' title='bbox 591 990 754 1028; x_wconf 84' lang='lat' dir='ltr'>pandatur</span> <span class='ocrx_word' id='word_1_90' title='bbox 774 990 888 1029; x_wconf 82' lang='lat' dir='ltr'>janua.</span> <span class='ocrx_word' id='word_1_91' title='bbox 906 998 969 1028; x_wconf 86' lang='lat' dir='ltr'>que</span> <span class='ocrx_word' id='word_1_92' title='bbox 986 998 1043 1027; x_wconf 84' lang='lat' dir='ltr'>per</span> <span class='ocrx_word' id='word_1_93' title='bbox 1058 988 1166 1026; x_wconf 91' lang='lat' dir='ltr'>provi-</span> 
     </span>
     <span class='ocr_line' id='line_1_15' title="bbox 159 1041 1167 1081; baseline -0.002 -10"><span class='ocrx_word' id='word_1_94' title='bbox 159 1042 305 1072; x_wconf 75' lang='lat' dir='ltr'>dentiam</span> <span class='ocrx_word' id='word_1_95' title='bbox 331 1042 426 1073; x_wconf 88' lang='lat' dir='ltr'>Sedis</span> <span class='ocrx_word' id='word_1_96' title='bbox 450 1042 637 1081; x_wconf 82' lang='lat' dir='ltr'>Apostolice</span> <span class='ocrx_word' id='word_1_97' title='bbox 661 1043 841 1073; x_wconf 86' lang='lat' dir='ltr'>clementer</span> <span class='ocrx_word' id='word_1_98' title='bbox 864 1042 1024 1072; x_wconf 84' lang='lat' dir='ltr'>hactenus</span> <span class='ocrx_word' id='word_1_99' title='bbox 1054 1041 1167 1070; x_wconf 87' lang='lat' dir='ltr'>clausa</span> 
     </span>
     <span class='ocr_line' id='line_1_16' title="bbox 161 1093 1167 1134; baseline -0.001 -10"><span class='ocrx_word' id='word_1_100' title='bbox 161 1095 234 1124; x_wconf 82' lang='lat' dir='ltr'>suit.</span> <span class='ocrx_word' id='word_1_101' title='bbox 250 1096 319 1125; x_wconf 87' lang='lat' dir='ltr'>Nos</span> <span class='ocrx_word' id='word_1_102' title='bbox 337 1095 440 1133; x_wconf 78' lang='lat' dir='ltr'>igitur</span> <span class='ocrx_word' id='word_1_103' title='bbox 457 1113 495 1116; x_wconf 88' lang='lat'>—-</span> <span class='ocrx_word' id='word_1_104' title='bbox 516 1105 573 1134; x_wconf 82' lang='lat' dir='ltr'>per</span> <span class='ocrx_word' id='word_1_105' title='bbox 589 1100 698 1133; x_wconf 85' lang='lat' dir='ltr'>patres</span> <span class='ocrx_word' id='word_1_106' title='bbox 721 1095 856 1125; x_wconf 75' lang='lat' dir='ltr'>abbates</span> <span class='ocrx_word' id='word_1_107' title='bbox 876 1094 925 1124; x_wconf 86' lang='lat' dir='ltr'>vel</span> <span class='ocrx_word' id='word_1_108' title='bbox 943 1093 1096 1132; x_wconf 78' lang='lat' dir='ltr'>generale</span> <span class='ocrx_word' id='word_1_109' title='bbox 1113 1103 1167 1123; x_wconf 87' lang='lat' dir='ltr'>ca-</span> 
     </span>
     <span class='ocr_line' id='line_1_17' title="bbox 159 1147 1164 1186; baseline -0.001 -10"><span class='ocrx_word' id='word_1_110' title='bbox 159 1147 299 1186; x_wconf 89' lang='lat' dir='ltr'>pitulum</span> <span class='ocrx_word' id='word_1_111' title='bbox 317 1153 406 1178; x_wconf 83' lang='lat' dir='ltr'>ortas</span> <span class='ocrx_word' id='word_1_112' title='bbox 423 1148 510 1178; x_wconf 87' lang='lat' dir='ltr'>inter</span> <span class='ocrx_word' id='word_1_113' title='bbox 526 1157 684 1186; x_wconf 78' lang='lat' dir='ltr'>personas</span> <span class='ocrx_word' id='word_1_114' title='bbox 701 1148 807 1186; x_wconf 82' lang='lat' dir='ltr'>ipsius</span> <span class='ocrx_word' id='word_1_115' title='bbox 824 1148 951 1177; x_wconf 78' lang='lat' dir='ltr'>ordinis</span> <span class='ocrx_word' id='word_1_116' title='bbox 966 1147 1164 1176; x_wconf 79' lang='lat' dir='ltr'>discordias.</span> 
     </span>
     <span class='ocr_line' id='line_1_18' title="bbox 160 1200 1166 1238; baseline 0 -9"><span class='ocrx_word' id='word_1_117' title='bbox 160 1205 256 1238; x_wconf 86' lang='lat' dir='ltr'>prout</span> <span class='ocrx_word' id='word_1_118' title='bbox 273 1205 518 1231; x_wconf 81' lang='lat' dir='ltr'>consueverunt</span> <span class='ocrx_word' id='word_1_119' title='bbox 548 1200 720 1232; x_wconf 82' lang='lat' dir='ltr'>hactenus.</span> <span class='ocrx_word' id='word_1_120' title='bbox 753 1200 904 1230; x_wconf 78' lang='lat' dir='ltr'>volumus</span> <span class='ocrx_word' id='word_1_121' title='bbox 924 1200 1107 1230; x_wconf 85' lang='lat' dir='ltr'>terminari.</span> <span class='ocrx_word' id='word_1_122' title='bbox 1127 1209 1166 1229; x_wconf 83' lang='lat' dir='ltr'>ne</span> 
     </span>
     <span class='ocr_line' id='line_1_19' title="bbox 160 1252 1166 1292; baseline -0.001 -10"><span class='ocrx_word' id='word_1_123' title='bbox 160 1252 245 1291; x_wconf 88' lang='lat' dir='ltr'>apud</span> <span class='ocrx_word' id='word_1_124' title='bbox 263 1253 458 1287; x_wconf 81' lang='lat' dir='ltr'>forinsecas,</span> <span class='ocrx_word' id='word_1_125' title='bbox 476 1253 663 1291; x_wconf 84' lang='lat' dir='ltr'>interrupta</span> <span class='ocrx_word' id='word_1_126' title='bbox 679 1253 790 1292; x_wconf 86' lang='lat' dir='ltr'>quiete</span> <span class='ocrx_word' id='word_1_127' title='bbox 813 1253 1005 1287; x_wconf 73' lang='lat' dir='ltr'>monastica.</span> <span class='ocrx_word' id='word_1_128' title='bbox 1024 1252 1166 1290; x_wconf 89' lang='lat' dir='ltr'>compel-</span> 
     </span>
     <span class='ocr_line' id='line_1_20' title="bbox 161 1305 1165 1344; baseline -0.001 -10"><span class='ocrx_word' id='word_1_129' title='bbox 161 1305 273 1335; x_wconf 82' lang='lat' dir='ltr'>lantur</span> <span class='ocrx_word' id='word_1_130' title='bbox 295 1305 496 1344; x_wconf 83' lang='lat' dir='ltr'>judiciorum</span> <span class='ocrx_word' id='word_1_131' title='bbox 522 1305 698 1343; x_wconf 70' lang='lat' dir='ltr'>strepitum</span> <span class='ocrx_word' id='word_1_132' title='bbox 720 1306 941 1344; x_wconf 67' lang='lat' dir='ltr'>frequentare</span> <span class='ocrx_word' id='word_1_133' title='bbox 967 1305 1000 1334; x_wconf 91' lang='lat' dir='ltr'>in</span> <span class='ocrx_word' id='word_1_134' title='bbox 1031 1314 1165 1334; x_wconf 88' lang='lat' dir='ltr'>suarum</span> 
     </span>
     <span class='ocr_line' id='line_1_21' title="bbox 160 1358 1167 1397; baseline 0 -10"><span class='ocrx_word' id='word_1_135' title='bbox 160 1358 371 1396; x_wconf 77' lang='lat' dir='ltr'>dispendium</span> <span class='ocrx_word' id='word_1_136' title='bbox 395 1358 595 1388; x_wconf 86' lang='lat' dir='ltr'>animarum.</span> <span class='ocrx_word' id='word_1_137' title='bbox 622 1358 783 1397; x_wconf 68' lang='lat' dir='ltr'>Ideoque,</span> <span class='ocrx_word' id='word_1_138' title='bbox 808 1359 1003 1388; x_wconf 84' lang='lat' dir='ltr'>auctoritate</span> <span class='ocrx_word' id='word_1_139' title='bbox 1031 1367 1167 1396; x_wconf 86' lang='lat' dir='ltr'>presen-</span> 
     </span>
     <span class='ocr_line' id='line_1_22' title="bbox 161 1411 1166 1450; baseline 0 -10"><span class='ocrx_word' id='word_1_140' title='bbox 161 1411 242 1441; x_wconf 91' lang='lat' dir='ltr'>tium</span> <span class='ocrx_word' id='word_1_141' title='bbox 260 1412 424 1450; x_wconf 84' lang='lat' dir='ltr'>predictas</span> <span class='ocrx_word' id='word_1_142' title='bbox 441 1411 581 1442; x_wconf 77' lang='lat' dir='ltr'>litteras.</span> <span class='ocrx_word' id='word_1_143' title='bbox 600 1411 706 1450; x_wconf 84' lang='lat' dir='ltr'>quoad</span> <span class='ocrx_word' id='word_1_144' title='bbox 729 1411 919 1445; x_wconf 83' lang='lat' dir='ltr'>monachos,</span> <span class='ocrx_word' id='word_1_145' title='bbox 937 1420 1114 1441; x_wconf 77' lang='lat' dir='ltr'>conversos</span> <span class='ocrx_word' id='word_1_146' title='bbox 1131 1420 1166 1440; x_wconf 83' lang='lat' dir='ltr'>ac</span> 
     </span>
     <span class='ocr_line' id='line_1_23' title="bbox 162 1464 1165 1503; baseline 0 -10"><span class='ocrx_word' id='word_1_147' title='bbox 162 1464 305 1493; x_wconf 86' lang='lat' dir='ltr'>novitios</span> <span class='ocrx_word' id='word_1_148' title='bbox 321 1464 489 1494; x_wconf 83' lang='lat' dir='ltr'>dumtaxat</span> <span class='ocrx_word' id='word_1_149' title='bbox 505 1464 652 1503; x_wconf 88' lang='lat' dir='ltr'>ejusdem</span> <span class='ocrx_word' id='word_1_150' title='bbox 669 1464 796 1493; x_wconf 88' lang='lat' dir='ltr'>domus.</span> <span class='ocrx_word' id='word_1_151' title='bbox 813 1464 945 1502; x_wconf 88' lang='lat' dir='ltr'>penitus</span> <span class='ocrx_word' id='word_1_152' title='bbox 963 1468 1165 1497; x_wconf 77' lang='lat' dir='ltr'>revocantes,</span> 
     </span>
     <span class='ocr_line' id='line_1_24' title="bbox 161 1516 1167 1555; baseline 0 -9"><span class='ocrx_word' id='word_1_153' title='bbox 161 1516 355 1547; x_wconf 88' lang='lat' dir='ltr'>discretioni</span> <span class='ocrx_word' id='word_1_154' title='bbox 391 1521 497 1547; x_wconf 82' lang='lat' dir='ltr'>vestre</span> <span class='ocrx_word' id='word_1_155' title='bbox 526 1526 583 1555; x_wconf 88' lang='lat' dir='ltr'>per</span> <span class='ocrx_word' id='word_1_156' title='bbox 613 1517 793 1555; x_wconf 84' lang='lat' dir='ltr'>apostolica</span> <span class='ocrx_word' id='word_1_157' title='bbox 820 1517 940 1555; x_wconf 87' lang='lat' dir='ltr'>scripta</span> <span class='ocrx_word' id='word_1_158' title='bbox 971 1517 1167 1546; x_wconf 77' lang='lat' dir='ltr'>mandamus</span> 
     </span>
     <span class='ocr_line' id='line_1_25' title="bbox 161 1570 1166 1609; baseline -0.001 -10"><span class='ocrx_word' id='word_1_159' title='bbox 161 1573 338 1608; x_wconf 80' lang='lat' dir='ltr'>quatenus.</span> <span class='ocrx_word' id='word_1_160' title='bbox 356 1570 494 1608; x_wconf 87' lang='lat' dir='ltr'>prefatis</span> <span class='ocrx_word' id='word_1_161' title='bbox 507 1570 678 1609; x_wconf 82' lang='lat' dir='ltr'>judicibus</span> <span class='ocrx_word' id='word_1_162' title='bbox 694 1570 886 1600; x_wconf 84' lang='lat' dir='ltr'>inhibentes</span> <span class='ocrx_word' id='word_1_163' title='bbox 903 1579 1055 1608; x_wconf 81' lang='lat' dir='ltr'>expresse</span> <span class='ocrx_word' id='word_1_164' title='bbox 1075 1579 1115 1600; x_wconf 93' lang='lat' dir='ltr'>ne</span> <span class='ocrx_word' id='word_1_165' title='bbox 1133 1570 1166 1599; x_wconf 89' lang='lat' dir='ltr'>in</span> 
     </span>
     <span class='ocr_line' id='line_1_26' title="bbox 161 1622 1166 1661; baseline 0 -9"><span class='ocrx_word' id='word_1_166' title='bbox 161 1623 339 1652; x_wconf 88' lang='lat' dir='ltr'>commisso</span> <span class='ocrx_word' id='word_1_167' title='bbox 376 1622 425 1652; x_wconf 86' lang='lat' dir='ltr'>eis</span> <span class='ocrx_word' id='word_1_168' title='bbox 463 1623 594 1660; x_wconf 81' lang='lat' dir='ltr'>negotio</span> <span class='ocrx_word' id='word_1_169' title='bbox 628 1628 741 1652; x_wconf 85' lang='lat' dir='ltr'>contra</span> <span class='ocrx_word' id='word_1_170' title='bbox 776 1623 940 1661; x_wconf 77' lang='lat' dir='ltr'>predictos</span> <span class='ocrx_word' id='word_1_171' title='bbox 975 1622 1166 1657; x_wconf 70' lang='lat' dir='ltr'>monachos.</span> 
     </span>
     <span class='ocr_line' id='line_1_27' title="bbox 160 1675 1166 1714; baseline 0.001 -10"><span class='ocrx_word' id='word_1_172' title='bbox 160 1683 337 1705; x_wconf 84' lang='lat' dir='ltr'>conversos</span> <span class='ocrx_word' id='word_1_173' title='bbox 364 1684 401 1704; x_wconf 90' lang='lat' dir='ltr'>ac</span> <span class='ocrx_word' id='word_1_174' title='bbox 431 1675 574 1705; x_wconf 89' lang='lat' dir='ltr'>novitios</span> <span class='ocrx_word' id='word_1_175' title='bbox 598 1681 791 1714; x_wconf 82' lang='lat' dir='ltr'>presumant</span> <span class='ocrx_word' id='word_1_176' title='bbox 816 1675 1002 1705; x_wconf 86' lang='lat' dir='ltr'>litterarum</span> <span class='ocrx_word' id='word_1_177' title='bbox 1034 1675 1166 1705; x_wconf 89' lang='lat' dir='ltr'>illarum</span> 
     </span>
     <span class='ocr_line' id='line_1_28' title="bbox 160 1727 1166 1766; baseline 0.001 -10"><span class='ocrx_word' id='word_1_178' title='bbox 160 1727 356 1757; x_wconf 85' lang='lat' dir='ltr'>auctoritate</span> <span class='ocrx_word' id='word_1_179' title='bbox 373 1728 560 1766; x_wconf 86' lang='lat' dir='ltr'>procedere.</span> <span class='ocrx_word' id='word_1_180' title='bbox 582 1728 742 1758; x_wconf 77' lang='lat' dir='ltr'>revocetis</span> <span class='ocrx_word' id='word_1_181' title='bbox 762 1728 795 1757; x_wconf 92' lang='lat' dir='ltr'>in</span> <span class='ocrx_word' id='word_1_182' title='bbox 818 1732 938 1758; x_wconf 85' lang='lat' dir='ltr'>statum</span> <span class='ocrx_word' id='word_1_183' title='bbox 959 1729 1118 1763; x_wconf 76' lang='lat' dir='ltr'>debitum,</span> <span class='ocrx_word' id='word_1_184' title='bbox 1139 1729 1166 1757; x_wconf 93' lang='lat' dir='ltr'>si</span> 
     </span>
     <span class='ocr_line' id='line_1_29' title="bbox 160 1780 1167 1820; baseline 0.001 -11"><span class='ocrx_word' id='word_1_185' title='bbox 160 1780 299 1810; x_wconf 78' lang='lat' dir='ltr'>forsitan</span> <span class='ocrx_word' id='word_1_186' title='bbox 317 1785 366 1811; x_wconf 85' lang='lat' dir='ltr'>est</span> <span class='ocrx_word' id='word_1_187' title='bbox 386 1789 579 1819; x_wconf 86' lang='lat' dir='ltr'>processum</span> <span class='ocrx_word' id='word_1_188' title='bbox 596 1786 710 1811; x_wconf 90' lang='lat' dir='ltr'>contra</span> <span class='ocrx_word' id='word_1_189' title='bbox 728 1781 893 1819; x_wconf 84' lang='lat' dir='ltr'>predictos</span> <span class='ocrx_word' id='word_1_190' title='bbox 921 1781 956 1810; x_wconf 92' lang='lat' dir='ltr'>in</span> <span class='ocrx_word' id='word_1_191' title='bbox 979 1781 1090 1820; x_wconf 86' lang='lat' dir='ltr'>aliquo</span> <span class='ocrx_word' id='word_1_192' title='bbox 1110 1791 1167 1820; x_wconf 91' lang='lat' dir='ltr'>per</span> 
     </span>
     <span class='ocr_line' id='line_1_30' title="bbox 159 1833 1167 1873; baseline 0.001 -11"><span class='ocrx_word' id='word_1_193' title='bbox 159 1833 290 1863; x_wconf 88' lang='lat' dir='ltr'>eosdem</span> <span class='ocrx_word' id='word_1_194' title='bbox 314 1851 362 1862; x_wconf 86' lang='lat'>—.</span> <span class='ocrx_word' id='word_1_195' title='bbox 384 1834 457 1863; x_wconf 89' lang='lat' dir='ltr'>Dat.</span> <span class='ocrx_word' id='word_1_196' title='bbox 483 1834 650 1865; x_wconf 80' lang='lat' dir='ltr'>Laterani.</span> <span class='ocrx_word' id='word_1_197' title='bbox 678 1835 759 1864; x_wconf 69' lang='lat' dir='ltr'>VIII</span> <span class='ocrx_word' id='word_1_198' title='bbox 786 1834 861 1863; x_wconf 82' lang='lat' dir='ltr'>idus</span> <span class='ocrx_word' id='word_1_199' title='bbox 888 1835 1048 1873; x_wconf 77' lang='lat' dir='ltr'>januarii,</span> <span class='ocrx_word' id='word_1_200' title='bbox 1081 1843 1167 1864; x_wconf 87' lang='lat' dir='ltr'>anno</span> 
     </span>
     <span class='ocr_line' id='line_1_31' title="bbox 161 1886 381 1916; baseline 0 -1"><span class='ocrx_word' id='word_1_201' title='bbox 161 1886 346 1916; x_wconf 88' lang='lat' dir='ltr'>undecimo.</span> <span class='ocrx_word' id='word_1_202' title='bbox 369 1898 381 1912; x_wconf 86' lang='lat'>»</span> 
     </span>
    </p>
   </div>
   <div class='ocr_carea' id='block_1_3' title="bbox 230 2077 343 2106">
    <p class='ocr_par' dir='ltr' id='par_1_3' title="bbox 230 2077 343 2106">
     <span class='ocr_line' id='line_1_32' title="bbox 230 2077 343 2106; baseline 0.009 -1"><span class='ocrx_word' id='word_1_203' title='bbox 230 2077 317 2106; x_wconf 73' lang='lat'>40⁰-</span> <span class='ocrx_word' id='word_1_204' title='bbox 324 2079 343 2106; x_wconf 81' lang='grc' dir='ltr'>Ι</span> 
     </span>
    </p>
   </div>
   <div class='ocr_carea' id='block_1_4' title="bbox 198 2139 1168 2174">
    <p class='ocr_par' dir='ltr' id='par_1_4' title="bbox 198 2139 1168 2174">
     <span class='ocr_line' id='line_1_33' title="bbox 198 2139 1168 2174; baseline 0.002 -8"><span class='ocrx_word' id='word_1_205' title='bbox 198 2139 372 2166; x_wconf 71' lang='lat' dir='ltr'>Subdecano</span> <span class='ocrx_word' id='word_1_206' title='bbox 388 2140 561 2167; x_wconf 81' lang='lat' dir='ltr'>Carnotensi</span> <span class='ocrx_word' id='word_1_207' title='bbox 579 2144 607 2167; x_wconf 79' lang='lat' dir='ltr'>et</span> <span class='ocrx_word' id='word_1_208' title='bbox 623 2141 830 2167; x_wconf 68' lang='lat' dir='ltr'>art-liitliacouo</span> <span class='ocrx_word' id='word_1_209' title='bbox 847 2142 1037 2174; x_wconf 66' lang='lat' dir='ltr'>l‘issiacensi,</span> <span class='ocrx_word' id='word_1_210' title='bbox 1057 2143 1168 2169; x_wconf 61' lang='lat' dir='ltr'>Carno-</span> 
     </span>
    </p>
   </div>
   <div class='ocr_carea' id='block_1_5' title="bbox 696 2080 1095 2113">
    <p class='ocr_par' dir='ltr' id='par_1_5' title="bbox 696 2080 1095 2113">
     <span class='ocr_line' id='line_1_34' title="bbox 696 2080 1095 2113; baseline 0.005 -8"><span class='ocrx_word' id='word_1_211' title='bbox 696 2080 816 2110; x_wconf 80' lang='lat' dir='ltr'>Latrau.</span> <span class='ocrx_word' id='word_1_212' title='bbox 839 2080 1001 2113; x_wconf 66' lang='lat' dir='ltr'>12ja11vi01-</span> <span class='ocrx_word' id='word_1_213' title='bbox 1020 2081 1095 2107; x_wconf 72' lang='lat'>1238.</span> 
     </span>
    </p>
   </div>
   <div class='ocr_carea' id='block_1_6' title="bbox 161 2188 1168 2607">
    <p class='ocr_par' dir='ltr' id='par_1_6' title="bbox 161 2188 1168 2607">
     <span class='ocr_line' id='line_1_35' title="bbox 162 2188 1168 2223; baseline 0.003 -8"><span class='ocrx_word' id='word_1_214' title='bbox 162 2189 253 2215; x_wconf 80' lang='lat' dir='ltr'>tensis</span> <span class='ocrx_word' id='word_1_215' title='bbox 273 2188 426 2220; x_wconf 72' lang='lat' dir='ltr'>dioecesis,</span> <span class='ocrx_word' id='word_1_216' title='bbox 448 2189 567 2215; x_wconf 85' lang='lat' dir='ltr'>mandat</span> <span class='ocrx_word' id='word_1_217' title='bbox 589 2193 744 2223; x_wconf 68' lang='lat' dir='ltr'>quatenus,</span> <span class='ocrx_word' id='word_1_218' title='bbox 763 2205 793 2208; x_wconf 86' lang='lat'><strong>—</strong></span> <span class='ocrx_word' id='word_1_219' title='bbox 817 2199 882 2216; x_wconf 83' lang='lat' dir='ltr'>eum</span> <span class='ocrx_word' id='word_1_220' title='bbox 908 2199 993 2217; x_wconf 83' lang='lat' dir='ltr'>causa</span> <span class='ocrx_word' id='word_1_221' title='bbox 1010 2192 1088 2218; x_wconf 72' lang='lat' dir='ltr'>inter</span> <span class='ocrx_word' id='word_1_222' title='bbox 1104 2193 1168 2218; x_wconf 84' lang='lat' dir='ltr'>the-</span> 
     </span>
     <span class='ocr_line' id='line_1_36' title="bbox 161 2237 1167 2272; baseline 0.006 -10"><span class='ocrx_word' id='word_1_223' title='bbox 161 2237 338 2265; x_wconf 84' lang='lat' dir='ltr'>saurarium.</span> <span class='ocrx_word' id='word_1_224' title='bbox 352 2237 495 2263; x_wconf 85' lang='lat' dir='ltr'>decanum</span> <span class='ocrx_word' id='word_1_225' title='bbox 509 2242 534 2264; x_wconf 85' lang='lat' dir='ltr'>et</span> <span class='ocrx_word' id='word_1_226' title='bbox 551 2238 714 2272; x_wconf 80' lang='lat' dir='ltr'>capitulum</span> <span class='ocrx_word' id='word_1_227' title='bbox 736 2240 820 2266; x_wconf 81' lang='lat' dir='ltr'>Beati</span> <span class='ocrx_word' id='word_1_228' title='bbox 842 2240 951 2267; x_wconf 85' lang='lat' dir='ltr'>Hilarii</span> <span class='ocrx_word' id='word_1_229' title='bbox 970 2241 1167 2270; x_wconf 63' lang='lat' dir='ltr'>Pit-tarensis.</span> 
     </span>
     <span class='ocr_line' id='line_1_37' title="bbox 161 2285 1166 2321; baseline 0.004 -9"><span class='ocrx_word' id='word_1_230' title='bbox 161 2294 196 2312; x_wconf 77' lang='lat' dir='ltr'>cx</span> <span class='ocrx_word' id='word_1_231' title='bbox 215 2294 274 2312; x_wconf 87' lang='lat' dir='ltr'>una</span> <span class='ocrx_word' id='word_1_232' title='bbox 295 2290 387 2319; x_wconf 81' lang='lat' dir='ltr'>parte,</span> <span class='ocrx_word' id='word_1_233' title='bbox 411 2289 439 2312; x_wconf 83' lang='lat' dir='ltr'>et</span> <span class='ocrx_word' id='word_1_234' title='bbox 466 2285 592 2312; x_wconf 78' lang='lat' dir='ltr'>nobilem</span> <span class='ocrx_word' id='word_1_235' title='bbox 620 2287 772 2313; x_wconf 82' lang='lat' dir='ltr'>mulierem</span> <span class='ocrx_word' id='word_1_236' title='bbox 794 2288 992 2321; x_wconf 62' lang='lat' dir='ltr'>Hayuordiui,</span> <span class='ocrx_word' id='word_1_237' title='bbox 1015 2290 1166 2316; x_wconf 75' lang='lat' dir='ltr'>dominam</span> 
     </span>
     <span class='ocr_line' id='line_1_38' title="bbox 164 2333 1167 2370; baseline 0.004 -10"><span class='ocrx_word' id='word_1_238' title='bbox 164 2334 238 2360; x_wconf 88' lang='lat' dir='ltr'>Belli</span> <span class='ocrx_word' id='word_1_239' title='bbox 257 2333 338 2365; x_wconf 74' lang='lat' dir='ltr'>Loci7</span> <span class='ocrx_word' id='word_1_240' title='bbox 355 2342 390 2360; x_wconf 83' lang='lat' dir='ltr'>ex</span> <span class='ocrx_word' id='word_1_241' title='bbox 406 2334 509 2363; x_wconf 80' lang='lat' dir='ltr'>altera,</span> <span class='ocrx_word' id='word_1_242' title='bbox 526 2338 637 2363; x_wconf 78' lang='lat' dir='ltr'>exorta.</span> <span class='ocrx_word' id='word_1_243' title='bbox 654 2335 783 2362; x_wconf 85' lang='lat' dir='ltr'>nondum</span> <span class='ocrx_word' id='word_1_244' title='bbox 799 2337 941 2370; x_wconf 77' lang='lat' dir='ltr'>potuisset</span> <span class='ocrx_word' id='word_1_245' title='bbox 958 2338 1123 2367; x_wconf 82' lang='lat' dir='ltr'>terminari.</span> <span class='ocrx_word' id='word_1_246' title='bbox 1136 2353 1167 2356; x_wconf 85' lang='lat'><em>—</em></span> 
     </span>
     <span class='ocr_line' id='line_1_39' title="bbox 162 2381 1168 2421; baseline 0.006 -14"><span class='ocrx_word' id='word_1_247' title='bbox 162 2382 329 2416; x_wconf 76' lang='lat' dir='ltr'>praedictae</span> <span class='ocrx_word' id='word_1_248' title='bbox 344 2381 436 2408; x_wconf 75' lang='lat' dir='ltr'>nobili</span> <span class='ocrx_word' id='word_1_249' title='bbox 453 2383 615 2416; x_wconf 64' lang='lat' dir='ltr'>praefigant·</span> <span class='ocrx_word' id='word_1_250' title='bbox 632 2384 791 2410; x_wconf 80' lang='lat' dir='ltr'>terminum</span> <span class='ocrx_word' id='word_1_251' title='bbox 810 2386 1040 2419; x_wconf 70' lang='lat' dir='ltr'>pereuiptorium</span> <span class='ocrx_word' id='word_1_252' title='bbox 1054 2395 1168 2421; x_wconf 76' lang='lat' dir='ltr'>compe-</span> 
     </span>
     <span class='ocr_line' id='line_1_40' title="bbox 162 2432 1168 2469; baseline 0.004 -13"><span class='ocrx_word' id='word_1_253' title='bbox 162 2433 284 2461; x_wconf 74' lang='lat' dir='ltr'>tentem,</span> <span class='ocrx_word' id='word_1_254' title='bbox 302 2439 357 2464; x_wconf 88' lang='lat' dir='ltr'>quo</span> <span class='ocrx_word' id='word_1_255' title='bbox 374 2438 424 2464; x_wconf 80' lang='lat' dir='ltr'>per</span> <span class='ocrx_word' id='word_1_256' title='bbox 439 2439 468 2457; x_wconf 82' lang='lat' dir='ltr'>se</span> <span class='ocrx_word' id='word_1_257' title='bbox 484 2432 529 2457; x_wconf 70' lang='lat' dir='ltr'>vel</span> <span class='ocrx_word' id='word_1_258' title='bbox 546 2439 597 2465; x_wconf 82' lang='lat' dir='ltr'>per</span> <span class='ocrx_word' id='word_1_259' title='bbox 609 2436 825 2465; x_wconf 71' lang='lat' dir='ltr'>p1·‹›‹·ur‹·1t‹·re1u</span> <span class='ocrx_word' id='word_1_260' title='bbox 840 2434 978 2460; x_wconf 77' lang='lat' dir='ltr'>idoneum</span> <span class='ocrx_word' id='word_1_261' title='bbox 994 2443 1089 2461; x_wconf 73' lang='lat' dir='ltr'>coram</span> <span class='ocrx_word' id='word_1_262' title='bbox 1106 2435 1168 2469; x_wconf 71' lang='lat' dir='ltr'>ipso</span> 
     </span>
     <span class='ocr_line' id='line_1_41' title="bbox 163 2479 1167 2513; baseline 0.007 -9"><span class='ocrx_word' id='word_1_263' title='bbox 163 2487 235 2513; x_wconf 83' lang='lat' dir='ltr'>papa</span> <span class='ocrx_word' id='word_1_264' title='bbox 247 2482 429 2513; x_wconf 72' lang='lat' dir='ltr'>compareat:</span> <span class='ocrx_word' id='word_1_265' title='bbox 442 2479 566 2512; x_wconf 76' lang='lat' dir='ltr'>adjectis</span> <span class='ocrx_word' id='word_1_266' title='bbox 578 2480 704 2506; x_wconf 70' lang='lat' dir='ltr'>‹liversis</span> <span class='ocrx_word' id='word_1_267' title='bbox 715 2481 783 2507; x_wconf 83' lang='lat' dir='ltr'>aliis</span> <span class='ocrx_word' id='word_1_268' title='bbox 796 2482 944 2509; x_wconf 81' lang='lat' dir='ltr'>mandatis</span> <span class='ocrx_word' id='word_1_269' title='bbox 955 2483 1088 2509; x_wconf 78' lang='lat' dir='ltr'>camdem</span> <span class='ocrx_word' id='word_1_270' title='bbox 1102 2493 1167 2511; x_wconf 63' lang='lat' dir='ltr'>cair</span> 
     </span>
     <span class='ocr_line' id='line_1_42' title="bbox 161 2527 1166 2563; baseline 0.006 -11"><span class='ocrx_word' id='word_1_271' title='bbox 161 2536 222 2553; x_wconf 86' lang='lat' dir='ltr'>sam</span> <span class='ocrx_word' id='word_1_272' title='bbox 240 2527 490 2560; x_wconf 76' lang='lat' dir='ltr'>cmitiugentibus.</span> <span class='ocrx_word' id='word_1_273' title='bbox 505 2543 536 2545; x_wconf 97' lang='lat'><strong>—</strong></span> <span class='ocrx_word' id='word_1_274' title='bbox 551 2529 637 2559; x_wconf 68' lang='lat' dir='ltr'>(llssn.</span> <span class='ocrx_word' id='word_1_275' title='bbox 652 2528 694 2556; x_wconf 72' lang='lat'>18.</span> <span class='ocrx_word' id='word_1_276' title='bbox 709 2530 842 2558; x_wconf 73' lang='lat' dir='ltr'>f.3171·⁴·:</span> <span class='ocrx_word' id='word_1_277' title='bbox 860 2539 928 2557; x_wconf 89' lang='lat' dir='ltr'>ann.</span> <span class='ocrx_word' id='word_1_278' title='bbox 943 2531 995 2563; x_wconf 70' lang='lat' dir='ltr'>XI,</span> <span class='ocrx_word' id='word_1_279' title='bbox 1013 2532 1118 2561; x_wconf 52' lang='lat'>1:316:</span> <span class='ocrx_word' id='word_1_280' title='bbox 1136 2547 1166 2550; x_wconf 72' lang='lat'><em>-</em></span> 
     </span>
     <span class='ocr_line' id='line_1_43' title="bbox 162 2576 518 2607; baseline -0.003 -4"><span class='ocrx_word' id='word_1_281' title='bbox 162 2576 294 2603; x_wconf 68' lang='lat' dir='ltr'><strong>MOREAL‘</strong></span> <span class='ocrx_word' id='word_1_282' title='bbox 312 2576 390 2606; x_wconf 77' lang='lat'>1191,</span> <span class='ocrx_word' id='word_1_283' title='bbox 409 2577 428 2602; x_wconf 80' lang='lat' dir='ltr'>f.</span> <span class='ocrx_word' id='word_1_284' title='bbox 450 2577 518 2607; x_wconf 84' lang='lat'>110.)</span> 
     </span>
    </p>
   </div>
   <div class='ocr_carea' id='block_1_7' title="bbox 162 2678 1168 2982">
    <p class='ocr_par' dir='ltr' id='par_1_7' title="bbox 162 2678 1168 2982">
     <span class='ocr_line' id='line_1_44' title="bbox 203 2678 1167 2720; baseline 0.007 -14"><span class='ocrx_word' id='word_1_285' title='bbox 203 2690 215 2704; x_wconf 76' lang='grc' dir='ltr'>ιι</span> <span class='ocrx_word' id='word_1_286' title='bbox 238 2700 257 2706; x_wconf 91' lang='grc'>..</span> <span class='ocrx_word' id='word_1_287' title='bbox 277 2678 441 2707; x_wconf 68' lang='lat' dir='ltr'>subdecano</span> <span class='ocrx_word' id='word_1_288' title='bbox 457 2684 482 2707; x_wconf 84' lang='lat' dir='ltr'>el</span> <span class='ocrx_word' id='word_1_289' title='bbox 502 2702 522 2706; x_wconf 95' lang='lat'>..</span> <span class='ocrx_word' id='word_1_290' title='bbox 539 2679 756 2709; x_wconf 74' lang='lat' dir='ltr'>archidiacono</span> <span class='ocrx_word' id='word_1_291' title='bbox 773 2681 978 2720; x_wconf 72' lang='lat' dir='ltr'>Pissia‹·en[si]</span> <span class='ocrx_word' id='word_1_292' title='bbox 1001 2684 1167 2713; x_wconf 78' lang='lat' dir='ltr'>Carnolen—</span> 
     </span>
     <span class='ocr_line' id='line_1_45' title="bbox 163 2730 1166 2771; baseline 0.007 -12"><span class='ocrx_word' id='word_1_293' title='bbox 163 2731 280 2768; x_wconf 60' lang='lat' dir='ltr'>[sibus]</span> <span class='ocrx_word' id='word_1_294' title='bbox 299 2730 528 2770; x_wconf 65' lang='lat' dir='ltr'>DiHectorum]</span> <span class='ocrx_word' id='word_1_295' title='bbox 549 2731 718 2771; x_wconf 81' lang='lat' dir='ltr'>fil[iorum]</span> <span class='ocrx_word' id='word_1_296' title='bbox 739 2755 757 2761; x_wconf 95' lang='lat'>..</span> <span class='ocrx_word' id='word_1_297' title='bbox 778 2733 991 2764; x_wconf 82' lang='lat' dir='ltr'>thesaurarii.</span> <span class='ocrx_word' id='word_1_298' title='bbox 1012 2759 1033 2764; x_wconf 90' lang='lat'>..</span> <span class='ocrx_word' id='word_1_299' title='bbox 1051 2736 1166 2766; x_wconf 84' lang='lat' dir='ltr'>decani</span> 
     </span>
     <span class='ocr_line' id='line_1_46' title="bbox 162 2783 1167 2822; baseline 0.006 -9"><span class='ocrx_word' id='word_1_300' title='bbox 162 2787 194 2813; x_wconf 86' lang='lat' dir='ltr'>et</span> <span class='ocrx_word' id='word_1_301' title='bbox 209 2783 345 2822; x_wconf 84' lang='lat' dir='ltr'>capituli</span> <span class='ocrx_word' id='word_1_302' title='bbox 372 2783 510 2814; x_wconf 81' lang='lat' dir='ltr'>ecclesie</span> <span class='ocrx_word' id='word_1_303' title='bbox 537 2784 632 2813; x_wconf 86' lang='lat' dir='ltr'>Beati</span> <span class='ocrx_word' id='word_1_304' title='bbox 659 2784 780 2814; x_wconf 86' lang='lat' dir='ltr'>Hilarii</span> <span class='ocrx_word' id='word_1_305' title='bbox 799 2786 1003 2818; x_wconf 81' lang='lat' dir='ltr'>Pictavensis</span> <span class='ocrx_word' id='word_1_306' title='bbox 1021 2788 1167 2819; x_wconf 79' lang='lat' dir='ltr'>exhibita</span> 
     </span>
     <span class='ocr_line' id='line_1_47' title="bbox 163 2835 1164 2879; baseline 0.008 -15"><span class='ocrx_word' id='word_1_307' title='bbox 163 2835 258 2866; x_wconf 89' lang='lat' dir='ltr'>nohis</span> <span class='ocrx_word' id='word_1_308' title='bbox 274 2835 390 2874; x_wconf 89' lang='lat' dir='ltr'>petitio</span> <span class='ocrx_word' id='word_1_309' title='bbox 407 2836 598 2866; x_wconf 86' lang='lat' dir='ltr'>continebat</span> <span class='ocrx_word' id='word_1_310' title='bbox 615 2837 712 2875; x_wconf 88' lang='lat' dir='ltr'>quod.</span> <span class='ocrx_word' id='word_1_311' title='bbox 731 2846 803 2867; x_wconf 91' lang='lat' dir='ltr'>cum</span> <span class='ocrx_word' id='word_1_312' title='bbox 824 2838 946 2869; x_wconf 88' lang='lat' dir='ltr'>dudum</span> <span class='ocrx_word' id='word_1_313' title='bbox 962 2840 1050 2871; x_wconf 89' lang='lat' dir='ltr'>inter</span> <span class='ocrx_word' id='word_1_314' title='bbox 1065 2842 1164 2879; x_wconf 78' lang='lat' dir='ltr'>ipsos,</span> 
     </span>
     <span class='ocr_line' id='line_1_48' title="bbox 163 2889 1167 2931; baseline 0.007 -14"><span class='ocrx_word' id='word_1_315' title='bbox 163 2897 200 2918; x_wconf 84' lang='lat' dir='ltr'>ex</span> <span class='ocrx_word' id='word_1_316' title='bbox 216 2893 307 2927; x_wconf 87' lang='lat' dir='ltr'>parte</span> <span class='ocrx_word' id='word_1_317' title='bbox 324 2897 401 2923; x_wconf 73' lang='lat' dir='ltr'>una,</span> <span class='ocrx_word' id='word_1_318' title='bbox 429 2893 459 2919; x_wconf 84' lang='lat' dir='ltr'>et</span> <span class='ocrx_word' id='word_1_319' title='bbox 485 2889 630 2919; x_wconf 87' lang='lat' dir='ltr'>nobilem</span> <span class='ocrx_word' id='word_1_320' title='bbox 656 2890 831 2921; x_wconf 84' lang='lat' dir='ltr'>mulierem</span> <span class='ocrx_word' id='word_1_321' title='bbox 853 2893 1071 2931; x_wconf 66' lang='lat' dir='ltr'>Haynordim,</span> <span class='ocrx_word' id='word_1_322' title='bbox 1099 2895 1167 2924; x_wconf 87' lang='lat' dir='ltr'>dic-</span> 
     </span>
     <span class='ocr_line' id='line_1_49' title="bbox 164 2941 1168 2982; baseline 0.007 -12"><span class='ocrx_word' id='word_1_323' title='bbox 164 2945 230 2971; x_wconf 90' lang='lat' dir='ltr'>tam</span> <span class='ocrx_word' id='word_1_324' title='bbox 252 2941 419 2971; x_wconf 86' lang='lat' dir='ltr'>dominam</span> <span class='ocrx_word' id='word_1_325' title='bbox 436 2941 521 2971; x_wconf 83' lang='lat' dir='ltr'>Belli</span> <span class='ocrx_word' id='word_1_326' title='bbox 539 2942 627 2977; x_wconf 86' lang='lat' dir='ltr'>Loci,</span> <span class='ocrx_word' id='word_1_327' title='bbox 652 2952 714 2982; x_wconf 88' lang='lat' dir='ltr'>que</span> <span class='ocrx_word' id='word_1_328' title='bbox 732 2944 767 2973; x_wconf 87' lang='lat' dir='ltr'>in</span> <span class='ocrx_word' id='word_1_329' title='bbox 786 2945 988 2975; x_wconf 88' lang='lat' dir='ltr'>Bituricensi</span> <span class='ocrx_word' id='word_1_330' title='bbox 1017 2951 1046 2976; x_wconf 87' lang='lat' dir='ltr'>et</span> <span class='ocrx_word' id='word_1_331' title='bbox 1072 2948 1168 2977; x_wconf 76' lang='lat' dir='ltr'>Auti-</span> 
     </span>
    </p>
   </div>
   <div class='ocr_carea' id='block_1_8' title="bbox 286 3000 632 3035">
    <p class='ocr_par' dir='ltr' id='par_1_8' title="bbox 286 3000 632 3035">
     <span class='ocr_line' id='line_1_50' title="bbox 286 3000 632 3035; baseline 0.003 -4"><span class='ocrx_word' id='word_1_332' title='bbox 286 3000 472 3031; x_wconf 69' lang='lat' dir='ltr'>oRssGomE</span> <span class='ocrx_word' id='word_1_333' title='bbox 490 3007 541 3035; x_wconf 81' lang='lat' dir='ltr'>ix.</span> <span class='ocrx_word' id='word_1_334' title='bbox 560 3010 578 3031; x_wconf 88' lang='lat' dir='ltr'>t.</span> <span class='ocrx_word' id='word_1_335' title='bbox 598 3008 632 3032; x_wconf 87' lang='lat'>11.</span> 
     </span>
    </p>
   </div>
   <div class='ocr_carea' id='block_1_9' title="bbox 1245 353 2253 870">
    <p class='ocr_par' dir='ltr' id='par_1_9' title="bbox 1245 353 2253 870">
     <span class='ocr_line' id='line_1_51' title="bbox 1249 353 2251 391; baseline 0.005 -9"><span class='ocrx_word' id='word_1_336' title='bbox 1249 353 1432 383; x_wconf 84' lang='lat' dir='ltr'>siodorensi</span> <span class='ocrx_word' id='word_1_337' title='bbox 1461 355 1648 384; x_wconf 70' lang='lat' dir='ltr'>‹lim-esibus</span> <span class='ocrx_word' id='word_1_338' title='bbox 1676 355 1843 385; x_wconf 83' lang='lat' dir='ltr'>domicilia</span> <span class='ocrx_word' id='word_1_339' title='bbox 1871 356 1992 385; x_wconf 83' lang='lat' dir='ltr'>dicitur</span> <span class='ocrx_word' id='word_1_340' title='bbox 2022 357 2182 391; x_wconf 78' lang='lat' dir='ltr'>obtinere,</span> <span class='ocrx_word' id='word_1_341' title='bbox 2214 367 2251 387; x_wconf 88' lang='lat' dir='ltr'>ex</span> 
     </span>
     <span class='ocr_line' id='line_1_52' title="bbox 1249 405 2251 446; baseline 0.006 -11"><span class='ocrx_word' id='word_1_342' title='bbox 1249 405 1330 441; x_wconf 75' lang='lat' dir='ltr'>alia,</span> <span class='ocrx_word' id='word_1_343' title='bbox 1352 416 1451 445; x_wconf 86' lang='lat' dir='ltr'>super</span> <span class='ocrx_word' id='word_1_344' title='bbox 1474 416 1511 437; x_wconf 84' lang='lat' dir='ltr'>eo</span> <span class='ocrx_word' id='word_1_345' title='bbox 1533 408 1619 446; x_wconf 84' lang='lat' dir='ltr'>quod</span> <span class='ocrx_word' id='word_1_346' title='bbox 1635 408 1748 438; x_wconf 85' lang='lat' dir='ltr'>eadem</span> <span class='ocrx_word' id='word_1_347' title='bbox 1767 409 1889 439; x_wconf 87' lang='lat' dir='ltr'>nobilis</span> <span class='ocrx_word' id='word_1_348' title='bbox 1915 409 1979 439; x_wconf 80' lang='lat' dir='ltr'>sibi</span> <span class='ocrx_word' id='word_1_349' title='bbox 2005 415 2034 440; x_wconf 85' lang='lat' dir='ltr'>et</span> <span class='ocrx_word' id='word_1_350' title='bbox 2060 411 2251 441; x_wconf 84' lang='lat' dir='ltr'>hominibus</span> 
     </span>
     <span class='ocr_line' id='line_1_53' title="bbox 1249 459 2251 500; baseline 0.006 -13"><span class='ocrx_word' id='word_1_351' title='bbox 1249 459 1438 495; x_wconf 83' lang='lat' dir='ltr'>eorundem,</span> <span class='ocrx_word' id='word_1_352' title='bbox 1455 460 1487 489; x_wconf 91' lang='lat' dir='ltr'>in</span> <span class='ocrx_word' id='word_1_353' title='bbox 1502 469 1614 490; x_wconf 83' lang='lat' dir='ltr'>eorum</span> <span class='ocrx_word' id='word_1_354' title='bbox 1631 461 1859 500; x_wconf 76' lang='lat' dir='ltr'>prejudicium,</span> <span class='ocrx_word' id='word_1_355' title='bbox 1875 462 2015 500; x_wconf 86' lang='lat' dir='ltr'>dampna</span> <span class='ocrx_word' id='word_1_356' title='bbox 2029 464 2140 498; x_wconf 65' lang='lat' dir='ltr'>mavia</span> <span class='ocrx_word' id='word_1_357' title='bbox 2155 468 2182 493; x_wconf 88' lang='lat' dir='ltr'>et</span> <span class='ocrx_word' id='word_1_358' title='bbox 2198 464 2251 493; x_wconf 92' lang='lat' dir='ltr'>in-</span> 
     </span>
     <span class='ocr_line' id='line_1_54' title="bbox 1245 511 2251 552; baseline 0.006 -12"><span class='ocrx_word' id='word_1_359' title='bbox 1245 511 1352 549; x_wconf 85' lang='lat' dir='ltr'>jurias</span> <span class='ocrx_word' id='word_1_360' title='bbox 1380 512 1552 550; x_wconf 74' lang='lat' dir='ltr'>irrogarat.</span> <span class='ocrx_word' id='word_1_361' title='bbox 1586 523 1621 542; x_wconf 75' lang='lat' dir='ltr'>ac</span> <span class='ocrx_word' id='word_1_362' title='bbox 1652 522 1751 552; x_wconf 85' lang='lat' dir='ltr'>super</span> <span class='ocrx_word' id='word_1_363' title='bbox 1783 514 1980 552; x_wconf 79' lang='lat' dir='ltr'>quibusdam</span> <span class='ocrx_word' id='word_1_364' title='bbox 2011 516 2194 546; x_wconf 73' lang='lat' dir='ltr'>redditibus</span> <span class='ocrx_word' id='word_1_365' title='bbox 2220 521 2251 546; x_wconf 86' lang='lat' dir='ltr'>et</span> 
     </span>
     <span class='ocr_line' id='line_1_55' title="bbox 1249 564 2253 606; baseline 0.004 -14"><span class='ocrx_word' id='word_1_366' title='bbox 1249 564 1347 594; x_wconf 88' lang='lat' dir='ltr'>rebus</span> <span class='ocrx_word' id='word_1_367' title='bbox 1374 564 1449 595; x_wconf 86' lang='lat' dir='ltr'>aliis</span> <span class='ocrx_word' id='word_1_368' title='bbox 1473 566 1603 604; x_wconf 77' lang='lat' dir='ltr'>questio</span> <span class='ocrx_word' id='word_1_369' title='bbox 1628 566 1745 596; x_wconf 82' lang='lat' dir='ltr'>suisset</span> <span class='ocrx_word' id='word_1_370' title='bbox 1769 572 1877 596; x_wconf 80' lang='lat' dir='ltr'>exorta</span> <span class='ocrx_word' id='word_1_371' title='bbox 1898 577 1903 595; x_wconf 92' lang='lat'>:</span> <span class='ocrx_word' id='word_1_372' title='bbox 1926 576 1983 596; x_wconf 88' lang='lat' dir='ltr'>uos</span> <span class='ocrx_word' id='word_1_373' title='bbox 2009 568 2157 599; x_wconf 72' lang='lat' dir='ltr'>tando—m.</span> <span class='ocrx_word' id='word_1_374' title='bbox 2180 574 2253 606; x_wconf 53' lang='lat' dir='ltr'>post.</span> 
     </span>
     <span class='ocr_line' id='line_1_56' title="bbox 1248 616 2252 659; baseline 0.006 -15"><span class='ocrx_word' id='word_1_375' title='bbox 1248 616 1397 646; x_wconf 83' lang='lat' dir='ltr'>diversas</span> <span class='ocrx_word' id='word_1_376' title='bbox 1414 618 1666 648; x_wconf 72' lang='lat' dir='ltr'>commissiones</span> <span class='ocrx_word' id='word_1_377' title='bbox 1692 618 1768 648; x_wconf 83' lang='lat' dir='ltr'>hinc</span> <span class='ocrx_word' id='word_1_378' title='bbox 1792 619 1866 648; x_wconf 80' lang='lat' dir='ltr'>inde</span> <span class='ocrx_word' id='word_1_379' title='bbox 1891 629 1989 657; x_wconf 84' lang='lat' dir='ltr'>super</span> <span class='ocrx_word' id='word_1_380' title='bbox 2015 620 2073 649; x_wconf 75' lang='lat' dir='ltr'>hoc</span> <span class='ocrx_word' id='word_1_381' title='bbox 2091 620 2130 649; x_wconf 79' lang='lat' dir='ltr'>al·</span> <span class='ocrx_word' id='word_1_382' title='bbox 2148 623 2252 659; x_wconf 78' lang='lat' dir='ltr'>Apos-</span> 
     </span>
     <span class='ocr_line' id='line_1_57' title="bbox 1250 669 2249 712; baseline 0.005 -14"><span class='ocrx_word' id='word_1_383' title='bbox 1250 669 1345 699; x_wconf 84' lang='lat' dir='ltr'>tolica</span> <span class='ocrx_word' id='word_1_384' title='bbox 1363 670 1445 700; x_wconf 78' lang='lat' dir='ltr'>Sede</span> <span class='ocrx_word' id='word_1_385' title='bbox 1462 671 1501 700; x_wconf 87' lang='lat' dir='ltr'>ad</span> <span class='ocrx_word' id='word_1_386' title='bbox 1517 671 1647 710; x_wconf 83' lang='lat' dir='ltr'>judices</span> <span class='ocrx_word' id='word_1_387' title='bbox 1665 672 1812 701; x_wconf 81' lang='lat' dir='ltr'>diversos</span> <span class='ocrx_word' id='word_1_388' title='bbox 1829 672 1991 701; x_wconf 80' lang='lat' dir='ltr'>obtentas.</span> <span class='ocrx_word' id='word_1_389' title='bbox 2011 674 2156 703; x_wconf 78' lang='lat' dir='ltr'>volentes</span> <span class='ocrx_word' id='word_1_390' title='bbox 2176 684 2249 712; x_wconf 91' lang='lat' dir='ltr'>par-</span> 
     </span>
     <span class='ocr_line' id='line_1_58' title="bbox 1250 722 1898 762; baseline 0.005 -11"><span class='ocrx_word' id='word_1_391' title='bbox 1250 722 1331 752; x_wconf 90' lang='lat' dir='ltr'>tium</span> <span class='ocrx_word' id='word_1_392' title='bbox 1373 723 1670 762; x_wconf 82' lang='lat' dir='ltr'>iudempnitatibus</span> <span class='ocrx_word' id='word_1_393' title='bbox 1707 725 1898 762; x_wconf 81' lang='lat' dir='ltr'>providere.</span> 
     </span>
     <span class='ocr_line' id='line_1_59' title="bbox 1250 777 2251 818; baseline 0.003 -13"><span class='ocrx_word' id='word_1_394' title='bbox 1250 781 1361 806; x_wconf 88' lang='lat' dir='ltr'>nostro</span> <span class='ocrx_word' id='word_1_395' title='bbox 1385 800 1404 805; x_wconf 91' lang='lat'>..</span> <span class='ocrx_word' id='word_1_396' title='bbox 1430 777 1677 816; x_wconf 83' lang='lat' dir='ltr'>archiepiscopo</span> <span class='ocrx_word' id='word_1_397' title='bbox 1697 779 1882 808; x_wconf 78' lang='lat' dir='ltr'>&#39;I&#39;uroucnsi</span> <span class='ocrx_word' id='word_1_398' title='bbox 1916 784 1947 808; x_wconf 77' lang='lat' dir='ltr'>et</span> <span class='ocrx_word' id='word_1_399' title='bbox 1980 779 2114 817; x_wconf 68' lang='lat' dir='ltr'>collegis</span> <span class='ocrx_word' id='word_1_400' title='bbox 2146 780 2251 818; x_wconf 85' lang='lat' dir='ltr'>ipsius</span> 
     </span>
     <span class='ocr_line' id='line_1_60' title="bbox 1249 829 2250 870; baseline 0.003 -12"><span class='ocrx_word' id='word_1_401' title='bbox 1249 829 1429 859; x_wconf 76' lang='lat' dir='ltr'>direximus</span> <span class='ocrx_word' id='word_1_402' title='bbox 1447 830 1567 868; x_wconf 79' lang='lat' dir='ltr'>scripta</span> <span class='ocrx_word' id='word_1_403' title='bbox 1586 836 1715 860; x_wconf 87' lang='lat' dir='ltr'>nostra.</span> <span class='ocrx_word' id='word_1_404' title='bbox 1734 836 1785 861; x_wconf 92' lang='lat' dir='ltr'>ut.</span> <span class='ocrx_word' id='word_1_405' title='bbox 1809 832 1836 860; x_wconf 85' lang='lat' dir='ltr'>si</span> <span class='ocrx_word' id='word_1_406' title='bbox 1854 832 1892 861; x_wconf 81' lang='lat' dir='ltr'>de</span> <span class='ocrx_word' id='word_1_407' title='bbox 1909 832 2050 870; x_wconf 86' lang='lat' dir='ltr'>partium</span> <span class='ocrx_word' id='word_1_408' title='bbox 2072 833 2250 863; x_wconf 87' lang='lat' dir='ltr'>earundem</span> 
     </span>
    </p>
   </div>
   <div class='ocr_carea' id='block_1_10' title="bbox 1937 726 2251 756">
    <p class='ocr_par' dir='ltr' id='par_1_10' title="bbox 1937 726 2251 756">
     <span class='ocr_line' id='line_1_61' title="bbox 1937 726 2251 756; baseline 0.006 -2"><span class='ocrx_word' id='word_1_409' title='bbox 1937 726 2117 755; x_wconf 74' lang='lat' dir='ltr'>venerabili</span> <span class='ocrx_word' id='word_1_410' title='bbox 2156 727 2251 756; x_wconf 81' lang='lat' dir='ltr'>fratri</span> 
     </span>
    </p>
   </div>
   <div class='ocr_carea' id='block_1_11' title="bbox 1249 881 2257 2772">
    <p class='ocr_par' dir='ltr' id='par_1_11' title="bbox 1249 881 2257 2772">
     <span class='ocr_line' id='line_1_62' title="bbox 1250 881 2251 923; baseline 0.005 -13"><span class='ocrx_word' id='word_1_411' title='bbox 1250 881 1417 911; x_wconf 85' lang='lat' dir='ltr'>voluntate</span> <span class='ocrx_word' id='word_1_412' title='bbox 1436 883 1635 920; x_wconf 72' lang='lat' dir='ltr'>procederet,</span> <span class='ocrx_word' id='word_1_413' title='bbox 1651 893 1785 913; x_wconf 77' lang='lat' dir='ltr'>causam</span> <span class='ocrx_word' id='word_1_414' title='bbox 1803 884 1907 922; x_wconf 82' lang='lat' dir='ltr'>ipsam</span> <span class='ocrx_word' id='word_1_415' title='bbox 1937 894 2020 923; x_wconf 79' lang='lat' dir='ltr'>equo</span> <span class='ocrx_word' id='word_1_416' title='bbox 2048 885 2174 923; x_wconf 88' lang='lat' dir='ltr'>judicio</span> <span class='ocrx_word' id='word_1_417' title='bbox 2202 886 2251 915; x_wconf 81' lang='lat' dir='ltr'>vel</span> 
     </span>
     <span class='ocr_line' id='line_1_63' title="bbox 1250 935 2251 975; baseline 0.005 -12"><span class='ocrx_word' id='word_1_418' title='bbox 1250 935 1422 964; x_wconf 76' lang='lat' dir='ltr'>concordia</span> <span class='ocrx_word' id='word_1_419' title='bbox 1441 936 1674 971; x_wconf 80' lang='lat' dir='ltr'>t‹:1·min.·11·ent;</span> <span class='ocrx_word' id='word_1_420' title='bbox 1696 936 1844 975; x_wconf 73' lang='lat' dir='ltr'>alioquin</span> <span class='ocrx_word' id='word_1_421' title='bbox 1863 946 1934 967; x_wconf 87' lang='lat' dir='ltr'>eam</span> <span class='ocrx_word' id='word_1_422' title='bbox 1959 938 1996 967; x_wconf 86' lang='lat' dir='ltr'>ad</span> <span class='ocrx_word' id='word_1_423' title='bbox 2017 947 2151 967; x_wconf 77' lang='lat' dir='ltr'>examen</span> <span class='ocrx_word' id='word_1_424' title='bbox 2175 948 2251 968; x_wconf 81' lang='lat' dir='ltr'>nos-</span> 
     </span>
     <span class='ocr_line' id='line_1_64' title="bbox 1251 989 2252 1029; baseline 0.005 -13"><span class='ocrx_word' id='word_1_425' title='bbox 1251 993 1335 1017; x_wconf 88' lang='lat' dir='ltr'>trum</span> <span class='ocrx_word' id='word_1_426' title='bbox 1362 989 1567 1018; x_wconf 85' lang='lat' dir='ltr'>remitterent</span> <span class='ocrx_word' id='word_1_427' title='bbox 1592 990 1796 1019; x_wconf 79' lang='lat' dir='ltr'>sufficienter</span> <span class='ocrx_word' id='word_1_428' title='bbox 1827 990 2035 1020; x_wconf 78' lang='lat' dir='ltr'>instructam.</span> <span class='ocrx_word' id='word_1_429' title='bbox 2054 992 2252 1029; x_wconf 63' lang='lat' dir='ltr'>pretigentes</span> 
     </span>
     <span class='ocr_line' id='line_1_65' title="bbox 1249 1041 2250 1082; baseline 0.004 -13"><span class='ocrx_word' id='word_1_430' title='bbox 1249 1041 1346 1070; x_wconf 88' lang='lat' dir='ltr'>dictis</span> <span class='ocrx_word' id='word_1_431' title='bbox 1363 1041 1512 1079; x_wconf 83' lang='lat' dir='ltr'>partibus</span> <span class='ocrx_word' id='word_1_432' title='bbox 1531 1042 1786 1080; x_wconf 82' lang='lat' dir='ltr'>peremptorium</span> <span class='ocrx_word' id='word_1_433' title='bbox 1809 1043 1985 1072; x_wconf 76' lang='lat' dir='ltr'>terminum</span> <span class='ocrx_word' id='word_1_434' title='bbox 2001 1049 2250 1082; x_wconf 74' lang='lat' dir='ltr'>competentem.</span> 
     </span>
     <span class='ocr_line' id='line_1_66' title="bbox 1250 1093 2253 1131; baseline 0.002 -9"><span class='ocrx_word' id='word_1_435' title='bbox 1250 1103 1313 1131; x_wconf 74' lang='lat' dir='ltr'>quo</span> <span class='ocrx_word' id='word_1_436' title='bbox 1330 1102 1386 1131; x_wconf 86' lang='lat' dir='ltr'>per</span> <span class='ocrx_word' id='word_1_437' title='bbox 1403 1103 1437 1123; x_wconf 80' lang='lat' dir='ltr'>se</span> <span class='ocrx_word' id='word_1_438' title='bbox 1455 1093 1504 1122; x_wconf 77' lang='lat' dir='ltr'>vel</span> <span class='ocrx_word' id='word_1_439' title='bbox 1525 1103 1581 1131; x_wconf 87' lang='lat' dir='ltr'>per</span> <span class='ocrx_word' id='word_1_440' title='bbox 1597 1099 1825 1131; x_wconf 71' lang='lat' dir='ltr'>procuratores</span> <span class='ocrx_word' id='word_1_441' title='bbox 1842 1094 1978 1124; x_wconf 80' lang='lat' dir='ltr'>idoneos</span> <span class='ocrx_word' id='word_1_442' title='bbox 1995 1104 2029 1124; x_wconf 77' lang='lat' dir='ltr'>se</span> <span class='ocrx_word' id='word_1_443' title='bbox 2048 1100 2158 1124; x_wconf 87' lang='lat' dir='ltr'>nostro</span> <span class='ocrx_word' id='word_1_444' title='bbox 2175 1105 2253 1125; x_wconf 75' lang='lat' dir='ltr'>con-</span> 
     </span>
     <span class='ocr_line' id='line_1_67' title="bbox 1249 1147 2252 1186; baseline 0.003 -11"><span class='ocrx_word' id='word_1_445' title='bbox 1249 1147 1375 1184; x_wconf 78' lang='lat' dir='ltr'>spectui</span> <span class='ocrx_word' id='word_1_446' title='bbox 1391 1151 1634 1184; x_wconf 68' lang='lat' dir='ltr'>presentarentg</span> <span class='ocrx_word' id='word_1_447' title='bbox 1649 1156 1788 1185; x_wconf 80' lang='lat' dir='ltr'>quorum</span> <span class='ocrx_word' id='word_1_448' title='bbox 1800 1156 1972 1185; x_wconf 77' lang='lat' dir='ltr'>processus</span> <span class='ocrx_word' id='word_1_449' title='bbox 1983 1149 2160 1186; x_wconf 78' lang='lat' dir='ltr'>impeditus</span> <span class='ocrx_word' id='word_1_450' title='bbox 2175 1149 2252 1178; x_wconf 83' lang='lat' dir='ltr'>exti-</span> 
     </span>
     <span class='ocr_line' id='line_1_68' title="bbox 1251 1199 2253 1238; baseline 0.001 -11"><span class='ocrx_word' id='word_1_451' title='bbox 1251 1199 1286 1227; x_wconf 91' lang='lat' dir='ltr'>tit</span> <span class='ocrx_word' id='word_1_452' title='bbox 1305 1204 1436 1237; x_wconf 87' lang='lat' dir='ltr'>propter</span> <span class='ocrx_word' id='word_1_453' title='bbox 1450 1200 1552 1237; x_wconf 84' lang='lat' dir='ltr'>partis</span> <span class='ocrx_word' id='word_1_454' title='bbox 1569 1199 1706 1229; x_wconf 86' lang='lat' dir='ltr'>alterius</span> <span class='ocrx_word' id='word_1_455' title='bbox 1721 1200 1896 1238; x_wconf 75' lang='lat' dir='ltr'>objectum.</span> <span class='ocrx_word' id='word_1_456' title='bbox 1916 1201 2049 1235; x_wconf 73' lang='lat' dir='ltr'>Verum,</span> <span class='ocrx_word' id='word_1_457' title='bbox 2064 1210 2149 1230; x_wconf 75' lang='lat' dir='ltr'>cum.</span> <span class='ocrx_word' id='word_1_458' title='bbox 2169 1202 2253 1231; x_wconf 64' lang='lat' dir='ltr'>sicut,</span> 
     </span>
     <span class='ocr_line' id='line_1_69' title="bbox 1250 1252 2252 1291; baseline 0.003 -11"><span class='ocrx_word' id='word_1_459' title='bbox 1250 1257 1415 1282; x_wconf 83' lang='lat' dir='ltr'>asserunt.</span> <span class='ocrx_word' id='word_1_460' title='bbox 1437 1257 1568 1291; x_wconf 86' lang='lat' dir='ltr'>propter</span> <span class='ocrx_word' id='word_1_461' title='bbox 1586 1252 1707 1281; x_wconf 89' lang='lat' dir='ltr'>nobilis</span> <span class='ocrx_word' id='word_1_462' title='bbox 1724 1258 1903 1282; x_wconf 82' lang='lat' dir='ltr'>memorate</span> <span class='ocrx_word' id='word_1_463' title='bbox 1922 1253 2070 1291; x_wconf 73' lang='lat' dir='ltr'>diffugia,</span> <span class='ocrx_word' id='word_1_464' title='bbox 2097 1254 2130 1282; x_wconf 90' lang='lat' dir='ltr'>in</span> <span class='ocrx_word' id='word_1_465' title='bbox 2154 1264 2252 1283; x_wconf 81' lang='lat' dir='ltr'>causa</span> 
     </span>
     <span class='ocr_line' id='line_1_70' title="bbox 1251 1305 2252 1343; baseline 0.002 -10"><span class='ocrx_word' id='word_1_466' title='bbox 1251 1305 1331 1342; x_wconf 69' lang='lat' dir='ltr'>ipsa.</span> <span class='ocrx_word' id='word_1_467' title='bbox 1353 1314 1410 1342; x_wconf 79' lang='lat' dir='ltr'>per</span> <span class='ocrx_word' id='word_1_468' title='bbox 1429 1305 1547 1341; x_wconf 67' lang='lat' dir='ltr'>viginti</span> <span class='ocrx_word' id='word_1_469' title='bbox 1571 1314 1676 1335; x_wconf 83' lang='lat' dir='ltr'>annos</span> <span class='ocrx_word' id='word_1_470' title='bbox 1697 1310 1727 1335; x_wconf 88' lang='lat' dir='ltr'>et</span> <span class='ocrx_word' id='word_1_471' title='bbox 1752 1305 1894 1343; x_wconf 87' lang='lat' dir='ltr'>amplius</span> <span class='ocrx_word' id='word_1_472' title='bbox 1914 1306 2087 1343; x_wconf 82' lang='lat' dir='ltr'>protelata.</span> <span class='ocrx_word' id='word_1_473' title='bbox 2109 1307 2252 1335; x_wconf 87' lang='lat' dir='ltr'>nondum</span> 
     </span>
     <span class='ocr_line' id='line_1_71' title="bbox 1250 1357 2254 1396; baseline 0.002 -10"><span class='ocrx_word' id='word_1_474' title='bbox 1250 1358 1289 1386; x_wconf 85' lang='lat' dir='ltr'>ad</span> <span class='ocrx_word' id='word_1_475' title='bbox 1308 1357 1377 1387; x_wconf 82' lang='lat' dir='ltr'>litis</span> <span class='ocrx_word' id='word_1_476' title='bbox 1394 1358 1669 1387; x_wconf 75' lang='lat' dir='ltr'>contestationem</span> <span class='ocrx_word' id='word_1_477' title='bbox 1702 1358 1845 1396; x_wconf 87' lang='lat' dir='ltr'>potuerit</span> <span class='ocrx_word' id='word_1_478' title='bbox 1876 1359 2053 1396; x_wconf 81' lang='lat' dir='ltr'>perveniri.</span> <span class='ocrx_word' id='word_1_479' title='bbox 2082 1368 2129 1388; x_wconf 82' lang='lat' dir='ltr'>ac.</span> <span class='ocrx_word' id='word_1_480' title='bbox 2160 1369 2254 1389; x_wconf 77' lang='lat' dir='ltr'>occa-</span> 
     </span>
     <span class='ocr_line' id='line_1_72' title="bbox 1251 1410 2255 1450; baseline 0.003 -11"><span class='ocrx_word' id='word_1_481' title='bbox 1251 1411 1344 1440; x_wconf 88' lang='lat' dir='ltr'>sione</span> <span class='ocrx_word' id='word_1_482' title='bbox 1374 1410 1565 1449; x_wconf 85' lang='lat' dir='ltr'>hujusmodi</span> <span class='ocrx_word' id='word_1_483' title='bbox 1595 1416 1625 1440; x_wconf 89' lang='lat' dir='ltr'>et</span> <span class='ocrx_word' id='word_1_484' title='bbox 1655 1411 1795 1440; x_wconf 89' lang='lat' dir='ltr'>aliorum</span> <span class='ocrx_word' id='word_1_485' title='bbox 1814 1412 2041 1447; x_wconf 60' lang='lat' dir='ltr'>gravaminum</span> <span class='ocrx_word' id='word_1_486' title='bbox 2062 1412 2182 1450; x_wconf 79' lang='lat' dir='ltr'>quibus</span> <span class='ocrx_word' id='word_1_487' title='bbox 2200 1421 2255 1442; x_wconf 83' lang='lat' dir='ltr'>eos</span> 
     </span>
     <span class='ocr_line' id='line_1_73' title="bbox 1252 1463 2255 1504; baseline 0.002 -12"><span class='ocrx_word' id='word_1_488' title='bbox 1252 1463 1364 1493; x_wconf 84' lang='lat' dir='ltr'>eadem</span> <span class='ocrx_word' id='word_1_489' title='bbox 1384 1463 1551 1502; x_wconf 72' lang='lat' dir='ltr'>opprimit,</span> <span class='ocrx_word' id='word_1_490' title='bbox 1569 1469 1614 1498; x_wconf 82' lang='lat' dir='ltr'>ut,</span> <span class='ocrx_word' id='word_1_491' title='bbox 1639 1464 1748 1493; x_wconf 83' lang='lat' dir='ltr'>affecti</span> <span class='ocrx_word' id='word_1_492' title='bbox 1767 1464 1863 1495; x_wconf 89' lang='lat' dir='ltr'>tedio.</span> <span class='ocrx_word' id='word_1_493' title='bbox 1888 1474 1903 1493; x_wconf 89' lang='lat' dir='ltr'>a</span> <span class='ocrx_word' id='word_1_494' title='bbox 1925 1465 2153 1502; x_wconf 81' lang='lat' dir='ltr'>prosecutione</span> <span class='ocrx_word' id='word_1_495' title='bbox 2168 1465 2255 1504; x_wconf 84' lang='lat' dir='ltr'>juris</span> 
     </span>
     <span class='ocr_line' id='line_1_74' title="bbox 1251 1515 2254 1555; baseline 0.002 -10"><span class='ocrx_word' id='word_1_496' title='bbox 1251 1515 1303 1545; x_wconf 79' lang='lat' dir='ltr'>sui</span> <span class='ocrx_word' id='word_1_497' title='bbox 1321 1516 1481 1546; x_wconf 82' lang='lat' dir='ltr'>desistere</span> <span class='ocrx_word' id='word_1_498' title='bbox 1498 1516 1748 1554; x_wconf 71' lang='lat' dir='ltr'>compellantur,</span> <span class='ocrx_word' id='word_1_499' title='bbox 1767 1516 1907 1546; x_wconf 85' lang='lat' dir='ltr'>ecclesia</span> <span class='ocrx_word' id='word_1_500' title='bbox 1925 1517 2112 1555; x_wconf 81' lang='lat' dir='ltr'>supradicta</span> <span class='ocrx_word' id='word_1_501' title='bbox 2130 1518 2171 1547; x_wconf 85' lang='lat' dir='ltr'>sit</span> <span class='ocrx_word' id='word_1_502' title='bbox 2190 1527 2254 1548; x_wconf 93' lang='lat' dir='ltr'>non</span> 
     </span>
     <span class='ocr_line' id='line_1_75' title="bbox 1252 1569 2255 1609; baseline 0.002 -11"><span class='ocrx_word' id='word_1_503' title='bbox 1252 1569 1416 1599; x_wconf 87' lang='lat' dir='ltr'>modicum</span> <span class='ocrx_word' id='word_1_504' title='bbox 1436 1570 1470 1598; x_wconf 89' lang='lat' dir='ltr'>in</span> <span class='ocrx_word' id='word_1_505' title='bbox 1499 1570 1569 1599; x_wconf 81' lang='lat' dir='ltr'>suis</span> <span class='ocrx_word' id='word_1_506' title='bbox 1586 1569 1802 1599; x_wconf 75' lang='lat' dir='ltr'>facultatibus</span> <span class='ocrx_word' id='word_1_507' title='bbox 1827 1569 2009 1603; x_wconf 74' lang='lat' dir='ltr'>annullata.</span> <span class='ocrx_word' id='word_1_508' title='bbox 2028 1570 2255 1609; x_wconf 86' lang='lat' dir='ltr'>supplicarunt</span> 
     </span>
     <span class='ocr_line' id='line_1_76' title="bbox 1251 1623 2255 1662; baseline 0.001 -9"><span class='ocrx_word' id='word_1_509' title='bbox 1251 1624 1315 1653; x_wconf 85' lang='lat' dir='ltr'>sibi</span> <span class='ocrx_word' id='word_1_510' title='bbox 1336 1633 1434 1662; x_wconf 88' lang='lat' dir='ltr'>super</span> <span class='ocrx_word' id='word_1_511' title='bbox 1452 1624 1510 1654; x_wconf 89' lang='lat' dir='ltr'>hoc</span> <span class='ocrx_word' id='word_1_512' title='bbox 1537 1628 1674 1662; x_wconf 82' lang='lat' dir='ltr'>paterna</span> <span class='ocrx_word' id='word_1_513' title='bbox 1699 1623 1905 1661; x_wconf 84' lang='lat' dir='ltr'>providentia</span> <span class='ocrx_word' id='word_1_514' title='bbox 1931 1624 2114 1653; x_wconf 83' lang='lat' dir='ltr'>subveniri.</span> <span class='ocrx_word' id='word_1_515' title='bbox 2138 1625 2255 1654; x_wconf 71' lang='lat' dir='ltr'>Volen-</span> 
     </span>
     <span class='ocr_line' id='line_1_77' title="bbox 1252 1677 2255 1716; baseline 0 -9"><span class='ocrx_word' id='word_1_516' title='bbox 1252 1682 1299 1707; x_wconf 87' lang='lat' dir='ltr'>tes</span> <span class='ocrx_word' id='word_1_517' title='bbox 1316 1677 1419 1715; x_wconf 71' lang='lat' dir='ltr'>igitur</span> <span class='ocrx_word' id='word_1_518' title='bbox 1441 1677 1574 1707; x_wconf 79' lang='lat' dir='ltr'>obviare</span> <span class='ocrx_word' id='word_1_519' title='bbox 1594 1677 1768 1711; x_wconf 77' lang='lat' dir='ltr'>molestiis,</span> <span class='ocrx_word' id='word_1_520' title='bbox 1797 1677 1853 1715; x_wconf 79' lang='lat' dir='ltr'>qui</span> <span class='ocrx_word' id='word_1_521' title='bbox 1870 1686 1981 1715; x_wconf 85' lang='lat' dir='ltr'>pacem</span> <span class='ocrx_word' id='word_1_522' title='bbox 2007 1677 2077 1707; x_wconf 79' lang='lat' dir='ltr'>tieri</span> <span class='ocrx_word' id='word_1_523' title='bbox 2104 1679 2255 1716; x_wconf 82' lang='lat' dir='ltr'>cupimus</span> 
     </span>
     <span class='ocr_line' id='line_1_78' title="bbox 1252 1730 2255 1769; baseline 0.001 -10"><span class='ocrx_word' id='word_1_524' title='bbox 1252 1730 1430 1764; x_wconf 51' lang='lat' dir='ltr'>universi&amp;</span> <span class='ocrx_word' id='word_1_525' title='bbox 1446 1730 1641 1759; x_wconf 82' lang='lat' dir='ltr'>mandamus</span> <span class='ocrx_word' id='word_1_526' title='bbox 1657 1735 1822 1768; x_wconf 82' lang='lat' dir='ltr'>quatenus</span> <span class='ocrx_word' id='word_1_527' title='bbox 1839 1730 2007 1767; x_wconf 67' lang='lat' dir='ltr'>pretigatis</span> <span class='ocrx_word' id='word_1_528' title='bbox 2025 1730 2127 1759; x_wconf 87' lang='lat' dir='ltr'>nobili</span> <span class='ocrx_word' id='word_1_529' title='bbox 2144 1740 2255 1769; x_wconf 81' lang='lat' dir='ltr'>supra-</span> 
     </span>
     <span class='ocr_line' id='line_1_79' title="bbox 1250 1783 2255 1822; baseline -0.002 -10"><span class='ocrx_word' id='word_1_530' title='bbox 1250 1783 1336 1812; x_wconf 86' lang='lat' dir='ltr'>dicte</span> <span class='ocrx_word' id='word_1_531' title='bbox 1350 1783 1528 1812; x_wconf 87' lang='lat' dir='ltr'>terminum</span> <span class='ocrx_word' id='word_1_532' title='bbox 1540 1783 1796 1821; x_wconf 82' lang='lat' dir='ltr'>peremptorium</span> <span class='ocrx_word' id='word_1_533' title='bbox 1811 1788 2060 1820; x_wconf 53' lang='lat' dir='ltr'>competentem.</span> <span class='ocrx_word' id='word_1_534' title='bbox 2075 1793 2139 1822; x_wconf 81' lang='lat' dir='ltr'>quo</span> <span class='ocrx_word' id='word_1_535' title='bbox 2150 1793 2207 1821; x_wconf 83' lang='lat' dir='ltr'>per</span> <span class='ocrx_word' id='word_1_536' title='bbox 2221 1794 2255 1813; x_wconf 74' lang='lat' dir='ltr'>se</span> 
     </span>
     <span class='ocr_line' id='line_1_80' title="bbox 1251 1835 2255 1874; baseline 0 -9"><span class='ocrx_word' id='word_1_537' title='bbox 1251 1836 1300 1865; x_wconf 89' lang='lat' dir='ltr'>vel</span> <span class='ocrx_word' id='word_1_538' title='bbox 1318 1845 1375 1873; x_wconf 91' lang='lat' dir='ltr'>per</span> <span class='ocrx_word' id='word_1_539' title='bbox 1392 1840 1636 1873; x_wconf 85' lang='lat' dir='ltr'>procuratorem</span> <span class='ocrx_word' id='word_1_540' title='bbox 1656 1836 1811 1865; x_wconf 88' lang='lat' dir='ltr'>idoneum</span> <span class='ocrx_word' id='word_1_541' title='bbox 1843 1835 1882 1864; x_wconf 86' lang='lat' dir='ltr'>ad</span> <span class='ocrx_word' id='word_1_542' title='bbox 1910 1836 2170 1874; x_wconf 82' lang='lat' dir='ltr'>prosequendam</span> <span class='ocrx_word' id='word_1_543' title='bbox 2203 1846 2255 1874; x_wconf 90' lang='lat' dir='ltr'>ap—</span> 
     </span>
     <span class='ocr_line' id='line_1_81' title="bbox 1251 1888 2257 1927; baseline 0.001 -10"><span class='ocrx_word' id='word_1_544' title='bbox 1251 1888 1462 1926; x_wconf 87' lang='lat' dir='ltr'>pellationem</span> <span class='ocrx_word' id='word_1_545' title='bbox 1498 1888 1654 1917; x_wconf 84' lang='lat' dir='ltr'>emissam</span> <span class='ocrx_word' id='word_1_546' title='bbox 1688 1897 1723 1917; x_wconf 86' lang='lat' dir='ltr'>ac</span> <span class='ocrx_word' id='word_1_547' title='bbox 1758 1888 1999 1926; x_wconf 79' lang='lat' dir='ltr'>procedendum</span> <span class='ocrx_word' id='word_1_548' title='bbox 2032 1889 2129 1918; x_wconf 84' lang='lat' dir='ltr'>etiam</span> <span class='ocrx_word' id='word_1_549' title='bbox 2158 1898 2257 1927; x_wconf 86' lang='lat' dir='ltr'>super</span> 
     </span>
     <span class='ocr_line' id='line_1_82' title="bbox 1251 1941 2254 1979; baseline 0.001 -9"><span class='ocrx_word' id='word_1_550' title='bbox 1251 1941 1438 1979; x_wconf 87' lang='lat' dir='ltr'>principali.</span> <span class='ocrx_word' id='word_1_551' title='bbox 1457 1950 1491 1971; x_wconf 83' lang='lat' dir='ltr'>se</span> <span class='ocrx_word' id='word_1_552' title='bbox 1512 1946 1624 1970; x_wconf 90' lang='lat' dir='ltr'>nostro</span> <span class='ocrx_word' id='word_1_553' title='bbox 1651 1941 1841 1979; x_wconf 88' lang='lat' dir='ltr'>conspectui</span> <span class='ocrx_word' id='word_1_554' title='bbox 1867 1946 2082 1979; x_wconf 67' lang='lat' dir='ltr'>1·epi·es22·ntet.</span> <span class='ocrx_word' id='word_1_555' title='bbox 2101 1942 2254 1972; x_wconf 87' lang='lat' dir='ltr'>Ceterum</span> 
     </span>
     <span class='ocr_line' id='line_1_83' title="bbox 1252 1994 2255 2034; baseline 0.002 -11"><span class='ocrx_word' id='word_1_556' title='bbox 1252 1999 1351 2024; x_wconf 78' lang='lat' dir='ltr'>testes</span> <span class='ocrx_word' id='word_1_557' title='bbox 1368 2003 1464 2024; x_wconf 84' lang='lat' dir='ltr'>senes</span> <span class='ocrx_word' id='word_1_558' title='bbox 1479 1999 1509 2023; x_wconf 89' lang='lat' dir='ltr'>et</span> <span class='ocrx_word' id='word_1_559' title='bbox 1528 1994 1780 2024; x_wconf 77' lang='lat' dir='ltr'>valitudinarios</span> <span class='ocrx_word' id='word_1_560' title='bbox 1800 1999 1829 2024; x_wconf 83' lang='lat' dir='ltr'>et</span> <span class='ocrx_word' id='word_1_561' title='bbox 1847 1994 1928 2024; x_wconf 83' lang='lat' dir='ltr'>alios</span> <span class='ocrx_word' id='word_1_562' title='bbox 1950 1995 2097 2025; x_wconf 83' lang='lat' dir='ltr'>idoneos.</span> <span class='ocrx_word' id='word_1_563' title='bbox 2116 1996 2154 2025; x_wconf 88' lang='lat' dir='ltr'>de</span> <span class='ocrx_word' id='word_1_564' title='bbox 2174 2005 2255 2034; x_wconf 83' lang='lat' dir='ltr'>quo-</span> 
     </span>
     <span class='ocr_line' id='line_1_84' title="bbox 1252 2046 2254 2086; baseline 0.002 -11"><span class='ocrx_word' id='word_1_565' title='bbox 1252 2056 1323 2076; x_wconf 91' lang='lat' dir='ltr'>rum</span> <span class='ocrx_word' id='word_1_566' title='bbox 1343 2052 1445 2076; x_wconf 83' lang='lat' dir='ltr'>morte</span> <span class='ocrx_word' id='word_1_567' title='bbox 1465 2046 1514 2077; x_wconf 78' lang='lat' dir='ltr'>vel</span> <span class='ocrx_word' id='word_1_568' title='bbox 1539 2047 1690 2077; x_wconf 85' lang='lat' dir='ltr'>absentia</span> <span class='ocrx_word' id='word_1_569' title='bbox 1717 2047 1874 2076; x_wconf 87' lang='lat' dir='ltr'>diuturna</span> <span class='ocrx_word' id='word_1_570' title='bbox 1904 2047 2048 2077; x_wconf 84' lang='lat' dir='ltr'>timetur.</span> <span class='ocrx_word' id='word_1_571' title='bbox 2073 2057 2154 2086; x_wconf 82' lang='lat' dir='ltr'>quos</span> <span class='ocrx_word' id='word_1_572' title='bbox 2176 2048 2254 2078; x_wconf 87' lang='lat' dir='ltr'>dicti</span> 
     </span>
     <span class='ocr_line' id='line_1_85' title="bbox 1253 2099 2255 2138; baseline 0.001 -9"><span class='ocrx_word' id='word_1_573' title='bbox 1253 2099 1493 2129; x_wconf 83' lang='lat' dir='ltr'>thesaurarius.</span> <span class='ocrx_word' id='word_1_574' title='bbox 1511 2100 1656 2129; x_wconf 83' lang='lat' dir='ltr'>decanus</span> <span class='ocrx_word' id='word_1_575' title='bbox 1681 2105 1711 2129; x_wconf 82' lang='lat' dir='ltr'>ct</span> <span class='ocrx_word' id='word_1_576' title='bbox 1741 2099 1922 2138; x_wconf 69' lang='lat' dir='ltr'>capitulum</span> <span class='ocrx_word' id='word_1_577' title='bbox 1952 2100 2045 2129; x_wconf 82' lang='lat' dir='ltr'>vobis</span> <span class='ocrx_word' id='word_1_578' title='bbox 2074 2110 2172 2138; x_wconf 83' lang='lat' dir='ltr'>super</span> <span class='ocrx_word' id='word_1_579' title='bbox 2196 2101 2255 2130; x_wconf 81' lang='lat' dir='ltr'>hoc</span> 
     </span>
     <span class='ocr_line' id='line_1_86' title="bbox 1252 2152 2255 2190; baseline 0.002 -10"><span class='ocrx_word' id='word_1_580' title='bbox 1252 2152 1405 2182; x_wconf 81' lang='lat' dir='ltr'>duxerint</span> <span class='ocrx_word' id='word_1_581' title='bbox 1423 2153 1660 2190; x_wconf 74' lang='lat' dir='ltr'>producendos,</span> <span class='ocrx_word' id='word_1_582' title='bbox 1680 2162 1720 2181; x_wconf 77' lang='lat' dir='ltr'>ne</span> <span class='ocrx_word' id='word_1_583' title='bbox 1737 2152 1942 2190; x_wconf 84' lang='lat' dir='ltr'>probationis</span> <span class='ocrx_word' id='word_1_584' title='bbox 1959 2153 2050 2190; x_wconf 88' lang='lat' dir='ltr'>copia</span> <span class='ocrx_word' id='word_1_585' title='bbox 2068 2153 2116 2183; x_wconf 87' lang='lat' dir='ltr'>eis</span> <span class='ocrx_word' id='word_1_586' title='bbox 2137 2154 2255 2183; x_wconf 82' lang='lat' dir='ltr'>fortui-</span> 
     </span>
     <span class='ocr_line' id='line_1_87' title="bbox 1253 2205 2256 2244; baseline 0.001 -10"><span class='ocrx_word' id='word_1_587' title='bbox 1253 2205 1294 2234; x_wconf 89' lang='lat' dir='ltr'>tis</span> <span class='ocrx_word' id='word_1_588' title='bbox 1310 2205 1444 2235; x_wconf 84' lang='lat' dir='ltr'>casibus</span> <span class='ocrx_word' id='word_1_589' title='bbox 1459 2205 1686 2235; x_wconf 85' lang='lat' dir='ltr'>subtrahatur.</span> <span class='ocrx_word' id='word_1_590' title='bbox 1705 2205 1883 2243; x_wconf 81' lang='lat' dir='ltr'>prudenter</span> <span class='ocrx_word' id='word_1_591' title='bbox 1903 2206 2049 2244; x_wconf 84' lang='lat' dir='ltr'>recipere</span> <span class='ocrx_word' id='word_1_592' title='bbox 2066 2210 2096 2235; x_wconf 86' lang='lat' dir='ltr'>et</span> <span class='ocrx_word' id='word_1_593' title='bbox 2113 2206 2256 2244; x_wconf 75' lang='lat' dir='ltr'>diligen-</span> 
     </span>
     <span class='ocr_line' id='line_1_88' title="bbox 1251 2258 2256 2297; baseline 0.002 -11"><span class='ocrx_word' id='word_1_594' title='bbox 1251 2262 1300 2287; x_wconf 87' lang='lat' dir='ltr'>ter</span> <span class='ocrx_word' id='word_1_595' title='bbox 1321 2258 1511 2287; x_wconf 76' lang='lat' dir='ltr'>examinare</span> <span class='ocrx_word' id='word_1_596' title='bbox 1536 2258 1670 2288; x_wconf 87' lang='lat' dir='ltr'>curetis.</span> <span class='ocrx_word' id='word_1_597' title='bbox 1696 2267 1808 2287; x_wconf 81' lang='lat' dir='ltr'>eorum</span> <span class='ocrx_word' id='word_1_598' title='bbox 1835 2258 1920 2287; x_wconf 75' lang='lat' dir='ltr'>(licta</span> <span class='ocrx_word' id='word_1_599' title='bbox 1952 2258 2111 2288; x_wconf 80' lang='lat' dir='ltr'>facientes</span> <span class='ocrx_word' id='word_1_600' title='bbox 2138 2259 2171 2288; x_wconf 92' lang='lat' dir='ltr'>in</span> <span class='ocrx_word' id='word_1_601' title='bbox 2196 2268 2256 2297; x_wconf 88' lang='lat' dir='ltr'>pu-</span> 
     </span>
     <span class='ocr_line' id='line_1_89' title="bbox 1253 2310 2256 2349; baseline 0.001 -10"><span class='ocrx_word' id='word_1_602' title='bbox 1253 2310 1337 2340; x_wconf 89' lang='lat' dir='ltr'>blica</span> <span class='ocrx_word' id='word_1_603' title='bbox 1355 2310 1459 2348; x_wconf 75' lang='lat' dir='ltr'>redigi</span> <span class='ocrx_word' id='word_1_604' title='bbox 1477 2311 1702 2340; x_wconf 86' lang='lat' dir='ltr'>munimenta:</span> <span class='ocrx_word' id='word_1_605' title='bbox 1721 2319 1814 2349; x_wconf 80' lang='lat' dir='ltr'>quos.</span> <span class='ocrx_word' id='word_1_606' title='bbox 1829 2311 1856 2339; x_wconf 88' lang='lat' dir='ltr'>si</span> <span class='ocrx_word' id='word_1_607' title='bbox 1873 2311 1985 2340; x_wconf 82' lang='lat' dir='ltr'>forsan</span> <span class='ocrx_word' id='word_1_608' title='bbox 2004 2320 2038 2340; x_wconf 86' lang='lat' dir='ltr'>se</span> <span class='ocrx_word' id='word_1_609' title='bbox 2052 2312 2168 2348; x_wconf 76' lang='lat' dir='ltr'>gratia.</span> <span class='ocrx_word' id='word_1_610' title='bbox 2181 2311 2256 2340; x_wconf 89' lang='lat' dir='ltr'>odio</span> 
     </span>
     <span class='ocr_line' id='line_1_90' title="bbox 1252 2363 2253 2402; baseline 0.001 -10"><span class='ocrx_word' id='word_1_611' title='bbox 1252 2363 1302 2394; x_wconf 87' lang='lat' dir='ltr'>vel</span> <span class='ocrx_word' id='word_1_612' title='bbox 1326 2364 1441 2394; x_wconf 91' lang='lat' dir='ltr'>timore</span> <span class='ocrx_word' id='word_1_613' title='bbox 1463 2364 1696 2400; x_wconf 74' lang='lat' dir='ltr'>subtraxerint,</span> <span class='ocrx_word' id='word_1_614' title='bbox 1719 2374 1775 2402; x_wconf 86' lang='lat' dir='ltr'>per</span> <span class='ocrx_word' id='word_1_615' title='bbox 1792 2373 1966 2393; x_wconf 78' lang='lat' dir='ltr'>censuram</span> <span class='ocrx_word' id='word_1_616' title='bbox 1983 2364 2253 2400; x_wconf 82' lang='lat' dir='ltr'>ecclesiasticam,</span> 
     </span>
     <span class='ocr_line' id='line_1_91' title="bbox 1251 2416 2254 2455; baseline 0.001 -10"><span class='ocrx_word' id='word_1_617' title='bbox 1251 2416 1472 2455; x_wconf 83' lang='lat' dir='ltr'>appellatione</span> <span class='ocrx_word' id='word_1_618' title='bbox 1505 2422 1672 2454; x_wconf 81' lang='lat' dir='ltr'>cessante,</span> <span class='ocrx_word' id='word_1_619' title='bbox 1705 2418 1829 2455; x_wconf 76' lang='lat' dir='ltr'>cogatis</span> <span class='ocrx_word' id='word_1_620' title='bbox 1861 2418 1991 2447; x_wconf 79' lang='lat' dir='ltr'>veritati</span> <span class='ocrx_word' id='word_1_621' title='bbox 2028 2418 2254 2447; x_wconf 86' lang='lat' dir='ltr'>testimonium</span> 
     </span>
     <span class='ocr_line' id='line_1_92' title="bbox 1251 2469 2255 2508; baseline 0 -9"><span class='ocrx_word' id='word_1_622' title='bbox 1251 2469 1436 2507; x_wconf 88' lang='lat' dir='ltr'>perhibere.</span> <span class='ocrx_word' id='word_1_623' title='bbox 1455 2470 1681 2500; x_wconf 87' lang='lat' dir='ltr'>denuntiando</span> <span class='ocrx_word' id='word_1_624' title='bbox 1702 2470 1787 2499; x_wconf 78' lang='lat' dir='ltr'>dicte</span> <span class='ocrx_word' id='word_1_625' title='bbox 1804 2470 1907 2499; x_wconf 86' lang='lat' dir='ltr'>nobili</span> <span class='ocrx_word' id='word_1_626' title='bbox 1926 2475 1957 2499; x_wconf 88' lang='lat' dir='ltr'>ut</span> <span class='ocrx_word' id='word_1_627' title='bbox 1988 2471 2168 2508; x_wconf 74' lang='lat' dir='ltr'>receptioni</span> <span class='ocrx_word' id='word_1_628' title='bbox 2190 2475 2255 2499; x_wconf 85' lang='lat' dir='ltr'>tes—</span> 
     </span>
     <span class='ocr_line' id='line_1_93' title="bbox 1251 2522 2254 2560; baseline 0 -9"><span class='ocrx_word' id='word_1_629' title='bbox 1251 2522 1344 2551; x_wconf 85' lang='lat' dir='ltr'>tium.</span> <span class='ocrx_word' id='word_1_630' title='bbox 1364 2523 1392 2552; x_wconf 90' lang='lat' dir='ltr'>si</span> <span class='ocrx_word' id='word_1_631' title='bbox 1410 2522 1497 2552; x_wconf 88' lang='lat' dir='ltr'>velit.</span> <span class='ocrx_word' id='word_1_632' title='bbox 1518 2523 1662 2552; x_wconf 84' lang='lat' dir='ltr'>intersit.</span> <span class='ocrx_word' id='word_1_633' title='bbox 1678 2528 1707 2551; x_wconf 80' lang='lat' dir='ltr'>et</span> <span class='ocrx_word' id='word_1_634' title='bbox 1724 2532 1822 2560; x_wconf 75' lang='lat' dir='ltr'>super</span> <span class='ocrx_word' id='word_1_635' title='bbox 1838 2523 2088 2552; x_wconf 81' lang='lat' dir='ltr'>denuntiatione</span> <span class='ocrx_word' id='word_1_636' title='bbox 2106 2523 2152 2552; x_wconf 83' lang='lat' dir='ltr'>sic</span> <span class='ocrx_word' id='word_1_637' title='bbox 2170 2523 2254 2552; x_wconf 82' lang='lat' dir='ltr'>sacta</span> 
     </span>
     <span class='ocr_line' id='line_1_94' title="bbox 1250 2575 2254 2613; baseline -0.002 -9"><span class='ocrx_word' id='word_1_638' title='bbox 1250 2575 1380 2605; x_wconf 81' lang='lat' dir='ltr'>faciatis</span> <span class='ocrx_word' id='word_1_639' title='bbox 1398 2576 1515 2605; x_wconf 80' lang='lat' dir='ltr'>coniici</span> <span class='ocrx_word' id='word_1_640' title='bbox 1536 2576 1702 2613; x_wconf 82' lang='lat' dir='ltr'>publicum</span> <span class='ocrx_word' id='word_1_641' title='bbox 1720 2576 1989 2605; x_wconf 72' lang='lat' dir='ltr'>instrumentum,</span> <span class='ocrx_word' id='word_1_642' title='bbox 2009 2576 2081 2605; x_wconf 81' lang='lat' dir='ltr'>Non</span> <span class='ocrx_word' id='word_1_643' title='bbox 2103 2576 2254 2604; x_wconf 77' lang='lat' dir='ltr'>obstante</span> 
     </span>
     <span class='ocr_line' id='line_1_95' title="bbox 1250 2628 2253 2658; baseline -0.001 -1"><span class='ocrx_word' id='word_1_644' title='bbox 1250 2628 1487 2658; x_wconf 85' lang='lat' dir='ltr'>constitutione</span> <span class='ocrx_word' id='word_1_645' title='bbox 1513 2629 1550 2658; x_wconf 91' lang='lat' dir='ltr'>de</span> <span class='ocrx_word' id='word_1_646' title='bbox 1581 2628 1708 2657; x_wconf 86' lang='lat' dir='ltr'>duabus</span> <span class='ocrx_word' id='word_1_647' title='bbox 1734 2628 1831 2657; x_wconf 76' lang='lat' dir='ltr'>dietis</span> <span class='ocrx_word' id='word_1_648' title='bbox 1862 2632 1935 2657; x_wconf 86' lang='lat' dir='ltr'>etc..</span> <span class='ocrx_word' id='word_1_649' title='bbox 1967 2628 2141 2657; x_wconf 84' lang='lat' dir='ltr'>dummodo</span> <span class='ocrx_word' id='word_1_650' title='bbox 2168 2628 2253 2657; x_wconf 88' lang='lat' dir='ltr'>ultra</span> 
     </span>
     <span class='ocr_line' id='line_1_96' title="bbox 1252 2680 2252 2720; baseline -0.003 -10"><span class='ocrx_word' id='word_1_651' title='bbox 1252 2681 1382 2710; x_wconf 83' lang='lat' dir='ltr'>tertiam</span> <span class='ocrx_word' id='word_1_652' title='bbox 1406 2681 1455 2711; x_wconf 77' lang='lat' dir='ltr'>vel</span> <span class='ocrx_word' id='word_1_653' title='bbox 1479 2686 1629 2720; x_wconf 86' lang='lat' dir='ltr'>quartam</span> <span class='ocrx_word' id='word_1_654' title='bbox 1654 2690 1728 2719; x_wconf 85' lang='lat' dir='ltr'>pars</span> <span class='ocrx_word' id='word_1_655' title='bbox 1749 2681 1850 2710; x_wconf 79' lang='lat' dir='ltr'>altera</span> <span class='ocrx_word' id='word_1_656' title='bbox 1875 2680 1974 2719; x_wconf 53' lang='grc' dir='ltr'>[ουκ]</span> <span class='ocrx_word' id='word_1_657' title='bbox 1996 2681 2068 2709; x_wconf 88' lang='lat' dir='ltr'>Dat.</span> <span class='ocrx_word' id='word_1_658' title='bbox 2088 2680 2252 2713; x_wconf 71' lang='lat' dir='ltr'>Laterani,</span> 
     </span>
     <span class='ocr_line' id='line_1_97' title="bbox 1253 2733 1894 2772; baseline -0.009 -9"><span class='ocrx_word' id='word_1_659' title='bbox 1253 2734 1282 2763; x_wconf 92' lang='grc' dir='ltr'>ΙΙ</span> <span class='ocrx_word' id='word_1_660' title='bbox 1298 2734 1372 2763; x_wconf 88' lang='lat' dir='ltr'>idus</span> <span class='ocrx_word' id='word_1_661' title='bbox 1386 2734 1545 2772; x_wconf 88' lang='lat' dir='ltr'>januarii.</span> <span class='ocrx_word' id='word_1_662' title='bbox 1567 2742 1653 2763; x_wconf 90' lang='lat' dir='ltr'>anno</span> <span class='ocrx_word' id='word_1_663' title='bbox 1672 2733 1858 2762; x_wconf 71' lang='lat' dir='ltr'>undecimo.</span> <span class='ocrx_word' id='word_1_664' title='bbox 1882 2745 1894 2757; x_wconf 79' lang='grc'>»</span> 
     </span>
    </p>
   </div>
   <div class='ocr_carea' id='block_1_12' title="bbox 1285 2890 2255 2979">
    <p class='ocr_par' dir='ltr' id='par_1_12' title="bbox 1285 2890 2255 2979">
     <span class='ocr_line' id='line_1_98' title="bbox 1319 2890 1438 2920; baseline 0.017 -2"><span class='ocrx_word' id='word_1_665' title='bbox 1319 2890 1438 2920; x_wconf 68' lang='lat'>⁴022</span> 
     </span>
     <span class='ocr_line' id='line_1_99' title="bbox 1285 2952 2255 2979; baseline -0.002 0"><span class='ocrx_word' id='word_1_666' title='bbox 1285 2953 1386 2979; x_wconf 65' lang='lat' dir='ltr'>Electa</span> <span class='ocrx_word' id='word_1_667' title='bbox 1409 2954 1579 2979; x_wconf 61' lang='lat' dir='ltr'>coronensi.</span> <span class='ocrx_word' id='word_1_668' title='bbox 1605 2953 1714 2979; x_wconf 71' lang='lat' dir='ltr'>‹let-ano</span> <span class='ocrx_word' id='word_1_669' title='bbox 1738 2953 1876 2979; x_wconf 66' lang='lat' dir='ltr'>&#39;stu—ban·-</span> <span class='ocrx_word' id='word_1_670' title='bbox 1899 2958 1923 2978; x_wconf 86' lang='lat' dir='ltr'>··t</span> <span class='ocrx_word' id='word_1_671' title='bbox 1946 2952 2126 2978; x_wconf 70' lang='lat' dir='ltr'>thesaurario</span> <span class='ocrx_word' id='word_1_672' title='bbox 2150 2952 2255 2977; x_wconf 57' lang='lat' dir='ltr'>Porin-</span> 
     </span>
    </p>
   </div>
   <div class='ocr_carea' id='block_1_13' title="bbox 2106 3012 2133 3036">
    <p class='ocr_par' dir='ltr' id='par_1_13' title="bbox 2106 3012 2133 3036">
     <span class='ocr_line' id='line_1_100' title="bbox 2106 3012 2133 3036; baseline 0 0"><span class='ocrx_word' id='word_1_673' title='bbox 2106 3012 2133 3036; x_wconf 74' lang='lat'>54</span> 
     </span>
    </p>
   </div>
   <div class='ocr_carea' id='block_1_14' title="bbox 1789 2890 2181 2923">
    <p class='ocr_par' dir='ltr' id='par_1_14' title="bbox 1789 2890 2181 2923">
     <span class='ocr_line' id='line_1_101' title="bbox 1789 2890 2181 2923; baseline -0.003 -6"><span class='ocrx_word' id='word_1_674' title='bbox 1789 2892 1908 2917; x_wconf 82' lang='lat' dir='ltr'>Latran.</span> <span class='ocrx_word' id='word_1_675' title='bbox 1926 2891 1955 2916; x_wconf 89' lang='lat'>11</span> <span class='ocrx_word' id='word_1_676' title='bbox 1973 2891 2088 2923; x_wconf 67' lang='lat' dir='ltr'>jumi-›1-</span> <span class='ocrx_word' id='word_1_677' title='bbox 2104 2890 2181 2916; x_wconf 74' lang='lat'>1238.</span> 
     </span>
    </p>
   </div>
  </div>
 </body>
</html>
