2423 3487
84 322 157 351 1107

122 388 153 417 6.
173 403 210 407 —
227 398 239 411 <i
263 386 324 415 Pro
343 383 463 422 quibus
482 391 540 419 ego
562 381 668 410 dictus
690 379 872 411 Johannes,
894 376 1089 406 auctoritate

122 444 151 469 et
181 439 250 467 vice
278 435 444 474 predictis,
472 435 522 469 do,
548 433 648 468 trado,
676 435 837 470 permuto,
865 429 1027 459 transfero
1059 434 1090 458 et

86 506 90 517 ›
122 490 263 521 concedo
279 490 313 518 in
330 491 524 526 perpetuum
542 485 644 521 vobis,
668 483 824 522 predictis
845 482 954 512 abbati
971 486 1002 511 et
1019 481 1090 510 sin-

86 558 97 569 »
123 543 205 575 dico,
224 541 461 579 recipientibus
484 539 616 569 nomine
638 537 717 567 dicti
739 535 934 566 monasterii
951 534 988 564 de
1011 535 1089 564 Far-

87 612 98 623 »
124 600 209 627 netov
235 594 345 624 omnia
368 592 571 631 temporalia,
593 592 658 630 jus,
684 589 918 628 proprietatem
942 592 974 617 et
993 595 1091 616 usum

88 982 99 995 *1
86 928 99 942 8
87 875 99 887 Ξ
86 822 98 836 ἶῒ
86 770 98 784 *5
87 717 98 731 Z
86 665 97 677 Ξ

87 1087 99 1100 ²)

124 648 371 689 possessionum
395 645 542 676 omnium
559 649 589 674 et
609 653 719 673 rerum
740 642 899 676 omnium,
918 639 1091 670 mobilium

124 707 154 734 et
170 700 402 733 immobilium,
422 698 565 736 predicte
582 696 720 727 ecclesie
737 694 850 725 Sancti
865 692 1035 731 Crispoliti
1052 692 1090 722 de

124 753 288 792 Bitton[a].
312 757 341 783 et
361 751 510 782 omnium
532 749 748 780 ecclesiarum
767 752 797 777 et
816 755 928 777 rerum
944 746 1090 784 ipsarum

125 814 331 848 quocumque
353 804 448 834 modo
468 803 518 833 vel
541 803 626 841 jure,
650 806 716 831 tam
742 801 776 830 in
803 799 909 838 capite
935 807 1034 837 quam
1057 797 1092 826 in

125 859 297 893 membris,
326 857 549 896 subjectarum
577 855 658 890 sibi,
683 853 774 884 salvo
794 853 870 892 jure
893 851 1039 890 episcopi
1063 854 1094 880 et

125 913 262 945 ecclesie
286 909 508 950 Asisinat[is];
532 913 561 939 et
590 909 714 938 dictum
737 905 976 937 monasterium
1000 904 1094 934 vobis

126 966 277 998 concedo.
303 969 336 994 ut
356 964 442 994 sicut
460 967 604 992 vestrum
632 960 783 990 habeatis
808 965 838 989 et
861 959 899 989 de
922 957 1094 988 monachis

126 1019 227 1050 vestri
257 1017 383 1048 ordinis
411 1015 613 1049 reformetis,
644 1014 728 1043 sicut
757 1013 792 1042 in
825 1012 910 1042 dicto
942 1011 1095 1040 mandato

126 1071 325 1111 perspicitur
342 1069 516 1099 contineri.

127 1179 160 1209 7.
179 1194 217 1199 -
230 1189 242 1203 ιι
259 1177 364 1213 Quam
376 1174 635 1204 concessionem.
654 1171 930 1210 permutationem
943 1176 973 1200 et
985 1170 1094 1200 onmia

128 1231 193 1261 alia
207 1228 395 1267 supradicta
414 1226 638 1265 promittimus
661 1234 729 1258 nos,
758 1224 837 1254 dicti
858 1223 959 1253 abbas
978 1227 1008 1253 et
1025 1223 1095 1252 sin-

127 1284 220 1314 dicus
242 1280 436 1311 monasterii
459 1281 577 1310 Sancte
601 1277 703 1307 Marie
724 1277 763 1307 de
785 1277 937 1309 Farneto,
963 1276 1095 1306 nomine

129 1337 234 1375 ipsius
264 1333 471 1367 monasterii,
501 1332 576 1367 tibi,
607 1331 693 1361 dicto
717 1330 849 1360 domino
871 1329 1018 1360 Johanni
1046 1346 1096 1365 —,

129 1394 196 1419 rata
223 1393 252 1418 et
278 1388 372 1416 firma
393 1392 503 1416 tenere
523 1403 570 1420 —,
597 1385 657 1414 sub
681 1393 765 1422 pena
791 1383 881 1413 mille
910 1391 1095 1412 marcarum

128 1441 256 1480 argenti
272 1451 325 1475 -;
344 1450 408 1478 qua
425 1439 530 1469 soluta
548 1437 597 1468 vel
612 1446 687 1471 non,
706 1437 765 1466 hec
778 1436 888 1466 onmia
906 1439 1095 1474 perpetuam

130 1495 302 1525 obtineant
318 1493 519 1522 firmitatem.

128 1600 161 1630 8.
194 1617 232 1621 —
258 1611 270 1625 α
302 1599 419 1627 Actum
450 1596 535 1635 apud
564 1595 687 1625 dictum
719 1594 958 1624 monasterium
987 1593 1100 1624 Sancti

130 1652 312 1691 Cris-politi,
332 1652 366 1680 in
384 1650 527 1680 claustro
543 1649 649 1687 ipsius
667 1648 817 1683 ecclesie,
835 1647 1045 1686 presentibus
1062 1664 1101 1668 —

133 1705 273 1736 testibus
291 1704 427 1742 rogatis.

131 1814 163 1844 9.
182 1830 220 1834 -
237 1824 250 1839 ιι
271 1813 365 1846 Item,
382 1810 495 1840 eadem
512 1809 592 1839 hora
611 1813 639 1839 et
657 1808 728 1838 loco
743 1825 790 1843 —,
808 1807 975 1846 predictus
995 1806 1100 1836 domi-

131 1875 193 1895 nus
219 1864 390 1895 Johannes
416 1862 625 1900 capellanus,
663 1861 858 1891 auctoritate
888 1865 918 1890 et
948 1859 1103 1889 mandato

131 1918 256 1948 domini
276 1925 368 1955 pape,
394 1915 522 1945 induxit
547 1915 671 1944 dictum
693 1914 845 1944 abbatem
871 1918 902 1943 et
924 1913 1101 1951 sindicum‚

133 1972 265 2002 nomine
291 1969 485 1999 monasterii
505 1968 642 2006 predicti
665 1968 703 1997 de
727 1968 879 2001 Farneto,
897 1967 931 1996 in
951 1975 1104 2005 corpora-

131 2025 195 2055 lem
214 2023 458 2062 possessionem
476 2021 621 2060 predicte
639 2020 778 2050 ecclesie
795 2020 908 2049 Sancti
920 2019 1102 2058 Crispoliti,

133 2076 342 2107 investiendo
364 2084 418 2105 eos
439 2084 496 2112 per
518 2082 644 2112 pannos
667 2073 782 2102 altaris
804 2077 835 2102 et
855 2072 952 2102 funes
973 2081 1104 2110 campa-

133 2139 261 2163 narum,
281 2137 337 2167 pro
356 2128 427 2166 ipso
448 2126 661 2156 monasterio.
684 2125 831 2164 capellis,
854 2125 1009 2155 omnibus
1030 2134 1104 2163 pos-

135 2182 342 2213 sessionibus
361 2185 389 2210 et
407 2179 505 2210 rebus
524 2179 605 2209 suis

139 2288 194 2318 10.
212 2304 250 2308 —
267 2299 280 2313 α
297 2288 378 2316 Item
397 2285 533 2323 predicti
551 2284 741 2322 capellanus
755 2288 785 2313 et
797 2283 898 2313 abbas
911 2288 941 2313 et
956 2283 1105 2313 sindicus

135 2341 295 2371 dederunt
327 2338 428 2368 michi
456 2337 629 2377 [Riccardo
652 2336 779 2366 notario
805 2336 1018 2374 infrascripto
1043 2336 1106 2375 et]¹

99 2409 110 2420 u
134 2391 259 2432 Ricc[o]
278 2392 405 2422 notario
420 2390 551 2428 plenum
567 2393 762 2428 potestatem
779 2393 809 2419 et
825 2389 1055 2418 auctoritatem
1073 2394 1105 2419 ut

102 2726 114 2739 ))

101 2778 114 2791 ))

138 2446 261 2485 possim
278 2445 338 2474 hoc
354 2444 614 2473 instrumentum
634 2443 799 2479 corrigere
819 2447 849 2472 ct
872 2442 1048 2472 emendare
1067 2442 1107 2472 ad

139 2498 331 2529 mandatum
347 2496 471 2526 domini
492 2505 573 2534 pape
594 2495 645 2525 vcl
666 2495 830 2533 capellani
846 2495 997 2534 predicti,
1017 2495 1107 2525 salva

139 2556 258 2582 natura
274 2554 474 2581 contractus.

142 2660 198 2689 11.
215 2675 253 2679 —
270 2670 281 2684 «
302 2658 368 2695 Ego
389 2656 626 2695 Ricc[ardus]²‚
645 2655 811 2693 imperiali
831 2656 1025 2685 auctoritate
1046 2664 1103 2685 no·
1151 2679 1152 2683 ,

140 2712 254 2742 tarius.
281 2710 436 2749 predictis
454 2709 618 2744 omnibus,
638 2709 716 2738 dum
741 2713 929 2746 agerentur,
951 2708 1102 2738 interfui.

140 2769 180 2800 et,
211 2768 244 2793 ut
271 2772 371 2801 supra
395 2762 527 2800 legitur.
553 2761 707 2791 mandato
731 2761 951 2799 predictorum
979 2761 1103 2790 domini

137 2898 155 2921 l.
179 2898 213 2920 lic
236 2898 353 2919 membre
375 2896 407 2919 de
429 2896 526 2925 phrase
547 2902 599 2925 que
620 2902 689 2917 nous
711 2895 870 2924 imprimons
893 2895 926 2917 ici
949 2898 1025 2917 entre
1047 2902 1110 2917 ero-

99 2944 177 2966 e'iets
194 2942 230 2972 Η,
248 2946 286 2964 est
305 2941 417 2964 restitue
435 2939 540 2970 d'aprcs
557 2941 581 2963 la
598 2940 673 2969 pii-ce
689 2940 734 2963 335
750 2939 783 2962 ile
799 2942 869 2962 cette
889 2938 948 2961 Ktte
964 2939 1063 2962 auuee.

133 2986 157 3010 ἲ.
174 2986 213 3010 Cf.
232 2987 313 3014 infra,
331 2988 401 3008 cette
419 2986 503 3008 meme
521 2984 596 3015 picco
613 2984 657 3007 335
673 2984 705 3007 de
723 2984 747 3006 la
764 2983 823 3006 Xll'
840 2983 937 3006 annee.

806 310 1043 343 nssoisrnsss
1067 307 1120 336 DE
1143 299 1364 337 GREGomE
1390 308 1446 337 lx.

2107 302 2181 332 1108

1174 384 1185 396 ³*
1210 371 1375 403 Johannis
1393 372 1566 410 capellani,
1586 371 1715 401 abbatis
1733 376 1763 401 et
1779 370 1913 406 sindici,
1934 369 2054 408 scripsi
2072 373 2103 399 et
2121 377 2182 398 au-

1176 438 1185 449 n
1211 425 1386 460 tenticavi;
1403 429 1434 455 et
1445 425 1706 455 instrumentum
1722 423 1966 462 procurationis
1982 422 2178 461 predictum,

1175 491 1185 503 >2
1211 478 1371 516 scriptum
1400 487 1499 508 manu
1526 477 1620 508 Ricci
1647 477 1779 512 notarii,
1807 480 1839 506 et
1863 476 1992 506 litteras
2018 474 2180 514 predictas

1176 544 1185 555 »ι
1212 530 1339 560 domini
1354 539 1436 569 pape
1453 531 1491 560 de
1506 530 1606 560 verbo
1623 529 1663 560 ad
1679 530 1817 559 verbum
1830 528 2014 559 auscultavi
2031 531 2061 558 et
2075 535 2183 557 exem-

1177 597 1187 609 »
1212 583 1311 622 plavi,
1339 588 1472 621 excepto
1497 583 1593 621 signo
1617 586 1648 613 et
1673 582 1897 621 publicatione
1920 581 1990 611 sive
2017 578 2183 617 subscrip-

1176 650 1188 662 »
1213 637 1302 667 tione
1317 636 1425 675 ipsius
1441 635 1658 666 instrumenti
1674 634 1930 674 procurationis.
1950 646 1963 660 n

1246 815 1364 842 4482
1777 813 1906 847 Anagni,
1920 813 1936 840 9
1949 815 2017 840 aout
2032 812 2111 839 1238.

1212 878 1284 911 Regi
1304 877 1490 911 Hungariae,
1513 877 1625 911 petenti
1646 876 1702 903 sibi
1726 876 1882 910 legationis
1903 875 2031 902 officium
2054 875 2084 901 in
2107 878 2185 901 terra

1176 926 1295 956 Assani,
1310 926 1365 952 Dei
1382 928 1410 952 et
1424 925 1575 952 Ecclesiae
1585 925 1714 956 inimici,
1730 924 1916 956 «committi,
1927 927 1955 950 et
1964 923 2083 950 concedi
2093 923 2184 950 etiam

1178 983 1191 999 »
1206 977 1380 1009 potestatem
1397 974 1550 1001 limitandi
1571 973 1711 1004 dioceses,
1728 972 1906 1000 instituendi
1923 972 2073 1006 episcopos
2088 974 2116 998 et
2136 971 2186 998 di-

1178 1031 1192 1047 »
1208 1022 1378 1056 stinguendi
1390 1021 1571 1056 parrochias,
1585 1030 1638 1047 nec
1650 1029 1706 1047 non
1722 1024 1749 1047 et
1761 1023 1869 1047 terram
1881 1029 1936 1054 que
1947 1021 2082 1047 Zemram
2094 1019 2189 1046 uomi-

1179 1080 1192 1095 η
1210 1074 1331 1101 natur»,
1349 1070 1462 1097 «alicui
1476 1069 1658 1104 episcopatui
1672 1069 1880 1103 applicandi»,
1893 1068 2027 1095 concedit
2038 1068 2068 1095 in
2081 1067 2187 1095 effectu

1180 1122 1212 1146 ut
1224 1120 1315 1154 possit
1331 1127 1480 1146 assumere
1496 1126 1714 1152 quemcumque
1730 1117 1881 1149 maluerit,
1901 1117 1936 1143 de
1958 1116 2188 1151 archiepiscopis

1180 1170 1227 1196 vel
1243 1168 1387 1202 episcopis
1400 1168 1482 1201 regni
1503 1167 1560 1199 sui,
1573 1167 1621 1201 qui
1639 1166 1799 1200 praemissa
1816 1166 1851 1192 de
1863 1165 1956 1199 ipsius
1970 1165 2045 1198 regis
2065 1164 2188 1191 consilio

1180 1220 1366 1251 exsequatur,
1384 1216 1430 1243 cui
1447 1216 1601 1250 episcopus
1619 1215 1790 1246 Perusinus,
1808 1214 1996 1248 Apostolicae
2012 1213 2098 1240 Sedis
2114 1214 2191 1247 lega·

1181 1270 1238 1296 tus,
1255 1266 1290 1292 de
1312 1265 1451 1292 mandato
1471 1264 1633 1298 apostolico
1652 1263 1753 1290 eadem
1771 1262 1950 1296 exsequendi
1967 1262 2078 1288 tribuet
2093 1264 2191 1296 potes-

1181 1317 1287 1345 tatem:
1305 1315 1435 1348 insuper,
1453 1317 1483 1340 ut
1498 1314 1561 1347 ipse
1574 1321 1624 1339 rex
1635 1313 1670 1339 ad
1682 1312 1827 1346 assumpti
1843 1311 1952 1344 negotii
1969 1311 2190 1345 expeditionem

1182 1364 1286 1390 fortius
1306 1363 1467 1393 animetur,
1489 1362 1514 1388 ei
1539 1362 1688 1395 significat
1705 1370 1735 1387 se
1751 1360 1899 1387 universis
1918 1359 1999 1393 regni
2021 1358 2192 1392 Hungariae

1181 1411 1393 1445 crucesignatis
1418 1414 1484 1437 vota
1506 1419 1557 1436 sua
1575 1409 1779 1436 commutandi
1800 1417 1850 1443 per
1873 1417 1978 1435 manus
1999 1407 2104 1442 prioris
2126 1415 2193 1441 pro-

1182 1461 1322 1487 vincialis
1345 1461 1469 1487 fratrum
1490 1459 1732 1486 Praedicatorum
1750 1457 1797 1493 [de
1812 1455 1992 1491 Hunga1·ia]¹
2017 1459 2045 1483 et
2060 1455 2191 1483 ministri

1184 1511 1306 1536 fratrum
1318 1509 1468 1535 Minorum
1482 1507 1653 1542 provinciae
1664 1506 1888 1538 strigoniensis.
1900 1505 2022 1532 liberam
2034 1504 2192 1531 concedere

1184 1558 1375 1588 facultatem2
1397 1557 1507 1583 eisdem
1530 1564 1644 1589 quoque
1664 1555 1753 1589 priori
1776 1557 1803 1581 et
1826 1554 1963 1580 ministro
1985 1562 2014 1580 se
2039 1553 2193 1587 injungere

1184 1609 1326 1633 utcontra
1336 1606 1498 1633 haereticos
1511 1608 1539 1631 et
1549 1604 1755 1631 schismaticos
1769 1603 1938 1637 praedicent
1950 1602 2072 1628 verbum
2087 1601 2192 1633 crucis,

1185 1657 1267 1683 illan]
1291 1656 1333 1682 eis
1355 1655 1406 1689 qui
1430 1658 1531 1681 contra
1553 1654 1667 1680 cosdem
1696 1653 1813 1686 signum
1845 1651 1940 1678 crucis
1966 1650 2192 1684 assumpserint,

1185 1704 1401 1738 indulgentiam
1420 1703 1597 1732 concedens,
1621 1710 1707 1736 quam
1733 1700 1881 1727 habebant
1897 1700 2064 1726 laborantes
2078 1699 2106 1725 in
2124 1698 2194 1725 sub-

1184 1754 1294 1780 sidium
1315 1753 1422 1779 Terrae
1444 1752 1588 1783 Sanctae:
1608 1754 1750 1778 ceterum.
1776 1750 1805 1776 in
1830 1757 1931 1775 omnes
1954 1749 2015 1783 qui,
2039 1751 2193 1782 postquam

1186 1811 1235 1829 rex
1268 1803 1331 1836 ipse
1364 1810 1394 1828 se
1425 1801 1590 1827 accinxerit
1612 1800 1649 1827 ad
1675 1799 1753 1825 idem
1781 1798 1931 1832 negotium
1962 1797 2194 1831 exsequendum,

1186 1859 1306 1885 regnum
1329 1859 1413 1877 suum
1438 1849 1605 1876 invaserint
1626 1849 1673 1875 vel
1696 1851 1798 1874 contra
1825 1847 1922 1880 ipsum
1947 1844 2196 1879 conspiraverint,

1186 1898 1505 1926 excommunicationis
1517 1897 1697 1924 sententiam
1714 1896 1918 1930 promulgare;
1935 1894 2063 1928 denique
2075 1893 2198 1920 univer-

1187 1957 1231 1975 sos
1252 1948 1383 1982 ejusdem
1410 1947 1489 1979 regni
1514 1946 1563 1980 qui
1586 1946 1622 1973 ad
1641 1944 1882 1972 collaborandum
1908 1951 1974 1969 cum
1995 1943 2057 1976 ipso
2080 1950 2144 1976 rege
2166 1941 2197 1968 in

1187 1997 1286 2023 codem
1311 1996 1426 2030 negotio
1449 1994 1666 2028 assumpserint
1687 1993 1805 2026 signum
1821 1992 1926 2018 crucis.
1942 1991 1978 2017 ab
1993 1989 2199 2017 excommuni-

1187 2045 1338 2072 cationum
1376 2043 1534 2070 sententiis
1565 2052 1580 2069 a
1607 2041 1802 2069 Praenestino
1833 2040 1978 2074 episcopo,
2011 2038 2199 2072 Apostolicae

1189 2093 1274 2120 Sedis
1305 2094 1409 2126 legato,
1438 2094 1540 2118 contra
1556 2100 1604 2117 eos
1637 2090 1715 2119 latis,
1739 2098 1789 2124 per
1818 2089 1942 2122 priorem
1966 2091 1994 2114 et
2027 2087 2197 2113 ministrum

1190 2142 1353 2176 praedictos
1369 2142 1483 2168 absolvi
1510 2140 1662 2167 mandare.
1684 2154 1714 2157 —
1735 2139 1821 2170 (Rea.
1838 2137 1881 2167 19,
1897 2139 1915 2163 t'.
1934 2137 1968 2163 42
1983 2139 2027 2167 τος
2044 2143 2114 2162 ann.
2131 2134 2200 2167 XII,

1189 2202 1212 2218 c.
1225 2191 1293 2222 2112
1312 2206 1343 2208 —
1358 2191 1490 2217 Mons-:au
1506 2189 1586 2216 1192.
1603 2189 1622 2215 f.
1646 2188 1715 2218 155;
1734 2187 1848 2219 1'b1⁴d.‚t.
1866 2186 1927 2218 152,
1946 2186 2049 2216 purtim
2066 2191 2101 2210 ex
2121 2184 2201 2210 Ru-

1190 2248 1299 2271 NALn03
1319 2254 1350 2257 —
1362 2240 1519 2266 Porrnnsr
1536 2237 1640 2268 10637:
1660 2251 1690 2254 —
1709 2237 1747 2263 ct.
1765 2242 1861 2267 supr-11,
1877 2242 1905 2260 n.
1923 2233 2003 2265 3694,
2020 2232 2099 2264 3695,
2116 2230 2202 2258 3716-

1190 2288 1269 2320 3720,
1286 2291 1314 2314 et
1328 2287 1506 2317 40564064.)

1234 2402 1247 2416 α
1265 2413 1284 2418 ..
1304 2390 1422 2418 illustri
1438 2389 1503 2425 reyi
1523 2387 1668 2425 Unyarie.
1687 2385 1829 2415 Litteras
1846 2392 1928 2423 quas
1948 2382 2043 2412 nobis
2059 2398 2108 2411 -—.
2128 2381 2202 2410 Dat.

1192 2441 1354 2480 Anagnie,
1372 2442 1401 2471 V
1418 2441 1492 2470 idus
1513 2439 1658 2477 augusti,
1681 2447 1767 2468 anno
1784 2436 1988 2467 duodecimo.
2009 2446 2022 2462 1>

1263 2620 1384 2648 4483

1228 2683 1372 2717 Episcopo
1389 2683 1542 2715 Perusino,
1560 2681 1752 2716 Apostolicae
1772 2679 1858 2707 Sedis
1878 2679 1983 2712 legato,
2003 2677 2039 2703 de
2059 2675 2159 2702 eadem
2177 2682 2208 2700 re

1192 2732 1337 2763 scribenS,
1365 2731 1487 2758 mandat
1512 2733 1661 2765 quatenus
1688 2729 1734 2756 illi
1755 2727 1979 2762 archiepiscopo
1999 2726 2047 2751 vel
2072 2723 2207 2759 episcopo

1192 2788 1279 2814 quem
1300 2788 1350 2806 rex
1372 2779 1543 2814 Hungariae
1565 2780 1694 2813 legatum
1718 2778 1749 2804 in
1770 2780 1848 2804 terra
1870 2774 1976 2803 Assani
1999 2771 2207 2807 assumpserit,

1795 2616 1925 2650 Anagni‚
1939 2615 1956 2642 9
1971 2617 2040 2641 aout
2053 2612 2133 2640 1238.

1177 2828 1303 2856 tribuat
1324 2828 1447 2856 liberam
1471 2829 1644 2855 facultatem
1663 2826 1820 2854 limitandi
1846 2825 2008 2855 dioeceses,
2030 2820 2206 2848 instituendi

1226 2942 1244 2965 1.
1267 2941 1343 2965 Nous
1365 2942 1515 2965 restituons
1532 2942 1570 2965 les
1590 2943 1659 2964 mots
1678 2941 1711 2963 de
1730 2939 1876 2967 Hunqaria
1898 2934 2011 2966 d'aprcs
2027 2935 2156 2958 l'adresse
2172 2933 2206 2956 de

1151 3001 1154 3006 .
1193 2985 1218 3009 18,
1235 2986 1310 3016 piene
1327 2985 1395 3009 4⁴35.
