2423 3487
189 265 244 295 143
908 259 1145 291 REGISTREs
1168 257 1222 286 DE
1245 250 1465 286 GREGOIRE
1488 258 1546 287 lx.
2219 255 2275 286 144

188 330 333 360 totaliter
348 329 436 358 vices
454 338 548 363 suas,
567 328 666 357 iidem
682 328 812 361 decani,
834 326 1022 357 constitutis
1038 323 1187 363 partibus

188 391 296 412 coram
309 381 366 415 eis,
383 381 444 409 etsi
455 380 492 409 de
504 380 692 418 hujusmodi
705 380 911 418 spoliatione.
925 382 1034 416 utpote
1047 376 1184 410 notoria,

188 434 282 472 plene
299 436 472 467 constaret,
491 432 660 461 nonnullis
677 436 786 462 tamen
803 431 941 461 testibus
958 429 1188 459 habundanter

189 485 328 522 receptis
356 489 385 514 et
409 493 520 513 eorum
546 483 807 521 depositionibus
833 482 1020 521 publicatis,
1045 480 1187 518 priorem

190 536 329 567 eundem
355 536 394 565 ad
416 536 526 565 onmia
553 536 673 574 quibus
696 536 803 573 ipsum
827 535 1003 573 spoliatum
1027 532 1184 566 constitit,

188 598 261 619 cum
277 588 438 626 perceptis
459 588 565 617 medio
585 592 729 625 tempore
746 587 926 621 fructibus,
945 584 1187 615 restituendum

188 649 244 679 per
274 641 482 669 diffinitivam
513 640 712 669 sententiam
742 640 972 673 decreverunt;
1006 638 1186 667 adicientes

186 693 422 723 nichilominus
434 693 468 721 in
483 693 647 722 sententia
660 697 695 722 ut
712 701 830 727 comes,
846 692 1001 721 relaxatis
1018 689 1186 719 fidelitatis

181 745 380 785 Juramentis
403 745 442 774 ab
462 744 653 774 hominibus
677 745 723 775 sic
745 744 891 779 extortis,
914 748 945 774 et.
964 743 1072 773 balivo
1093 751 1152 772 suo
1169 751 1186 771 a

185 797 263 827 villa
278 806 412 835 prorsus
427 801 543 832 amoto,
559 797 702 835 priorem
718 797 827 834 ipsum
838 796 945 826 redire
959 796 998 825 ad
1012 795 1187 825 ecclesiam

185 859 278 879 suam
293 850 514 888 permitteret.
535 853 565 879 et
584 850 718 887 pacifica
739 858 813 879 eum
830 849 1038 878 restitutione
1055 856 1186 886 posses-

187 903 317 932 sionum
339 902 479 939 gaudere
494 912 499 937 ;
523 902 558 930 in
579 902 836 931 contradictores
854 905 883 930 et
901 900 1040 930 rebelles
1057 909 1186 930 excom-

185 954 419 985 municationis
436 955 599 984 sententia
618 954 834 992 promulgata.
859 953 923 984 Sed
940 953 1047 983 dictus
1063 961 1183 987 comes,

184 1007 369 1038 reverentia
396 1007 507 1037 divina
537 1007 674 1043 calcata,
709 1016 882 1037 censuram
913 1006 1183 1041 ecclesiasticam,

183 1061 378 1099 contemptis
399 1060 544 1090 Ecclesie
567 1060 726 1095 clavibus,
749 1060 968 1098 vilipendens
993 1069 1058 1089 non
1079 1059 1186 1089 solum

183 1114 219 1143 in
241 1113 352 1152 aliquo
377 1122 490 1151 parere
511 1114 722 1151 contempsit,
744 1113 874 1143 cuidam
897 1113 1014 1142 frivole
1040 1112 1184 1151 appella-

184 1165 277 1201 tioni,
297 1165 336 1195 ab
353 1174 400 1200 eo,
421 1170 455 1195 ut
472 1166 602 1201 dicitur,
622 1166 809 1205 interjecte,
829 1175 927 1204 quam
949 1174 1013 1195 non
1032 1165 1095 1194 fuit
1110 1174 1186 1203 pro-

183 1223 315 1248 secutus
343 1219 431 1248 infra
455 1223 582 1257 tempus
613 1219 814 1256 legitimum,
850 1218 1041 1253 innitendo;
1070 1227 1185 1248 verum

182 1271 292 1306 etiam,
307 1276 530 1309 contemptum
548 1272 749 1310 contemptui
766 1271 990 1309 superaddens
1007 1276 1035 1301 et
1053 1277 1185 1309 peccata

181 1325 323 1362 peccatis
340 1324 563 1358 accumulans,
579 1324 773 1364 jamdictum
791 1325 945 1362 priorem,
963 1325 1058 1355 bonis
1078 1325 1185 1354 omni-

181 1377 242 1406 bus
273 1376 506 1407 ecclesiasticis
537 1381 567 1407 et
597 1377 775 1407 mundanis
805 1377 998 1415 spoliatum,
1028 1377 1186 1415 compulit

182 1434 272 1459 extra
299 1429 404 1459 solum
433 1430 602 1468 proprium
631 1430 780 1465 exulare;
811 1434 942 1468 propter
972 1431 1057 1469 quod
1083 1431 1185 1460 iidem

177 1482 318 1522 judices,
344 1483 454 1521 ipsum
478 1483 829 1513 excommunicationis
850 1484 1049 1513 sententiam
1071 1484 1184 1514 incur-

180 1535 276 1570 risse,
288 1544 345 1573 per
354 1535 645 1573 Burdegalensem,
656 1536 906 1566 Narbonensem
917 1540 946 1566 et
956 1537 1184 1567 Arelatensem

179 1588 368 1627 provincias
398 1589 601 1624 nuntiantes,
636 1593 736 1619 totam
766 1593 887 1619 terram
917 1599 1016 1628 quam
1045 1590 1182 1626 obtinet,

181 1645 425 1679 supposuerunt
441 1641 665 1671 ecclesiastico
683 1641 875 1678 interdicto,
898 1646 928 1671 et
944 1643 1184 1673 mandaverunt

181 1694 267 1723 utin
283 1693 364 1723 locis
381 1694 421 1723 ad
443 1703 506 1732 que
528 1694 637 1732 ipsum
656 1694 810 1725 devenire
831 1695 1053 1733 contingeret,
1073 1705 1183 1726 cessa-

181 1750 270 1781 rent,
284 1746 441 1785 quamdiu
452 1755 588 1784 presens
601 1747 766 1782 existeret,
782 1756 799 1776 a
813 1747 953 1782 divinis3
972 1748 1183 1778 carissimum

179 1808 310 1838 quoque
332 1799 367 1828 in
388 1799 521 1830 Christo
542 1799 648 1829 filium
670 1804 820 1830 nostrum
844 1823 863 1828 ..
884 1800 1049 1830 illustrem
1071 1811 1183 1839 regem

178 1852 318 1882 Francie
345 1861 403 1890 per
428 1861 504 1882 suas
529 1852 657 1882 litteras
684 1857 883 1882 monuerunt
909 1858 944 1883 ut
965 1859 1182 1884 memoratum

178 1905 343 1940 comitem,
357 1905 464 1935 claves
477 1905 623 1935 Ecclesie
635 1910 931 1944 contempnentem,
944 1906 984 1936 ad
998 1908 1182 1945 parendum

176 1958 226 1988 rei
241 1959 402 1997 judicate,
423 1959 542 1988 tradita
559 1959 623 1988 sibi
643 1968 661 1988 a
682 1960 822 1989 Domino
842 1964 1020 1997 potestate,
1038 1961 1182 1999 compel-

175 2011 268 2046 leret,
283 2015 311 2041 et
323 2012 465 2049 priorem
478 2012 661 2050 predictum
674 2013 797 2042 faceret
813 2013 954 2050 gaudere
970 2015 1181 2051 possessione

176 2064 313 2102 pacifica
328 2064 574 2102 premissorum.
594 2065 662 2095 Nos
679 2065 777 2095 etiam
795 2065 901 2096 eidem
918 2066 987 2103 regi
1003 2067 1180 2098 didicimus

179 2121 309 2146 nostras
325 2116 453 2147 litteras
469 2117 665 2153 destinasse,
682 2122 719 2147 ut
734 2118 923 2157 injungeret
940 2119 1052 2149 comiti
1069 2129 1180 2158 supra-

180 2169 283 2204 dicto,
302 2173 333 2198 et
349 2178 439 2204 eum,
458 2169 486 2199 si
505 2179 639 2200 necesse
661 2171 762 2206 foret,
783 2171 955 2209 temporali
974 2172 1181 2204 districtione

177 2221 399 2259 compelleret,
415 2222 501 2260 quod
511 2222 614 2260 priori
623 2223 811 2253 restitueret
827 2224 874 2253 sic
886 2224 1005 2260 ablata,
1019 2234 1055 2255 ac
1072 2226 1180 2264 ipsum

180 2282 217 2303 ac
234 2282 311 2303 suos
325 2274 431 2304 redire
448 2274 487 2303 ad
504 2275 649 2313 propria,
668 2275 754 2305 unde
771 2276 880 2313 ipsum
897 2277 1029 2307 exulare
1048 2287 1181 2317 compu-

177 2326 276 2361 lerat,
298 2330 329 2356 et
346 2326 469 2357 ibidem
487 2336 600 2357 secure
616 2329 821 2366 permitteret
842 2331 1049 2360 commorari.
1073 2332 1180 2368 Quare

178 2378 267 2408 idem
292 2379 381 2417 prior
408 2379 503 2409 nobis
528 2380 778 2411 lacrimabiliter
803 2382 999 2420 supplicavit
1026 2388 1078 2419 ut,
1107 2394 1181 2414 cum

179 2431 366 2469 sepedictus
383 2441 502 2468 comes,
523 2433 618 2471 quasi
635 2433 790 2472 stipulam
808 2434 964 2464 malleum
987 2441 1143 2474 reputans
1158 2439 1178 2473 ¹,

179 2492 353 2514 censuram
365 2484 623 2515 ecclesiasticam
635 2495 700 2515 non
712 2487 877 2522 formidet,
891 2491 919 2517 et
932 2489 1181 2525 prenominatus

176 2544 244 2571 rex,
259 2540 325 2565 tam
339 2537 461 2567 nostris
475 2538 730 2577 quamjudicum
747 2539 924 2569 eorundem
942 2541 1181 2573 monitionibus

176 2587 355 2623 obauditis,
369 2598 434 2619 non
446 2591 609 2620 curaverit
622 2591 661 2620 ad
674 2591 736 2621 hoc
749 2591 958 2629 interponere
970 2598 1079 2630 partes
1092 2603 1180 2630 suas,

177 2649 214 2670 ac
236 2641 323 2679 ipse,
350 2643 537 2672 confractus
562 2643 732 2674 laboribus
756 2649 787 2674 et
811 2644 991 2674 exhaustus
1017 2648 1180 2684 expensis,

177 2694 274 2732 quasi
291 2695 330 2724 de
347 2703 474 2725 summo
491 2696 683 2726 divitiarum
704 2697 743 2727 ad
762 2701 940 2727 extremam
956 2704 1181 2736 paupertatem

177 2746 347 2783 deductus,
375 2757 393 2777 a
420 2749 650 2786 prosecutione
670 2750 757 2789 juris
783 2750 835 2780 sui
858 2750 1017 2780 desistere
1040 2753 1182 2791 compel-

176 2799 275 2835 latur,
302 2805 334 2830 et
354 2801 493 2831 ecclesia
519 2812 594 2837 sua,
618 2803 697 2832 olim
720 2812 778 2841 per
799 2803 909 2841 ipsum
935 2803 1087 2833 comitem
1110 2805 1181 2835 the-

209 2910 230 2934 1.
247 2911 298 2935 Jon
315 2913 384 2941 XLI,
400 2914 437 2938 2⁷0.

1271 330 1384 356 sauro,
1420 322 1606 360 privilegiis
1636 330 1696 352 nec
1728 330 1793 351 non
1823 326 1855 351 et
1883 321 2038 351 omnihus
2068 321 2166 351 bonis
2198 321 2274 352 aliis

1270 373 1423 411 spoliata,
1453 374 1506 403 vix
1530 383 1677 412 unquam
1706 373 1826 403 adiciet
1852 377 1888 403 ut
1913 374 2098 411 resurgat¹,
2126 373 2275 412 ipsorum

1269 426 1433 463 angustiis
1461 431 1492 456 et
1517 426 1686 456 doloribus
1713 431 1850 464 paterno
1877 426 2114 464 compatientes
2142 426 2273 462 affectu,

1269 478 1400 509 salubre
1426 479 1609 509 remedium
1634 483 1665 509 et
1683 479 1765 509 utile
1780 478 1958 508 consilium
1975 487 2137 517 apponere
2158 479 2274 517 digna-

1268 540 1390 561 remur.
1408 532 1491 562 Cum
1508 532 1611 569 igitur
1627 536 1751 561 tantam
1768 532 1829 561 Dei
1847 535 1877 561 et
1896 531 2043 562 Ecclesie
2059 532 2220 571 injuriam
2235 541 2273 562 ac

1267 583 1374 621 ipsius
1390 584 1511 622 prioris
1536 593 1712 622 gravamen
1737 584 1969 614 coniventibus
1993 584 2099 614 oculis
2123 589 2274 622 pertran-

1268 636 1334 666 sire
1357 636 1568 675 aliquatenus
1587 646 1652 667 non
1668 637 1852 676 possimus,
1878 646 1918 667 ne
1941 637 2085 668 facilitas
2103 637 2200 667 venie
2221 637 2276 667 in-

1267 689 1434 719 centivum
1460 690 1584 720 tribuat
1612 689 1843 729 delinquendi,
1871 690 2065 720 discretioni
2088 694 2197 720 vestre
2216 699 2275 728 per

1267 741 1446 780 apostolica
1462 742 1584 780 scripta
1604 743 1800 772 mandamus
1819 747 1983 781 quatenus
2000 742 2179 781 premissas
2198 752 2276 773 sen-

1266 795 1398 830 tentias,
1413 795 1634 831 diffinitivam,
1651 796 1736 825 sicut
1750 796 1908 835 estjusta,
1922 796 2274 826 excommunicationis

1266 856 1343 877 vero
1366 847 1409 886 [et
1433 847 1627 887 interdicti]‚
1658 848 1744 878 sicut
1767 848 2012 878 rationabiliter
2033 853 2111 878 sunt
2135 848 2272 887 prolate,

1266 900 1397 929 faciatis
1427 901 1622 930 auctoritate
1659 905 1790 935 nostra,
1825 900 1979 939 sub[lato]
2015 901 2273 941 ap[pellationis]

1266 952 1478 992 ob[staculo],
1495 962 1601 992 usque
1618 953 1658 983 ad
1673 954 1936 984 satisfactionem
1952 954 2149 992 condignam
2165 954 2274 984 invio-

1265 1005 1412 1035 labiliter
1434 1005 1621 1041 observari;
1644 1006 1746 1036 nullis
1768 1006 1889 1036 litteris
1910 1006 2120 1036 obstantibus
2142 1006 2274 1045 plenam

1266 1058 1304 1087 de
1334 1057 1401 1087 hiis
1431 1058 1586 1088 omnibus
1615 1068 1680 1088 non
1715 1059 1916 1089 facientibus
1948 1059 2162 1089 mentionem.
2198 1060 2273 1090 Dat.

1267 1111 1410 1146 Perusii,
1430 1112 1479 1141 III
1495 1120 1600 1142 nonas
1614 1112 1759 1150 augusti,
1778 1120 1864 1142 anno
1881 1121 1978 1142 nono.
1999 1124 2011 1139 »

1339 1276 1457 1304 2733
1836 1278 1973 1311 Perouse,
1989 1277 2023 1304 24
2038 1279 2106 1305 aout
2122 1278 2201 1305 1235.

1303 1338 1377 1365 Cum
1394 1338 1615 1372 archiepiscopo
1632 1338 1839 1372 strigoniensi,
1852 1339 1922 1366 licet
1934 1339 1996 1373 ejus
2010 1339 2159 1366 excusatio
2174 1339 2274 1366 minus

1267 1387 1409 1413 canonica
1424 1387 1567 1419 extiterit,
1587 1387 1738 1422 dispensat
1757 1396 1844 1422 super
1860 1388 1992 1415 censuris
2008 1397 2080 1422 quas
2096 1388 2271 1421 incurrerat,

1266 1443 1317 1469 pro
1326 1443 1357 1461 eo
1367 1435 1442 1469 quod
1452 1435 1642 1469 prohibuerat
1653 1436 1810 1470 quominus
1821 1436 2043 1463 denuntiatores
2055 1435 2272 1463 sententiarum

1266 1483 1583 1510 excommunicationis
1602 1487 1630 1511 et
1649 1484 1802 1511 interdicti
1820 1484 1852 1511 in
1873 1483 2057 1519 [Andream],
2072 1492 2169 1518 regem
2185 1484 2274 1511 Hun-

1265 1532 1373 1565 gariae,
1386 1540 1437 1566 per
1448 1533 1628 1559 Bosnensem
1645 1533 1815 1567 episcopum
1832 1535 2097 1568 promulgatarum,
2109 1533 2146 1560 ad
2159 1533 2273 1559 denun-

1266 1581 1420 1608 tiationem
1441 1582 1645 1615 procederent,
1662 1585 1690 1609 et
1710 1583 1983 1610 communicaverat
2002 1582 2190 1617 postmodum
2210 1581 2272 1616 regi

1264 1631 1414 1664 praedicto
1426 1631 1456 1657 in
1466 1631 1652 1658 coronatione
1662 1631 1790 1665 reginae.
1804 1646 1836 1649 —
1848 1632 1934 1663 (Rae.
1947 1631 1990 1664 18,
2004 1632 2024 1658 f.
2037 1631 2070 1658 63
2082 1634 2104 1657 r⁰
2115 1639 2122 1663 ;
2134 1639 2204 1658 ann.
2217 1630 2270 1664 IX,

1264 1688 1289 1705 c.
1306 1679 1374 1711 196;
1392 1694 1423 1697 -
1439 1679 1572 1706 Monam
1589 1679 1668 1712 1190,
1683 1681 1703 1706 f.
1722 1680 1788 1712 113;
1806 1694 1838 1698 —-
1853 1680 2010 1707 Pori-nasa*
2025 1679 2117 1711 9998.)

1306 1786 1319 1800 (t
1342 1797 1362 1802 ..
1381 1775 1607 1812 archiepiscopo
1624 1775 1842 1812 Striyoniensi.
1859 1775 1933 1804 Non
1957 1774 2048 1804 venit
2067 1774 2102 1804 in
2125 1791 2174 1803 ——.
2196 1774 2272 1804 Dat.

1265 1827 1407 1862 Perusii,
1424 1827 1524 1857 VIIII
1539 1826 1699 1857 kalendas
1715 1827 1925 1865 septembris,
1944 1835 2031 1856 anno
2047 1835 2145 1856 nono.
2166 1838 2179 1853 n

1335 1993 1454 2020 2234

1299 2055 1408 2089 Regem
1434 2055 1606 2089 Hungariae
1629 2057 1711 2089 rogat
1739 2056 1768 2082 et
1797 2055 1931 2081 hortatur
1960 2057 2104 2088 quatenus
2131 2054 2272 2081 adversus

1263 2104 1444 2130 Bosnensem
1460 2103 1631 2138 episcopum
1647 2104 1768 2138 ejusque
1783 2104 1924 2137 collegas,
1941 2103 2163 2130 denuntiatores
2179 2102 2272 2137 depu-

1263 2155 1337 2179 tatos
1353 2161 1370 2179 a
1385 2152 1579 2179 Praenestino
1600 2153 1749 2186 episcopo,
1766 2154 1838 2178 tnnc
1858 2152 1964 2184 eleeto,
1980 2151 2168 2185 Apostolicae
2185 2151 2271 2178 Sedis

1262 2202 1372 2235 legato,
1389 2201 1605 2228 sententiarum
1623 2200 1941 2227 excommunicationis
1957 2202 1986 2226 et
2001 2199 2154 2226 interdicti
2174 2199 2206 2226 in
2228 2207 2272 2226 re-

1263 2259 1326 2284 gem
1344 2251 1441 2285 ipsum
1455 2250 1492 2277 ab
1507 2250 1607 2277 eodem
1625 2251 1719 2284 legato
1733 2250 1985 2284 promulgatarum
1995 2271 2002 2281 ,
2016 2249 2188 2276 nullatenus
2207 2256 2272 2275 mo-

1262 2302 1376 2331 veatur,
1393 2307 1460 2325 cum
1484 2298 1531 2325 illi
1551 2307 1587 2325 ex
1607 2298 1782 2325 necessitate
1797 2298 1960 2324 sententias
1978 2300 2155 2324 memoratas
2171 2304 2271 2323 serva-

1262 2347 1375 2380 verint,
1404 2350 1432 2374 et
1459 2347 1528 2374 inde
1555 2347 1681 2381 gratiam
1708 2346 1897 2381 Apostolicae
1922 2346 2008 2373 Sedis
2035 2345 2208 2372 meruerint.
2238 2359 2271 2364 —

1263 2397 1349 2428 (Rae.
1367 2396 1410 2429 18,
1426 2397 1445 2423 f.
1461 2396 1494 2423 63
1507 2399 1547 2428 r⁰;
1562 2405 1632 2423 ann.
1648 2396 1700 2429 IX,
1716 2405 1740 2423 c.
1755 2396 1823 2428 1973
1839 2411 1870 2414 —
1883 2395 2016 2422 Monam
2028 2394 2107 2427 1190,
2122 2395 2142 2421 f.
2157 2394 2209 2421 114
2222 2396 2270 2426 v⁰;

1264 2460 1295 2464 -—
1313 2446 1469 2473 POTTHAST
1484 2445 1576 2476 9991.)

1837 1992 1974 2025 Perouse,
1988 1991 2022 2018 18
2037 1994 2106 2019 aout
2120 1991 2199 2019 1235.

1305 2552 1317 2566 κ
1339 2563 1358 2568 ..
1379 2541 1497 2569 illustri
1513 2541 1577 2576 reyi
1596 2540 1736 2576 L'nyarie.
1756 2539 1830 2569 Non
1849 2538 1939 2568 venit
1955 2538 1989 2567 in
2005 2555 2054 2566 —.
2073 2538 2146 2567 Dat.
2167 2538 2272 2567 Pern-

1263 2593 1317 2627 sii,
1336 2593 1398 2627 ΧΥ
1414 2592 1572 2621 kalendas
1589 2591 1796 2630 septembris,
1815 2600 1902 2620 anno
1919 2600 2016 2620 nono.
2036 2602 2048 2616 n

1334 2750 1453 2777 2²35

1299 2813 1394 2840 Fratri
1419 2813 1559 2845 Huberto,
1576 2813 1611 2839 de
1633 2812 1735 2839 ordine
1753 2812 1995 2839 Praedicatorum
2006 2833 2012 2844 ,
2028 2811 2152 2838 mandat
2167 2812 2272 2845 quate-

1833 2750 1970 2782 Perouse,
1986 2749 2020 2776 23
2035 2751 2104 2776 aont
2118 2748 2197 2775 1235.

1296 2921 1316 2944 1.
1335 2921 1378 2944 Ps.
1397 2920 1453 2948 XL,
1469 2921 1491 2944 9.
