2519 3518
145 301 201 331 569
1007 293 1192 331 0111111110
1216 294 1373 331 ANNEE.
2179 300 2236 330 570

145 367 396 402 archipresbyteri
412 368 447 395 (10
462 368 614 400 Salviaco‚
630 368 660 395 in
675 368 884 395 Caturcensem
901 368 1070 402 episcopum
1081 389 1087 399 ,
1102 367 1149 394 cui

144 417 327 444 Viennensis
342 417 591 452 archiepiscopus,
605 417 793 451 Apostolieae
812 417 897 443 Sedis
914 418 1036 450 legatus,
1053 417 1150 444 obsta-

145 466 206 499 bat,
223 466 453 494 examinandam
470 466 643 493 committit.
662 481 692 484 —
710 467 795 497 (lino.
814 466 856 498 18,
873 467 892 492 s.
907 466 958 492 232
975 470 1011 498 r⁰;
1029 474 1098 492 ann.
1111 466 1150 498 X,

146 523 171 542 e.
187 514 252 547 381;
269 530 299 533 —
315 514 447 542 MonEAU
462 514 540 548 1191,
556 515 659 547 1.211;
678 529 708 532 —
726 515 882 542 Domum
898 514 984 541 10519
996 516 1027 545 ¹.)

189 641 202 656 (t
229 652 248 658 ..
271 630 495 667 archiepiscopo
518 630 712 658 Biturz'censi.
738 629 804 659 Sua
826 629 921 659 nobis
944 652 961 658 ..
986 628 1152 658 archidia-

147 691 250 712 conus
288 686 319 712 et
353 681 533 720 capitulum
569 682 782 712 Caturcensis
820 681 957 711 ecclesie
994 681 1152 719 petitione

147 739 375 765 monstrarunt
401 735 503 774 quod,
529 735 641 765 eadem
668 735 809 773 pastoris
835 734 992 764 destituta
1017 734 1150 767 solacio,

148 788 229 827 ipsi,
248 788 289 818 ad
314 788 503 818 habendum
529 788 567 817 de
590 788 694 818 futuri
718 787 863 826 episcopi
885 787 1044 817 electione
1068 791 1152 816 trac-

149 845 269 877 tatum,
294 841 419 871 vocatis
445 841 502 880 qui
525 841 564 870 ad
592 841 652 870 1100
677 841 809 870 fuerant
835 840 1009 875 evocandi,
1035 849 1153 869 conve-

149 894 280 924 nientes
300 894 333 923 in
353 903 471 928 unum,
489 894 522 922 in
543 898 609 923 tres
626 902 662 923 ex
679 893 848 923 canonicis
865 893 926 923 11110
944 893 1060 930 dignos
1077 901 1154 922 con-

151 947 295 977 tulerunt
312 946 421 976 taliter
433 952 506 976 vota
520 956 591 981 sua,
604 947 691 985 quod
702 946 794 975 illum
808 946 842 975 in
857 956 952 975 suum
966 946 1155 984 episcopum

149 1004 182 1030 et
198 1003 362 1038 pastorem
379 1000 574 1037 reciperent,
586 1009 683 1038 quem
700 1000 775 1038 ipsi,
787 1000 820 1028 in
839 1000 1005 1037 presentia
1018 1009 1156 1029 venera-

150 1052 229 1082 bilis
255 1052 368 1081 fratris
392 1052 497 1081 nostri
520 1075 539 1081 ..
562 1052 802 1090 archiepiscopi
818 1052 1037 1087 Viennensis,
1055 1053 1156 1090 Apos-

153 1105 250 1135 tolice
272 1105 367 1135 Sedis
393 1105 511 1143 legati,
537 1105 775 1135 nominandum
799 1106 955 1135 ducerent
978 1105 1029 1134 vel
1057 1105 1156 1135 etiam

153 1158 352 1195 eligendum.
372 1158 438 1196 Ipsi
452 1158 596 1196 quidem,
610 1158 799 1197 hujusmodi
815 1162 975 1196 potestate
992 1162 1155 1196 suscepta,

150 1211 204 1246 G„
220 1211 534 1249 archipresbiterum
549 1211 587 1241 de
602 1211 762 1247 salviaco,
777 1211 989 1242 Caturcensis
1004 1211 1156 1245 diocesis,

153 1263 261 1293 virum
286 1263 401 1301 utique
425 1263 621 1301 gratiosum,
642 1263 736 1302 cujus
758 1263 934 1301 prudentia
958 1268 989 1293 et
1012 1263 1159 1301 potentia

154 1324 245 1345 error
267 1315 440 1354 pravitatis
460 1315 621 1350 heretice,
639 1315 674 1344 in
695 1315 777 1354 ipsis
798 1315 947 1353 partibus
969 1315 1042 1353 plus
1061 1315 1158 1345 solito

154 1367 365 1406 pullulantis,
385 1371 536 1406 speratur
555 1372 585 1397 01
607 1368 753 1397 creditur
774 1377 884 1405 posse,
906 1368 1018 1397 divina
1039 1368 1158 1397 suffra-

154 1425 252 1459 gante
268 1421 391 1459 gratia,
411 1421 586 1459 extirpari,
605 1425 636 1450 et
655 1421 767 1450 eadem
787 1420 927 1450 ecclesia
942 1420 977 1449 in
994 1424 1158 1458 tempora-

153 1473 242 1504 libus
266 1477 296 1503 et
317 1473 547 1511 spiritualibus
569 1473 737 1511 suscipere
756 1473 975 1507 incrementa,
995 1473 1065 1510 pari
1085 1477 1157 1503 voto

154 1531 186 1557 et
208 1526 377 1556 voluntate
399 1526 552 1556 unanimi
575 1526 757 1564 elegerunt.
780 1527 920 1561 Verum,
941 1526 1027 1556 dicto
1048 1526 1158 1555 archi-

155 1579 329 1618 episcopm
345 1579 540 1609 electionem
556 1579 746 1618 hujusmodi
765 1583 933 1616 acceptare
950 1578 1082 1608 11010010
1099 1588 1158 1608 000

155 1641 254 1670 super
274 1631 335 1661 hoc
357 1631 503 1670 aliquam
528 1640 662 1661 causam
687 1631 931 1661 rationabiliter
952 1631 1156 1669 assignante.

153 1684 233 1723 ipsi,
261 1684 416 1714 timentes
446 1693 487 1714 ne
514 1688 647 1723 propter
672 1684 732 1714 1100
758 1684 864 1714 eidem
891 1684 1029 1714 ecclesie
1054 1685 1159 1723 possit

152 1736 265 1772 illudi,
286 1741 351 1766 tam
373 1737 567 1767 electionem
587 1737 777 1776 hujusmodi
801 1746 899 1775 quam
923 1737 1063 1767 electum
1084 1747 1159 1776 pro-

154 1789 290 1820 tectioni
309 1789 403 1819 Sedis
420 1789 607 1828 Apostolicc
625 1798 809 1828 supponere
823 1794 1032 1819 curaverunt.
1051 1791 1159 1827 Quare

156 1842 294 1881 sepefati
322 1842 575 1872 archidiaconus
602 1847 632 1872 et
661 1842 843 1880 capitulum
870 1842 965 1872 nobis
987 1842 1160 1873 humiliter

154 1895 383 1934 supplicarunt
404 1900 439 1924 01
460 1896 644 1925 faceremus
666 1895 804 1925 eandem
823 1895 1017 1925 electionem
1041 1896 1160 1925 confir-

155 1948 239 1977 mari
263 1953 293 1978 et
317 1948 422 1977 eidem
447 1947 549 1977 electo
572 1956 694 1977 munus
719 1948 979 1977 consecrationis
1000 1948 1157 1986 impendi.

154 1999 313 2030 Volentes
329 1999 432 2037 igitur
448 2000 519 2036 11111,
539 2000 596 2038 qui
612 1999 675 2029 loci
692 1999 965 2037 metropolitanus
983 2001 1108 2035 existis,
1126 2001 1160 2030 in

156 2052 218 2082 hac
231 2056 321 2090 parte
336 2052 475 2087 deferre,
490 2052 692 2082 fraternitati
708 2056 763 2082 tue
774 2061 832 2090 per
844 2052 1023 2090 apostolica
1041 2054 1163 2092 scripta

159 2105 355 2135 mandamus
370 2109 533 2143 quatenus
549 2113 648 2142 super
662 2104 723 2134 hoc
743 2104 842 2134 officii
861 2105 909 2133 tui
925 2105 1071 2135 debitum
1089 2115 1164 2136 exe-

159 2158 290 2197 quaris,
308 2161 404 2196 prout
421 2157 604 2187 secundum
622 2158 728 2187 Deum
747 2157 853 2195 ipsius
870 2157 1009 2188 ecclesie
1027 2159 1163 2190 utilitati

157 2211 281 2241 videris
311 2210 473 2248 expedire.
505 2211 578 2240 Dat.
613 2211 814 2246 Interamne⁷
846 2210 956 2240 idibus
987 2211 1161 2248 februarii,

159 2271 246 2294 anno
263 2263 401 2293 decimo.
421 2275 433 2289 n

193 2421 213 2445 1.
233 2421 284 2445 Les
305 2424 417 2444 auteurs
438 2420 471 2444 (le
491 2421 517 2443 la
538 2421 625 2444 Gallia
646 2421 817 2450 christiana,
838 2425 856 2445 t.
877 2422 887 2445 1
907 2423 996 2452 (1716),
1015 2425 1164 2453 1115111110,

159 2465 212 2489 001.
229 2465 267 2494 31,
284 2469 312 2487 n⁰
328 2466 350 2494 9,
366 2467 414 2487 ont
429 2464 554 2494 imprime
571 2471 620 2494 par
635 2470 739 2492 erreur,
758 2465 826 2488 dans
843 2466 867 2488 la
883 2466 954 2495 date,
972 2469 1112 2496 Laterani,
1131 2475 1165 2492 au

160 2509 216 2533 lieu
231 2509 265 2532 de
281 2511 460 2537 101ον001110,-
480 2508 632 2537 POTTHAST,
649 2509 696 2538 qui
717 2508 781 2532 s'est
797 2517 897 2540 apereu
914 2518 966 2541 que
983 2512 1007 2534 la
1022 2512 1084 2536 date
1100 2512 1166 2537 etait

160 2555 261 2582 sausso,
278 2561 293 2576 a
309 2554 392 2583 pense
409 2553 474 2582 qu'il
490 2553 576 2576 salluit
592 2553 641 2576 lire
658 2554 810 2576 undecimo
827 2561 860 2577 au
882 2555 936 2578 lieu
955 2555 988 2578 de
1005 2557 1123 2585 decimo,
1141 2560 1167 2580 et

166 2605 181 2621 a
196 2596 278 2627 range
294 2600 364 2620 00110
382 2597 459 2626 pit-ce
476 2596 561 2627 parmi
578 2597 618 2619 les
634 2596 721 2619 bulles
738 2596 771 2620 de
788 2597 812 2620 la
828 2597 950 2622 onzieme
966 2599 1062 2623 anuce-

191 2641 213 2665 2.
232 2641 283 2665 Les
300 2644 412 2664 auteurs
429 2641 463 2664 de
476 2641 502 2663 la
516 2642 604 2664 Gallia
621 2641 786 2669 christiana,
802 2644 820 2664 t.
838 2641 861 2668 1.
879 2643 957 2671 ibid„
969 2646 1017 2666 ont
1033 2644 1167 2674 imprime,

162 2685 360 2709 certainement
377 2684 393 2707 a
413 2687 478 2713 tort,
500 2685 745 2713 archipresbitero,
767 2691 797 2707 ce
818 2685 864 2715 qui
885 2686 989 2716 change
1005 2687 1041 2710 du
1058 2690 1117 2712 tout
1133 2696 1167 2712 au

163 2731 224 2753 tout
238 2729 262 2752 le
278 2735 341 2752 sens
357 2728 390 2752 de
406 2731 477 2752 cette
493 2727 586 2758 piece3
604 2728 638 2751 cf.
654 2727 785 2758 l'analyse
806 2729 839 2752 de
858 2729 1002 2753 Porrussr
1019 2731 1056 2760 (12⁰
1075 2731 1167 2762 10519),

161 2773 210 2804 qui
227 2773 289 2796 n'en
306 2773 420 2803 pouvait
440 2771 584 2796 connaitre
599 2771 704 2795 d'autre
722 2775 812 2800 texto,
829 2776 855 2796 et
870 2773 1099 2804 l'intorpretation
1115 2783 1168 2806 quo

163 2817 287 2841 donnont
303 2817 335 2840 dc
352 2819 423 2840 cette
444 2816 517 2840 bulle
532 2817 571 2839 les
588 2819 700 2839 auteurs
717 2816 751 2839 de
767 2817 792 2839 la
807 2818 895 2840 Gallia
911 2818 1093 2847 eux-memes,
1112 2823 1130 2842 t.
1147 2820 1168 2850 1,

164 2861 217 2884 col.
235 2860 286 2884 133.
309 2873 339 2877 —
360 2861 446 2884 Autre
467 2867 562 2883 erreur
581 2866 586 2883 :
609 2860 649 2884 les
671 2862 783 2884 auteurs
800 2860 833 2884 (10
848 2860 874 2884 la
894 2863 995 2892 Gallia,
1011 2864 1047 2892 et,
1063 2863 1169 2894 d‘apres

165 2911 232 2933 eux,
253 2904 412 2932 Pornnsr,
429 2904 588 2935 impriment
608 2905 736 2928 salivaco
757 2911 791 2928 au
810 2904 866 2928 lieu
889 2904 922 2928 do
945 2906 1072 2930 salviaco
1099 2906 1170 2937 (Sal-

165 2949 247 2978 viae).

1303 368 1423 396 3525
1801 368 1901 400 Terni,
1916 367 1949 394 10
1963 368 2070 395 [evrier
2084 368 2162 395 1237.

1270 431 1424 458 L'niversis
1445 430 1592 464 priorissis
1612 433 1640 457 et
1657 430 1851 457 conventibus
1872 438 2000 457 surorum
2023 431 2234 458 Paenitentum

1235 480 1361 507 Sanctae
1377 479 1491 506 Mariae
1504 479 1699 513 Magdalenae
1715 479 1745 505 10
1761 479 1943 505 Alamannia
1958 479 2079 506 mandat
2091 482 2236 513 quatenus

1235 528 1374 561 magistro
1395 529 1560 562 Stephano⁵
1585 528 1726 554 canonico
1750 528 1876 554 Sanctae
1899 528 2055 554 Trinitatis
2075 528 2235 562 Spirensis,

1234 580 1334 612 parato
1358 577 1394 603 de
1430 577 1471 603 eis
1502 585 1601 603 curam
1632 584 1744 610 gerere,
1772 576 1970 603 obedientiam
2004 576 2172 610 praebeant.
2203 590 2236 595 -

1234 627 1320 658 (1100..
1338 626 1382 659 18,
1400 627 1419 652 1.
1433 625 1485 652 232
1501 628 1538 657 r⁰;
1555 633 1624 651 ann.
1643 625 1681 657 X,
1696 634 1720 651 0.
1738 625 1812 655 382.)

1278 739 1290 753 α
1317 727 1472 755 Unirersis
1489 727 1647 763 priorissis
1671 731 1696 754 et
1718 727 1913 755 conventibus
1932 735 2069 755 sororum
2096 726 2239 755 peniten-

1237 786 1300 809 tum
1328 780 1435 809 Sancte
1459 780 1552 808 ,ilario
1573 779 1746 815 Maytlalene.
1769 780 1801 808 in
1823 780 2024 808 Alamannia.
2049 779 2119 815 Qua
2141 779 2240 808 inno-

1237 832 1345 862 centia
1368 832 1434 861 vite
1456 849 1504 860 ——.
1533 833 1605 861 Dat.
1634 832 1837 866 Interamne.
1868 832 1934 861 IIII
1960 831 2033 861 idus
2061 831 2237 865 februarii,

1238 894 1323 915 anno
1341 885 1478 915 decimo.
1499 898 1511 910 ι)

1309 1083 1429 1111 35²ss
1803 1083 1890 1110 Terni
1901 1105 1907 1115 ,
1921 1084 1956 1110 ‘26
1970 1084 2168 1110 t‹}x·ri0r1237.

1275 1146 1427 1179 Magistris
1445 1146 1475 1172 S.
1494 1145 1618 1179 Pagani,
1635 1145 1798 1172 Parisiensi
1815 1146 1965 1174 canonico,
1983 1146 2116 1179 Hugoni,
2132 1146 2242 1173 Pisano

1240 1195 1391 1227 canonico,
1409 1194 1542 1221 Parisius
1558 1193 1769 1225 commoranti,
1784 1196 1812 1220 et
1828 1194 1862 1220 P.
1879 1194 1958 1220 dic-to
1972 1194 2134 1225 Caligario,
2148 1194 2245 1222 Mori—

1240 1243 1323 1269 nensi
1340 1242 1492 1275 canonico,
1507 1242 1640 1268 Parisius
1652 1242 1858 1274 commoranti,
1872 1243 1991 1269 mandat
2004 1246 2158 1277 quatenus,
2175 1252 2243 1270 cum

1240 1291 1324 1319 Oddo
1340 1291 1375 1317 de
1390 1291 1475 1317 Villa
1485 1290 1608 1322 Terriei,
1623 1290 1770 1324 quondam
1784 1290 1953 1323 Bajoccnsis
1967 1291 2105 1323 decanus,
2122 1300 2243 1318 uxorem

1240 1343 1268 1367 et
1284 1339 1426 1366 militiam
1443 1340 1623 1366 saecularem
1637 1339 1808 1372 accepisset,
1826 1339 1956 1373 capitulo
1973 1340 2127 1373 Bajoeensi
2141 1340 2246 1373 injun-

1240 1391 1310 1422 gant
1335 1391 1367 1415 ut
1394 1388 1472 1414 infra
1493 1390 1552 1414 tres
1577 1395 1692 1414 menses
1722 1387 1778 1414 sibi
1807 1388 1957 1421 provideat
1988 1397 2039 1422 por
2070 1389 2244 1416 electionem

1240 1437 1413 1464 canonicam
1430 1437 1466 1463 de
1481 1436 1591 1462 decano
1602 1444 1608 1468 ;
1621 1435 1753 1469 alioquin
1766 1436 1823 1470 ipsi
1835 1436 1993 1469 injungant
2009 1437 2143 1471 episeopo
2157 1437 2247 1471 Bajo-

1240 1487 1319 1513 censi
1332 1486 1408 1520 quod
1419 1494 1454 1512 ex
1466 1488 1538 1512 tunc
1551 1485 1586 1512 de
1597 1493 1721 1519 persona
1733 1485 1839 1511 idonea
1849 1485 1880 1511 in
1893 1485 2036 1512 decanum
2055 1489 2135 1512 curet
2149 1486 2245 1512 eidem

1240 1535 1380 1562 ecclesiae
1396 1533 1551 1567 Bajocensi
1565 1533 1729 1567 providere.
1746 1548 1778 1551 —
1796 1534 1881 1565 (Rm.
1897 1533 1945 1565 18,
1961 1534 1981 1560 f.
1996 1534 2047 1560 232
2064 1536 2104 1566 r⁰;
2121 1542 2190 1561 ann.
2205 1534 2245 1567 X,

1240 1578 1264 1611 α’.
1282 1583 1350 1615 3S3;
1368 1598 1399 1601 -
1413 1582 1547 1609 Momm
1563 1581 1642 1614 1191,
1660 1582 1680 1608 f.
1694 1581 1770 1613 229.)

1282 1697 1294 1711 «
1315 1684 1469 1719 Maqistris
1483 1683 1514 1712 S.
1532 1683 1661 1720 Paqani,
1680 1683 1861 1718 Parisiensi,
1878 1683 2011 1720 Huyom',
2030 1684 2150 1719 Pisano,
2170 1689 2196 1713 et
2212 1685 2244 1713 P.

1240 1738 1319 1767 dicto
1336 1738 1501 1773 Caliyario,
1519 1736 1694 1771 lllom'rzensi,
1715 1736 1856 1764 Parisius
1871 1737 2139 1772 commorantibus,
2155 1746 2248 1767 cano-

1240 1791 1332 1819 nicis.
1359 1789 1410 1818 Ad
1434 1787 1638 1818 audientiam
1666 1792 1828 1823 nostram,
1853 1788 1972 1818 dilecto
1995 1788 2064 1819 filio
2088 1790 2248 1827 magistro

1241 1841 1431 1875 Guillelmo,
1462 1840 1621 1870 canonico
1651 1841 1843 1879 Baj0censi‚
1877 1841 2054 1877 referente,
2087 1843 2247 1873 noveritis

1241 1894 1433 1933 pervenisse
1449 1893 1546 1931 quod,
1567 1901 1640 1922 cum
1661 1893 1752 1923 Oddo
1768 1893 1806 1923 de
1821 1893 1909 1923 Villa
1927 1894 2063 1929 Terrici,
2082 1895 2248 1933 quondam

1243 1947 1387 1977 decanus
1410 1945 1620 1984 Bajocensis,
1645 1945 1696 1975 die
1719 1954 1783 1983 qua
1800 1945 1922 1975 electus
1942 1946 2006 1975 suit
2023 1947 2055 1975 111
2073 1947 2244 1983 decanum,

1240 2000 1420 2039 juravisset
1447 1999 1480 2028 in
1502 1998 1645 2037 capitulo
1668 1999 1843 2037 Bajoeensi
1868 1999 1954 2037 quod
1979 2000 2050 2029 sine
2076 2000 2246 2036 dilatione,

1245 2061 1342 2090 quam
1363 2051 1506 2089 primum
1526 2055 1647 2089 posset,
1672 2060 1706 2081 se
1726 2052 1847 2081 faceret
1864 2052 1897 2080 in
1922 2052 2142 2089 presbiterum
2160 2053 2250 2082 ordi-

1245 2105 1334 2139 nari,
1361 2108 1456 2142 prout
1479 2104 1736 2134 amministratio
1760 2104 1956 2140 decanatus,
1983 2105 2035 2134 cui
2062 2106 2249 2135 animarum

1246 2166 1323 2188 cura
1353 2157 1521 2191 imminet,
1549 2161 1580 2186 01
1609 2157 1811 2186 consuetudo
1840 2157 1939 2187 etiam
1971 2157 2109 2188 ecclesie
2137 2159 2250 2197 requi-

1244 2210 1361 2240 rebant
1389 2220 1395 2238 :
1423 2210 1527 2245 idem,
1555 2209 1589 2238 id
1615 2210 1742 2239 efficere
1771 2219 1835 2239 non
1864 2219 2062 2248 1110001005,
2088 2211 2250 2250 religione

1245 2263 1426 2302 postposita
1441 2263 1633 2301 juramenti.
1650 2267 1781 2300 propter
1797 2263 1883 2301 quod
1903 2263 2040 2292 ecclesia
2058 2264 2250 2303 Bajocensis

1247 2325 1311 2346 non
1334 2315 1498 2345 modicum
1520 2315 1554 2344 111
1574 2315 1805 2353 spiritualibus
1826 2320 1856 2345 et
1879 2316 2115 2353 temporalibus
2138 2317 2252 2347 incur—

1246 2369 1331 2399 risse
1354 2368 1475 2397 dicitur
1491 2368 1743 2402 detrimentum,
1764 2368 1910 2403 tandem,
1929 2368 2040 2406 elapso
2061 2369 2250 2407 septennio,

1246 2421 1363 2451 habitu
1393 2425 1423 2451 01
1450 2425 1585 2450 tonsura
1615 2420 1762 2450 clericali
1790 2421 2000 2458 impudenter
2030 2421 2182 2460 abjectis,
2216 2422 2251 2451 10

1247 2473 1356 2509 anime
1371 2482 1428 2503 sue
1441 2473 1652 2510 dispendium
1669 2477 1699 2502 et
1716 2473 1907 2502 scandalum
1924 2472 2142 2510 plurimorum
2156 2473 2252 2504 miles

1248 2526 1407 2556 secularis
1434 2526 1588 2560 effectus,
1610 2525 1784 2555 mulierem
1806 2526 1909 2554 liliam
1934 2526 2086 2555 Gauii-idi
2110 2527 2148 2556 de
2172 2527 2252 2556 Bul-

1247 2579 1330 2608 liaco
1346 2579 1474 2608 militis.
1487 2578 1630 2616 jurando
1644 2577 1695 2608 vel
1709 2578 1818 2616 potius
1831 2578 2018 2616 dejerando,
2035 2579 2069 2607 in
2086 2579 2253 2616 presentia

1248 2631 1449 2661 venerabilis
1475 2631 1588 2660 fratris
1612 2630 1716 2659 nostri
1741 2653 1760 2658 ..
1787 2630 1989 2660 Senonensis
2013 2630 2253 2669 archiepiscopi

1249 2688 1280 2713 et
1291 2683 1437 2721 plurium
1450 2683 1601 2717 aliorum,
1615 2682 1702 2721 quod
1716 2691 1846 2711 sacrum
1861 2682 2009 2711 ordinem
2024 2692 2088 2711 non
2104 2683 2250 2719 haberet,

1250 2735 1315 2765 sibi
1341 2735 1379 2765 de
1407 2736 1491 2764 facto
1518 2734 1810 2764 matrimonialiter
1835 2734 2009 2771 copulavit.
2042 2735 2255 2765 Postmodum

1250 2796 1342 2822 vero,
1362 2791 1526 2825 comperto
1543 2786 1629 2825 quod
1646 2786 1780 2824 quidam
1798 2785 1987 2824 hujusmodi
2006 2787 2254 2817 matrimonium

1251 2840 1303 2870 vel
1318 2840 1428 2878 potius
1444 2838 1699 2869 contubernium
1717 2847 1871 2867 accusare
1891 2838 2058 2873 volebant,
2078 2848 2151 2868 cum
2166 2839 2255 2870 idem

1252 2892 1342 2922 Oddo
1359 2892 1402 2921 sit
1418 2892 1453 2921 in
1469 2891 1726 2921 subdiaconatus
1745 2890 1859 2919 ordine
1875 2890 2086 2927 constitutus,
2105 2891 2144 2920 ad
2160 2892 2257 2922 deca-

1254 2948 1369 2974 natum
1393 2944 1501 2974 redire
1528 2943 1680 2982 cupiens,
1706 2943 1759 2972 cui
1782 2943 2031 2973 renuntiaverat
2055 2943 2126 2982 ipso
2152 2945 2255 2981 facto,
