2519 3518
185 266 261 296 1¹25
1032 262 1254 301 norzinnn
1276 262 1435 298 ANNEE.
2208 278 2282 307 ΗΜ

181 337 295 363 nostra
319 333 482 364 mittimus
509 333 726 365 interclusam
737 336 757 371 ¹,
787 336 920 374 penitus
947 345 1120 371 revocans,
1154 336 1188 364 in

179 393 280 415 causa
298 386 378 424 ipsa,
402 387 515 425 previa
531 387 674 424 ratione,
703 389 860 426 procedas
884 389 977 428 juxta
1003 389 1188 419 litterarum

180 438 421 469 continentiam
438 439 478 469 ad
494 440 636 470 eundem
650 439 845 471 Albiensem
861 442 1051 480 episcopum
1065 446 1096 471 ct
1113 449 1189 471 suos

179 490 369 529 conjudices
385 491 604 527 directarum
625 492 775 531 alioquin
797 502 868 523 eam
891 494 996 523 facias
1012 493 1188 523 inviolabi-

180 541 257 572 liter
273 542 460 579 observari;
479 544 737 575 contradictores
755 549 820 574 tam
838 554 896 583 per
915 554 1033 584 penam
1050 545 1084 575 in
1102 554 1189 575 com-

180 595 344 632 promisso
363 596 546 635 appositam
569 606 669 636 quam
690 598 886 628 auctorit-ate
902 602 1023 634 nostra,
1045 597 1189 636 appella-

181 647 271 678 tione
295 649 486 687 postposita,
513 650 768 688 compescendo;
796 650 844 680 ita
867 656 977 681 tamen
1002 656 1037 680 ut
1060 650 1187 680 nullum

181 708 239 738 per
262 700 323 730 hoc
343 701 531 740 Apostolice
558 702 634 732 Sedi
656 703 878 741 prejudicium
899 708 1087 741 generetur,
1108 712 1189 742 quo-

181 753 302 788 minus,
323 754 352 783 si
378 754 536 789 voluerit,
561 763 654 784 suam
675 755 841 794 J'ustitiam
863 760 1091 795 prosequatur.
1113 757 1184 785 Dat.

181 806 344 844 Anagnie,
358 807 387 837 V
401 806 561 837 kalendas
578 807 785 845 septembris,
805 816 891 838 anno
909 808 1113 838 duodecimo.
1134 821 1146 834 »

249 977 370 1005 45⁰9

214 1039 359 1074 Episcopo
379 1040 583 1067 Lincolniensi
606 1041 727 1067 mandat
743 1044 887 1075 quatenus
903 1041 1120 1075 redemptiones
1136 1050 1187 1068 vo-

178 1090 275 1114 torum
292 1088 560 1122 crucesignatorum
583 1092 677 1116 terrae
697 1098 730 1116 ac
751 1089 904 1116 feudorum
921 1089 1030 1116 nobilis
1043 1090 1101 1116 viri
1122 1090 1187 1117 Hu-

177 1135 260 1168 gonis
275 1135 384 1168 Wake,
401 1136 608 1170 crucesignati,
622 1152 652 1155 —
664 1137 854 1172 proponentis
866 1138 1022 1171 magnifice
1035 1138 1066 1164 in
1081 1138 1186 1165 Terrae

179 1183 306 1210 Sanctae
326 1183 492 1211 subsidium
509 1185 666 1219 proficisci,
683 1200 713 1203 —
735 1194 808 1219 quae
824 1186 955 1212 nondum
976 1186 1028 1212 alii
1043 1186 1103 1212 sint
1117 1194 1186 1212 con-

176 1240 284 1265 cessae,
310 1233 401 1259 faciat
424 1233 520 1260 eidem
552 1233 656 1266 nobili,
687 1238 841 1268 postquam
866 1235 922 1261 iter
951 1235 1183 1261 transmarinum

175 1281 347 1315 arripuerit,
365 1281 521 1315 assignari.
540 1297 572 1300 —
589 1282 676 1314 (Rsc.
694 1282 737 1314 19,
756 1284 775 1308 f.
790 1283 823 1309 47
843 1286 888 1315 ν“’;
902 1291 972 1309 ann.
984 1283 1053 1315 XII,
1070 1292 1094 1310 c.
1111 1283 1186 1314 235.)

756 980 887 1013 Anagni,
903 979 937 1006 28
952 982 1021 1006 aout
1037 979 1115 1006 1238.

217 1406 230 1421 ιι
254 1417 273 1423 ..
291 1396 425 1433 episcopo
439 1396 658 1425 Lincolniensi.
678 1396 772 1431 Cum,
789 1396 873 1426 sicut
887 1396 1028 1426 dilectus
1042 1414 1091 1425 —.
1109 1398 1182 1427 Dat.

175 1447 337 1485 Anagnie,
355 1448 384 1478 V
399 1447 558 1478 kalendas
575 1448 784 1487 septembris,
803 1457 891 1479 anno
906 1449 1110 1479 duodecimo.
1129 1462 1142 1476 n

243 1619 363 1647 4510

208 1680 353 1715 Episcopo
383 1681 600 1714 Terracinensi,
635 1697 667 1700 —
699 1691 765 1709 cum
796 1683 921 1709 ecclesia
950 1683 1182 1716 Terracinensis,

172 1736 187 1754 (ι
201 1729 237 1756 ob
259 1729 445 1756 infirmitatis
459 1729 648 1757 incommoda
668 1731 808 1764 longioris
829 1739 912 1765 qua»
928 1731 1008 1757 idem
1029 1731 1182 1765 episcopus

172 1776 357 1804 laboraverat
370 1780 397 1804 et
412 1777 519 1810 adhuc,
536 1781 568 1805 ut
594 1778 758 1812 dicebatur,
773 1779 836 1805 sine
857 1787 907 1813 spe
927 1779 1182 1806 convalescentiae

171 1824 333 1857 laborabat,
350 1825 381 1851 in
395 1826 602 1859 spiritualibus
623 1829 651 1854 et
668 1827 699 1854 in
722 1827 935 1861 temporalibus
951 1830 1027 1854 esset
1046 1828 1106 1854 fere
1122 1829 1182 1854 col-

172 1873 265 1907 lapsa,
283 1888 315 1891 —
336 1874 471 1901 concedit
491 1875 604 1908 petenti
622 1875 795 1909 magistrum
811 1875 946 1902 Marcum
961 1875 996 1902 de
1011 1876 1180 1908 Ferentino,

171 1922 358 1955 capellanum
387 1922 536 1949 Ostiensis
565 1924 706 1957 episcopi.
731 1923 942 1957 coadjutorem.
973 1924 1057 1957 eique
1088 1924 1181 1958 signi-

754 1621 884 1655 Anagni,
902 1620 936 1647 28
948 1623 1015 1648 aout
1032 1621 1111 1648 1238.

171 1972 238 1996 ficat
255 1978 284 1996 se
299 1970 440 2004 capitulo,
457 1972 534 1997 clero
556 1975 584 1998 et
606 1973 711 2005 populu
727 1972 861 1998 civitatis
877 1976 904 1998 et
921 1973 1062 1999 dioecesis
1076 1973 1181 2003 Terra-

170 2018 337 2045 einensium
365 2019 521 2046 mandasse
544 2023 577 2046 ut
597 2020 677 2046 dicto
699 2021 849 2053 magistro,
867 2029 917 2054 per
940 2030 1025 2054 quem
1047 2022 1181 2048 Terraci—

172 2067 271 2093 nensis
285 2067 426 2093 ecclesiae
442 2071 551 2094 statum
568 2068 630 2102 ipse
641 2076 715 2102 papa
727 2069 863 2095 credebat
874 2070 1081 2103 reparandum,
1095 2071 1180 2104 plene

170 2115 202 2141 in
225 2115 363 2142 omnibus
385 2116 593 2149 spiritualibus
616 2121 642 2143 et
667 2117 879 2151 temporalibus
904 2118 1103 2149 intenderent,
1135 2119 1180 2145 his

170 2163 326 2190 dumtaxat
352 2164 493 2198 exceptis,
511 2173 585 2198 quae
605 2173 656 2198 per
678 2165 814 2192 eumdem
837 2166 1011 2199 magistrum
1033 2170 1180 2200 nequeant

170 2212 309 2238 exerceri.
326 2227 358 2230 —
373 2213 461 2243 (Rae.
476 2213 520 2245 19,
537 2214 558 2239 f.
571 2214 605 2239 47
618 2216 662 2245 v⁰;
680 2222 749 2240 ann.
765 2214 832 2246 XII,
850 2222 874 2240 c.
891 2214 966 2245 236.)

212 2325 225 2339 «
252 2336 272 2341 ..
305 2314 438 2351 episcopo
481 2314 705 2343 Terracinensz'.
742 2314 825 2344 Cum
856 2314 996 2345 ecclesia
1029 2316 1179 2346 Terraci-

169 2365 286 2396 nensis
303 2383 353 2395 ——.
371 2367 444 2396 Dat.
463 2367 625 2404 Anagnie,
644 2368 673 2396 V
688 2367 847 2398 kalendas
864 2368 1071 2406 septembris,
1092 2378 1178 2398 anno

167 2419 373 2449 duodecimo.
391 2431 403 2445 »

202 2542 302 2565 45¹1.
319 2554 349 2557 —
366 2540 399 2566 In
413 2539 538 2566 eundem
557 2541 615 2566 iere
632 2540 751 2566 niodum
763 2541 894 2573 capitulo,
907 2541 978 2566 clero
991 2542 1124 2574 etpopulo
1139 2544 1176 2567 ci-

165 2588 260 2612 vitatis
274 2590 297 2612 εἰ
313 2587 424 2612 ‹lioecsis
443 2587 692 2614 Terracitzensiwn.

235 2752 355 2780 45¹2

199 2814 345 2849 Episcopo
361 2815 524 2842 Tudertino
541 2815 688 2849 significat
705 2824 734 2842 se
750 2816 930 2844 abbatissam
952 2820 980 2844 et
997 2821 1174 2845 conventum

748 2755 878 2788 Anagni,
892 2755 925 2782 23
941 2758 1009 2782 nont
1025 2756 1103 2783 1238.

198 2928 218 2953 1.
236 2928 273 2952 Le
289 2928 437 2953 document
452 2929 578 2953 annonce
591 2930 625 2953 ici
643 2930 685 2954 n'a
698 2938 746 2960 pas
759 2931 801 2954 ete
817 2931 907 2955 insere
923 2931 991 2955 dans
1005 2932 1029 2955 le
1040 2934 1174 2961 Reyislre.

1273 336 1443 362 monasterii
1459 336 1562 364 Sancti
1581 338 1733 365 Laurentii
1755 340 1790 365 <le
1811 340 1976 374 Collazene,
1995 342 2174 370 Tudertinae
2197 345 2278 372 dioe-

1272 383 1355 415 cesis,
1373 399 1407 401 —
1420 393 1501 418 quas,
1517 385 1735 413 inobedientiae
1752 396 1849 419 causa,
1879 389 1941 423 ipse
1962 398 2037 424 papa
2056 391 2203 419 libertatis
2220 394 2282 427 pri-

1272 431 1380 464 vilegio
1398 433 1569 466 privaverat
1585 438 1611 461 et
1622 435 1676 461 sub
1688 435 1780 469 ipsius
1793 436 1920 470 episcopi
1932 438 2139 470 jurisdictione
2155 441 2279 468 duxerat

1272 478 1462 512 reducendas,
1481 495 1511 499 —
1530 481 1558 507 in
1575 486 1684 509 statum
1702 483 1845 517 pristinae
1862 485 2008 512 libertatis
2024 488 2171 519 reducere,
2186 492 2213 515 et
2231 490 2278 515 lit-

1271 529 1346 553 teras
1362 529 1524 555 contrarias
1549 530 1585 556 ad
1608 531 1704 564 ipsum
1732 532 1900 566 episcopum
1926 542 2012 568 super
2038 536 2089 562 boc
2115 537 2278 564 destinatas

1271 575 1388 609 penitus
1405 585 1558 610 revocare;
1574 578 1687 606 inhibet
1704 588 1739 606 ne
1753 581 1782 606 in
1798 582 1957 615 praedietis
1975 585 2151 611 monasterio
2167 590 2194 612 et
2211 595 2278 612 con—

1270 628 1361 651 ventu
1378 634 1536 660 corumque
1550 627 1633 654 bonis
1648 628 1710 662 ipse
1722 629 1875 663 episcopus
1889 631 1964 657 nihil
1979 631 2034 658 sibi
2047 634 2113 666 plus
2127 634 2274 665 vendicet,

1271 680 1284 698 «
1302 673 1358 699 nisi
1376 678 1519 707 quantum
1535 675 1564 702 in
1580 676 1696 703 indulto
1718 677 1778 703 illis
1795 686 1845 711 per
1867 679 1971 705 Sedem
1996 681 2196 714 Apostolicam
2216 683 2277 716 pri-

1271 728 1285 746 »
1301 721 1550 755 vilegionoscitur·
1559 730 1740 752 reservatum
1753 734 1776 752 ».
1794 742 1823 744 ἡ
1834 727 1921 758 (Rae.
1937 728 1980 754 19.
1993 730 2012 754 s.
2027 730 2060 755 47
2074 733 2116 761 v¹';
2127 739 2196 757 ann.
2207 732 2276 764 XII,

1270 777 1294 796 c.
1312 769 1380 802 232
1398 785 1430 789 —
1445 772 1602 800 Por-rnasr
1617 773 1737 805 10647¹;
1756 789 1787 793 —
1809 777 1846 801 cf.
1861 783 1957 808 snpra,
1976 785 2004 803 n⁴
2021 777 2091 804 2585
2104 783 2131 805 et
2147 779 2240 811 2691.)

1312 896 1325 910 u
1346 906 1365 912 ..
1380 886 1512 923 episcopo
1526 886 1703 916 Tudertino.
1722 888 1807 917 Arca
1823 888 1947 919 sederis
1965 899 2028 928 que
2041 907 2088 919 —.
2103 892 2175 921 Dat.
2189 893 2275 922 Ana-

1270 935 1357 973 gnie,
1373 937 1402 966 X
1418 936 1577 968 kalendas
1593 939 1800 977 septembris,
1815 949 1901 970 anno
1917 941 2121 973 duodecimo.
2142 956 2155 969 »

1339 1133 1460 1161 45¹3

1304 1202 1317 1219 «
1335 1196 1367 1222 In
1382 1195 1507 1222 eundem
1525 1197 1585 1222 iere
1603 1197 1721 1223 modum
1743 1218 1760 1224 ..
1782 1198 1915 1224 abbatisse
1940 1208 1970 1224 ac
1992 1205 2139 1227 conventui
2157 1204 2275 1235 ejttsdem

1268 1245 1438 1270 monasterH.
1464 1242 1526 1278 [Eis
1554 1244 1695 1271 similiter
1715 1245 1862 1279 significat
1887 1256 1916 1274 se
1939 1256 1997 1280 eaS,
2019 1264 2050 1267 —
2074 1258 2155 1284 quas,
2175 1252 2277 1279 inobe—

1846 1138 1975 1171 Anagni,
1993 1139 2025 1165 23
2041 1142 2203 1168 aor1t1238.

1267 1292 1398 1319 dientiae
1419 1301 1516 1325 causa,
1533 1293 1596 1327 ipse
1616 1302 1691 1328 papa
1712 1294 1859 1322 libertatis
1880 1297 2038 1331 privilegio
2056 1299 2225 1332 privaverat
2248 1304 2275 1327 ct

1267 1340 1320 1367 sub
1331 1341 1460 1375 episcopi
1473 1341 1630 1368 Tudertini
1641 1343 1848 1375 jurisdictione
1859 1344 1984 1372 duxerat
1997 1346 2187 1380 reducendas,
2201 1349 2274 1375 —in

1266 1391 1376 1416 statum
1392 1390 1536 1423 pristinae
1558 1391 1707 1417 libertatis
1723 1392 1872 1425 reducere,
1887 1397 1915 1420 et
1932 1394 2046 1421 litteras
2063 1397 2224 1423 contrarias
2239 1398 2276 1424 ad

1267 1437 1402 1463 eumdem
1418 1438 1587 1472 episcopum
1610 1447 1697 1473 super
1718 1441 1770 1466 hoc
1792 1441 1955 1468 destinatas
1976 1443 2094 1476 penitus
2116 1444 2275 1479 revocare]

1259 1485 1334 1518 Dat.
1352 1488 1518 1520 utsupra.»
1534 1502 1568 1505 —
1582 1488 1669 1518 (linc.
1685 1488 1728 1520 19,
1745 1490 1764 1515 f.
1781 1490 1812 1515 Γ,
1829 1493 1874 1522 κ”·’;
1893 1505 1924 1508 -
1942 1492 2097 1519 ΡοττΗΑετ
2112 1493 2221 1524 10646.)

1335 1679 1454 1706 4514

1300 1741 1453 1775 Magistris
1477 1742 1621 1769 Gauirido
1646 1743 1681 1769 de
1704 1743 1812 1771 Leodio
1829 1747 1856 1771 et
1876 1745 2005 1779 Drogoni
2019 1746 2054 1772 de
2067 1747 2136 1773 Alto
2153 1748 2273 1775 Villari.

1264 1790 1415 1816 canonicis
1433 1791 1640 1824 Remensibus,
1658 1793 1716 1818 late
1733 1793 1835 1820 scribit
1850 1794 1885 1820 de
1904 1795 1980 1820 iacto
1996 1795 2195 1822 thesaurariae
2213 1805 2275 1823 mo—

1264 1839 1386 1864 nasterii
1404 1840 1531 1865 Sanctae
1546 1839 1661 1866 Mariae
1679 1840 1910 1874 Suessionensis,
1926 1843 2029 1869 sororis
2044 1843 2172 1878 episcopi
2189 1846 2273 1871 Sues-

1845 1684 1974 1718 Anagni,
1991 1685 2025 1711 27
2040 1688 2108 1712 aout
2125 1686 2202 1713 1238.

1265 1887 1419 1919 sionensis,
1437 1888 1466 1913 in
1481 1888 1660 1915 abbatissam
1679 1890 1811 1922 ejusdcm
1827 1892 2009 1923 monasterii,
2028 1893 2180 1919 nonnullis
2194 1894 2273 1927 eJ‘us-

1263 1936 1328 1961 dem
1348 1936 1526 1963 monialibus
1549 1946 1579 1963 se
1600 1939 1827 1971 opponentibus,
1848 1940 1946 1966 minus
1963 1941 2103 1967 canonice
2119 1943 2229 1969 electae
2245 1948 2272 1969 ct

1263 1992 1313 2018 per
1325 1985 1499 2011 violent-iam
1517 1985 1659 2014 intrusae.
1677 1987 1776 2020 eisque
1793 1988 1913 2014 mandat
1931 1993 2085 2022 quatenus,
2100 1998 2272 2017 excommu-

1264 2033 1422 2059 nicationis
1437 2035 1616 2061 sententiam
1632 2035 1662 2061 in
1677 2036 1846 2069 priorissam
1866 2038 1996 2070 ejusdem
2016 2040 2186 2066 monasterii
2202 2044 2228 2066 et
2245 2041 2271 2067 ei

1262 2082 1465 2113 adhaerentes,
1484 2083 1651 2116 praedictae
1672 2085 1872 2111 thesaurariae
1895 2086 2012 2112 ·.·be‹1li1²e
2038 2088 2180 2119 nolentes,
2205 2097 2272 2122 pro-

1263 2131 1437 2163 mulgatam,
1459 2131 1670 2158 denuntiantes
1684 2142 1744 2159 esse
1764 2134 1888 2165 nullam,
1910 2135 1945 2160 ad
1966 2135 2145 2162 decisionem
2162 2137 2269 2170 negotii

1262 2179 1432 2212 procedant.
1444 2194 1478 2197 —
1489 2180 1576 2211 (Rnc.
1590 2180 1633 2211 19,
1646 2182 1665 2207 f.
1679 2182 1711 2207 Γ.
1726 2185 1851 2211 v¹¹2ann.
1870 2183 1937 2214 XII,
1952 2192 1976 2209 c.
1992 2184 2043 2211 238
2057 2193 2062 2216 ;
2078 2174 2110 2203 4
2123 2187 2160 2211 cf.
2172 2192 2270 2218 snpra,

1262 2230 1291 2253 n⁰
1304 2226 1397 2258 2683.)

1303 2354 1316 2368 ι(
1333 2343 1489 2379 Mayislris
1502 2343 1649 2379 Gatzsriclo
1664 2344 1698 2372 (Ie
1709 2345 1814 2373 Leotlio
1829 2350 1855 2373 ιί
1873 2346 2004 2383 Droyoni
2019 2347 2052 2375 de
2067 2348 2133 2376 Allo
2150 2347 2268 2383 villari,

1261 2396 1418 2424 canonicis
1446 2397 1647 2425 Remensibus.
1683 2396 1958 2434 significantibus
1991 2422 2010 2427 ..
2044 2400 2214 2437 priorissa,
2249 2424 2268 2430 ..

1261 2448 1484 2486 suppriorissa
1500 2453 1531 2478 et
1547 2449 1746 2487 quibusdam
1764 2449 1840 2480 aliis
1855 2450 2058 2481 monialibus
2074 2454 2269 2483 monasterii

1261 2500 1380 2530 Sancte
1404 2501 1508 2530 Marie
1536 2501 1800 2537 suessionensis,
1828 2511 1888 2532 nos
1915 2504 2074 2534 noveritis
2102 2506 2269 2543 accepisse

1294 2620 1314 2643 1.
1331 2619 1445 2651 D'apres
1469 2619 1625 2649 SBARALEA,
1651 2622 1811 2644 Bullarium
1834 2623 2071 2651 Franciscaruwn,
2096 2626 2113 2646 t.
2132 2623 2151 2651 1,
2168 2630 2193 2653 p.
2212 2623 2264 2648 253.

1259 2669 1288 2688 n⁶
1301 2664 1355 2688 276.
1371 2678 1402 2682 —
1417 2666 1440 2689 A
1454 2670 1533 2689 noter
1549 2672 1612 2695 que,
1628 2665 1696 2688 dans
1712 2665 1737 2688 la
1753 2666 1924 2695 publication
1940 2666 1973 2689 de
1989 2666 2129 2695 Sbaralea,
2146 2680 2175 2684 —
2189 2667 2264 2691 dont.

1259 2708 1423 2739 cependant‚
1442 2709 1466 2732 le
1489 2710 1612 2738 Reyislre
1631 2708 1667 2731 du
1691 2708 1805 2731 Vatican
1823 2712 1863 2732 est
1886 2710 1920 2732 lei
1937 2710 1962 2732 la
1979 2717 2088 2737 source,
2106 2723 2132 2727 -
2148 2711 2173 2733 la
2189 2709 2266 2740 piece

1259 2753 1315 2784 qui,
1332 2753 1347 2776 ὲ
1369 2757 1411 2777 cet
1431 2753 1539 2776 endroit
1560 2753 1596 2776 du
1620 2754 1756 2782 Reyistre,
1781 2753 1868 2782 figure
1891 2760 1924 2776 en
1946 2755 1975 2776 in
2002 2755 2123 2777 eundem
2147 2756 2262 2778 modam

1260 2798 1298 2826 (n0
1312 2797 1391 2826 4513),
1404 2803 1444 2820 est
1455 2797 1597 2827 imprimes
1610 2803 1642 2819 eu
1657 2798 1720 2821 tete.
1735 2797 1803 2819 dans
1816 2801 1875 2819 tout
1886 2803 1937 2820 son
1949 2797 2187 2826 developpement,
2203 2802 2263 2820 tan-

1258 2841 1300 2864 dis
1319 2848 1373 2871 que
1395 2842 1419 2864 la
1439 2842 1510 2864 bulle
1532 2841 1659 2864 adressee
1674 2841 1689 2863 ἐι
1709 2841 1832 2870 l'eveque
1851 2841 1884 2863 de
1905 2840 1983 2869 Todi,
2007 2842 2222 2865 contrairement
2247 2842 2262 2864 a

1257 2892 1288 2908 ce
1308 2885 1391 2915 qu'on
1414 2889 1510 2908 trouve
1533 2885 1599 2907 dans
1619 2885 1642 2907 le
1663 2885 1796 2913 Reqistve,
1821 2892 1839 2914 y
1861 2889 1902 2908 est
1923 2884 2030 2908 donnee
2051 2885 2203 2908 seulement
2227 2893 2260 2909 en

1257 2936 1376 2959 annexe,
1395 2934 1420 2953 et
1436 2936 1491 2952 non
1508 2931 1537 2952 in
1555 2932 1677 2952 extenso.
