2519 3518
108 306 168 336 397
971 291 1155 329 mxuma
1178 291 1336 328 Axxiia.
2139 299 2196 329 393

181 371 302 401 3163
720 369 819 401 Tcrni,
836 368 870 395 30
887 368 944 395 mai
961 366 1039 394 1236.
1264 365 1314 392 31
1325 366 1381 394 65
1812 368 2031 400 'ser11i‚29111ai
2046 369 2123 395 1‘236.

147 433 283 468 Hugoni,
299 432 398 460 abbati
423 432 546 466 Maioris
569 431 743 458 Monasterii
759 430 948 461 Turonensis,
966 428 1111 462 significat

110 490 152 515 se,
163 496 194 500 —
209 481 279 508 licet
289 483 506 515 praesentatam
521 480 578 506 sibi
590 479 830 514 postulationem,
846 486 903 512 qua
917 477 994 511 prior
1007 479 1035 502 et
1047 484 1112 502 con-

111 533 218 558 ventus
242 529 453 557 Cluniaceuses
473 529 509 555 de
529 529 591 563 ipso
612 528 650 555 H.
673 528 855 554 unanimiter
876 526 1111 556 celebraverant,

110 579 311 606 examinatam
323 599 329 610 ,
347 578 423 604 sicut
437 577 590 608 convenit,
605 577 774 609 diligenter,
792 584 847 602 non
864 575 1011 606 duxisset,
1029 576 1113 607 prout

110 629 214 655 contra
235 634 360 653 canones
380 628 573 657 attentatam,
590 624 822 655 admittendam,
842 623 911 657 quia
927 626 1025 649 tamen
1042 621 1113 649 Clu—

112 675 260 703 niacensis
280 674 435 707 ecclesiae,
455 674 624 708 specialiter
640 673 716 700 inter
736 676 846 699 ceteras
866 680 881 698 a
899 672 973 698 Sede
989 671 1114 705 Aposto-

112 725 172 752 lica
190 724 332 756 dilectae,
347 723 489 750 exaltatio
506 731 555 757 per
571 723 664 757 ipsius
687 722 724 748 11.
748 721 947 748 ministerium
962 721 1114 753 exspecta-

111 773 207 806 batur,
221 787 251 791 —
268 773 364 806 ipsum
383 772 433 804 11.‚
445 780 462 798 a
474 771 595 798 vinculo
608 771 731 804 Majoris
746 769 918 797 Mona-iterii
935 768 1113 799 absolutum,

112 821 222 848 eisdem
246 821 336 855 priori
361 823 389 847 et
414 819 573 846 conventui
599 818 845 847 Cluniacensibus
870 817 1063 847 concessisse;
1088 816 1113 842 ei

113 870 236 897 mandat
255 871 399 903 quatenus
415 870 593 895 conventum
613 867 735 901 Majoris
757 865 931 893 Mouasterii
950 867 1067 891 moneat
1083 867 1114 890 ut

112 917 169 945 sibi
190 925 241 952 per
256 917 429 944 electionem
453 916 642 947 eanonicam,
666 915 743 941 iusi-a
763 914 921 941 terminum
940 913 976 939 ab
996 912 1058 946 ipso
1075 912 1112 938 H,

113 966 224 993 eisdem
248 965 482 999 praefigendum,
504 964 692 998 provideant,
715 971 780 989 cum
804 962 897 996 ipsius
921 962 958 988 H.
976 960 1113 992 consilio,

113 1015 149 1041 de
167 1021 290 1048 persona
305 1013 409 1040 idonea
426 1012 455 1039 in
474 1016 636 1046 pastorem;
653 1010 785 1044 alioquin
804 1011 866 1044 ipse
885 1010 922 1036 H.
943 1009 978 1035 de
994 1017 1115 1043 persona

112 1071 147 1089 ea
166 1061 228 1089 illis
250 1061 404 1096 provideat
425 1063 453 1087 et
477 1060 566 1087 faeiat
585 1059 680 1086 eidem
700 1067 806 1085 munus
828 1057 1042 1085 benedictionis
1058 1057 1115 1083 im-

113 1111 213 1146 pendi.
230 1125 260 1129 —
277 1111 363 1142 (Rae.
381 1109 424 1141 18,
442 1110 461 1136 f.
479 1109 529 1136 158
545 1112 588 1140 v⁰;
603 1116 672 1135 anu.
690 1108 728 1140 X,
743 1116 767 1134 c.
785 1108 842 1137 91.)

155 1230 168 1245 «
184 1219 324 1255 Huqoni,
341 1218 442 1246 abbaci
464 1217 588 1253 Majoris
610 1216 786 1244 Jlonascerii
811 1215 1003 1243 Turonensis.
1031 1212 1115 1242 Boni

114 1270 367 1310 patrisfamilias
390 1269 446 1308 qui
471 1286 519 1297 —.
548 1269 621 1297 Dat.
649 1269 857 1301 lutei-amne,
882 1267 930 1296 ΙΙΙ
956 1265 1114 1295 kalendas

110 1323 211 1363 junii,
229 1331 316 1353 anno
334 1322 470 1352 decimo.
492 1333 504 1347 „

183 1525 301 1555 3164

150 1589 256 1621 Perae,
272 1588 509 1618 Transmannae,
526 1587 629 1613 Florae
652 1585 688 1612 de
711 1585 851 1617 Lambre,
868 1585 1045 1617 Palmeriae,
1062 1585 1117 1611 Al-

113 1637 324 1669 debrandinae,
343 1635 579 1667 Boncomandae,
597 1634 707 1666 Gislae,
725 1634 831 1666 Perae,
849 1634 1048 1666 Bellefantae,
1062 1634 1116 1660 Al-

114 1686 228 1718 loritae,
241 1684 415 1712 Audibenae
428 1686 456 1710 et
471 1683 559 1710 matri
571 1683 633 1716 ejus
646 1684 664 1715 ¹,
682 1682 857 1709 mulieribus
874 1681 1037 1714 Perusinis,
1051 1689 1117 1708 con-

66 1744 70 1747 *
112 1735 212 1762 firmat
231 1733 448 1760 concessionem
464 1732 506 1758 eis
526 1732 635 1758 factam
657 1730 693 1758 ab
713 1730 818 1757 abbate
840 1733 868 1756 ct
891 1732 1039 1756 conventu
1054 1738 1117 1756 mo-

114 1782 236 1810 nasterii
261 1781 365 1809 Sancti
392 1780 556 1808 Salvatoris
585 1780 621 1806 de
647 1779 751 1806 Monte
775 1779 884 1811 Acuto,
911 1778 1117 1806 Cisterciensis

114 1831 242 1864 ordinis,
263 1831 299 1857 de
322 1829 447 1857 ecclesia
471 1828 598 1856 Sanctae
617 1828 768 1861 Julianae,
790 1828 826 1854 ad
847 1828 925 1862 ipsos
947 1828 1034 1861 pleno
1054 1828 1118 1861 jure

113 1879 276 1915 spectanti,
295 1879 332 1905 ad
347 1877 576 1905 construendum
593 1877 635 1904 ibi
656 1877 787 1910 ejusdem
804 1876 917 1902 ordinis
933 1875 1116 1902 coenobium.

115 1942 147 1947 —-
163 1928 250 1960 (Rae.
263 1926 308 1960 18,
323 1927 343 1953 f.
358 1925 409 1953 158
424 1928 470 1958 v‘’;
487 1933 556 1952 ann.
573 1925 612 1957 X,
627 1933 652 1951 c.
667 1924 700 1951 92
714 1933 720 1956 ;
735 1939 766 1942 —
783 1924 940 1951 Formas-r
955 1923 1066 1954 10174.)

737 1523 837 1555 Terni,
853 1523 869 1549 2
884 1523 948 1556 juin
965 1522 1043 1549 1236.

158 2047 171 2061 «
188 2035 270 2069 Pere,
287 2034 498 2062 Trausmanne
507 2034 528 2068 ²,
550 2033 635 2061 Flore
654 2032 688 2060 de
710 2032 843 2066 Lambre,
864 2031 1013 2059 Palmerie
1023 2031 1045 2065 ³,
1066 2031 1119 2060 Al-

114 2087 318 2123 debraudinc,
335 2085 580 2120 Boucomande⁴,
602 2085 696 2119 Gisle,
718 2085 804 2118 Pere,
824 2084 1021 2120 Bellesautef’,
1037 2085 1119 2113 Allo-

116 2142 185 2176 rite‚
202 2139 355 2169 Audibene
371 2143 396 2167 et
410 2139 506 2167 matri
519 2139 591 2175 ejus,
612 2137 794 2165 mulieribus
810 2137 978 2165 Perusinis.
993 2135 1119 2166 Gaude-

117 2201 192 2223 mus
213 2192 249 2222 in
268 2191 409 2221 Domino
426 2208 474 2219 —.
492 2191 564 2220 Dat.
583 2190 790 2223 Interamne,
814 2189 882 2218 IIII
901 2197 1004 2218 nonas
1018 2189 1118 2227 junii,

118 2253 206 2275 anno
223 2243 360 2274 decimo.
380 2255 393 2269 n

151 2391 172 2415 1.
193 2389 338 2414 Porrnasr
353 2388 491 2418 imprime,
508 2386 616 2417 d'apres
630 2386 796 2415 Mannioun,
814 2387 937 2409 Annales
954 2387 1122 2410 Cistercien-

118 2429 214 2463 ciurra,⁴
233 2432 279 2461 lv,
298 2432 342 2456 517
359 2438 364 2455 :
383 2439 394 2453 α
412 2431 497 2455 Perae
517 2429 717 2457 Transmadae,
737 2429 834 2453 Florae
854 2429 888 2452 de
909 2429 1038 2457 Lambre,
1059 2429 1121 2453 Pal-

120 2483 212 2502 merae
227 2475 464 2503 Aldrovandinae,
486 2473 672 2498 Boiomandae
689 2473 781 2501 Gisae,
798 2473 883 2496 Perae
902 2473 935 2496 de
951 2473 1123 2502 Bellofonte,

119 2520 253 2545 Alloritae
268 2519 430 2543 Andivenae
445 2521 472 2542 et
489 2517 567 2541 matri
584 2518 673 2547 eJus...
690 2524 702 2539 ι)
718 2529 748 2534 —·
770 2516 790 2540 Il
807 2517 865 2540 faut
881 2517 1036 2547 peut-etre,
1053 2524 1124 2547 pour

118 2565 160 2589 ies
175 2565 247 2589 deux
264 2555 388 2588 ἀεί-111015
403 2566 486 2591 mots,
504 2561 670 2593 interpreter
686 2568 691 2585 ε
709 2562 842 2584 Allorilae
859 2563 1018 2591 Audibene,
1035 2561 1124 2585 Audi-

120 2609 190 2633 bene
203 2608 279 2632 etant
295 2608 367 2632 alors
382 2613 420 2631 un
436 2613 500 2630 nom
517 2606 551 2629 de
566 2605 679 2630 famine.

151 2652 175 2677 2.
200 2654 247 2677 Sic
266 2652 335 2675 dans
362 2652 388 2675 la
411 2650 566 2674 manchette
588 2657 624 2673 ou
645 2649 807 2678 rubricelle;
829 2648 897 2672 dans
917 2649 943 2672 la
963 2650 1095 2680 rubrique
1118 2657 1124 2674 ε

124 2697 329 2720 Transmande.
346 2695 367 2719 11
383 2695 441 2718 faut
456 2694 598 2725 peut—etre
614 2694 665 2716 lire
683 2694 891 2717 Transmunde.

153 2740 177 2765 3.
199 2741 246 2764 Sic
270 2739 339 2764 dans
362 2739 388 2763 la
408 2738 564 2762 manchette
585 2744 622 2761 ou
643 2737 806 2766 rubricelle;
827 2736 895 2760 dans
916 2737 942 2760 la
967 2738 1097 2768 rubrique
1119 2745 1125 2762 :

123 2785 260 2808 Palmere.

154 2827 178 2852 4.
200 2829 246 2852 Sic
267 2827 336 2852 dans
355 2828 381 2851 la
400 2827 557 2851 manchette
577 2833 613 2850 ou
639 2825 801 2853 rubi-ieelim
823 2825 891 2848 dans
917 2825 942 2848 la
967 2826 1099 2856 rubrique
1121 2834 1127 2850 :

125 2873 364 2896 Boncommande.

156 2917 180 2940 5.
196 2915 235 2940 La
249 2916 328 2947 lecon
343 2918 409 2940 Per-e
425 2917 458 2939 de
474 2916 639 2944 Bellofonle,
656 2914 763 2938 donnee
779 2921 827 2944 par
840 2913 991 2941 MANMQUE
1007 2915 1051 2944 (cf.
1067 2915 1129 2946 plus

124 2960 216 2990 haut),
230 2961 331 2984 semble
348 2959 511 2990 preferable.

1232 426 1373 461 Episcopo
1390 427 1551 454 Parisieusi
1575 431 1601 454 et
1624 428 1721 455 abbati
1746 429 1847 455 Sancti
1866 429 1994 455 Vici-wis
2019 430 2195 456 l'arisieusis

1196 475 1317 501 mandat
1338 480 1481 509 quatenus
1504 477 1539 503 =le
1559 477 1695 510 operibus
1716 481 1741 503 vt
1768 478 1918 504 miraculi<
1938 478 2035 504 fratris
2053 478 2195 505 Juliannis

1195 523 1231 549 de
1245 523 1346 550 Monte
1363 524 1508 555 Mirabili,
1525 526 1660 552 uinum-lii
1678 527 1846 553 inminet-:rii
1863 527 1952 559 Longi
1970 527 2081 556 Pontis,
2100 527 2195 561 inqui-

1195 576 1272 600 rant.
1290 576 1316 598 et
1331 573 1527 607 depositiones
1539 574 1658 600 testium
1675 574 1799 601 fideliter
1813 580 1995 604 ·]·¹›115«51·x·‹:ut,
2008 576 2098 602 ‹loucc
2111 584 2197 610 super

1197 620 1249 646 hoc
1267 620 1351 647 Sedis
1369 622 1554 655 Apostolicae
1576 622 1791 656 beneplacitum
1811 624 1983 657 res-eperiut.
2003 639 2032 642 —
2050 625 2136 655 (Hm.
2152 624 2195 653 18.

1197 669 1216 694 f.
1232 668 1282 695 159
1297 672 1333 699 r⁰;
1348 677 1416 695 ann.
1432 669 1471 701 X,
1488 679 1512 696 c.
1530 670 1580 699 93:
1596 685 1627 688 —
1645 670 1776 697 Monam·
1794 671 1875 698 1191.
1895 673 1912 697 f.
1928 673 1976 700 57:
1996 687 2025 690 —
2043 673 2197 699 Por-russi·

1195 716 1306 748 10171.)

1239 831 1250 844 u
1274 819 1321 857 [..]
1338 821 1508 856 episcopor!
1525 843 1543 848 ..
1559 821 1659 849 abbati
1675 822 1780 849 Suus-li
1799 823 1922 850 siz-[nris
1939 822 2193 861 lma-[sim[sibus]

1198 871 1362 900 Mirabilis
1379 873 1465 901 Deus
1486 872 1517 900 111
1538 890 1583 900 -.
1605 873 1695 901 Sicut
1717 874 1803 901 enini
1823 874 1932 903 :lilasi-ti
1954 875 2011 903 lilii
2031 876 2078 912 .]
2097 875 2197 904 abluis

1198 927 1228 952 et
1245 928 1424 953 conventus
1442 925 1633 954 monasterii
1653 926 1878 963 lmugipontis.
1896 927 2128 957 Cisteimziensis
2145 938 2198 957 or-

1197 975 1296 1004 dinis.
1317 976 1569 1005 Suessionensis
1592 977 1751 1007 diocesis.
1770 978 1840 1006 suis
1861 979 1953 1007 nobis
1979 979 2098 1009 litteris
2119 981 2198 1009 inti-

1197 1032 1348 1061 marunt,
1368 1028 1528 1057 Dominus
1548 1033 1674 1058 tantuin
1695 1030 1746 1067 pie
1768 1031 1924 1061 melliorie
1943 1032 2035 1061 fratri
2052 1032 2197 1062 Jolianui

1197 1079 1236 1108 de
1254 1080 1531 1115 Montemirabili,
1550 1081 1710 1111 monacho
1729 1082 1876 1120 ejusdem
1895 1085 2102 1117 monasterii,
2121 1094 2200 1114 con-

1198 1131 1273 1161 tulit
1292 1131 1447 1169 gloriam,
1466 1133 1552 1171 quod
1571 1133 1782 1171 sepulchrum
1807 1135 1876 1172 ejus
1900 1141 1941 1164 tot
1965 1141 1994 1165 et
2022 1138 2121 1166 tantis
2145 1137 2199 1167 dat

1197 1193 1371 1215 coruscare
1399 1186 1586 1220 miraculis,
1612 1191 1645 1215 ut
1668 1187 1754 1216 inter
1773 1188 1855 1216 :ilios
1884 1194 2014 1219 sanctos
2041 1191 2111 1228 ujus
2135 1200 2199 1220 non

1197 1237 1345 1266 invocari
1360 1238 1518 1275 suffragia
1531 1244 1579 1268 est
1595 1239 1778 1277 iudignum.
1794 1243 1901 1276 Quare
1919 1242 2013 1271 nobis
2029 1243 2201 1274 humiliter

1198 1289 1427 1328 supplicarunt
1444 1296 1477 1320 ut
1495 1300 1593 1329 super
1610 1292 1779 1322 miraculis
1798 1303 1860 1331 que
1878 1304 1934 1332 per
1948 1304 2021 1324 euni
2039 1297 2200 1327 Dominus

1197 1347 1362 1380 operatur,
1380 1344 1568 1373 testimonia
1586 1345 1687 1382 recipi
1705 1346 1901 1377 faceremus.
1916 1348 2050 1383 Verum,
2069 1350 2146 1388 quia
2166 1351 2199 1379 in

1199 1400 1263 1424 tam
1281 1401 1394 1425 sancto
1410 1397 1541 1434 negotio
1558 1407 1623 1427 non
1641 1402 1687 1427 est
1705 1399 1770 1427 nisi
1784 1400 1975 1430 maturitate
1992 1406 2021 1430 et
2040 1403 2200 1438 gravitate

1198 1449 1312 1486 previa
1337 1449 1600 1487 procedendum,
1620 1451 1658 1480 de
1681 1451 1976 1489 circumspectione
1997 1459 2103 1484 vestra
2131 1455 2201 1493 ple-

1200 1502 1324 1531 namin
1341 1502 1481 1532 Domino
1498 1503 1654 1532 fiduciam
1667 1503 1867 1539 obtinentes,
1886 1505 2079 1536 discretioni
2094 1513 2202 1538 vestre

1198 1563 1257 1592 per
1275 1555 1455 1593 apostolica
1471 1556 1593 1593 scripta
1608 1556 1802 1586 mandamus
1821 1563 1996 1595 quatenus.
2015 1560 2129 1589 ascitis
2146 1570 2202 1590 vo-

1199 1607 1251 1636 his
1277 1607 1358 1637 viris
1384 1607 1551 1645 religiosis
1583 1613 1614 1638 et
1639 1609 1744 1638 Deum
1773 1610 1988 1641 timentibus.
2014 1613 2054 1642 de
2081 1614 2201 1644 virtute

1199 1669 1328 1690 morum
1345 1664 1377 1690 et
1395 1661 1533 1691 veritate
1550 1661 1732 1699 signorum,
1751 1663 1906 1700 operibus
1922 1664 2074 1695 videlicet
2093 1671 2122 1696 et
2141 1668 2203 1696 mi-

1200 1712 1334 1753 raculis,
1357 1713 1614 1751 diligentissime
1638 1714 1864 1752 inquirentes,
1888 1716 2111 1754 depositiones
2137 1724 2203 1749 tes-

1200 1765 1283 1794 tium
1308 1770 1514 1803 receptorum
1537 1767 1661 1795 tamdiu
1686 1767 1747 1796 suh
1770 1768 1892 1805 sigillis
1912 1771 2031 1799 vestris
2057 1772 2203 1803 inclusas

1200 1817 1343 1847 fideliter
1367 1819 1586 1853 conservetis,
1612 1828 1783 1858 quousque
1807 1829 1906 1858 super
1929 1822 1990 1852 hoc
2017 1829 2126 1854 nostre
2153 1835 2205 1856 re-

1201 1871 1355 1908 ceperitis
1391 1871 1634 1909 heneplacitum
1667 1872 1856 1904 voluntatis.
1892 1875 1965 1904 Dat.
2002 1877 2202 1911 Inter-amne,

1201 1924 1269 1953 IIII
1284 1923 1443 1953 kalendas
1458 1924 1558 1962 junii,
1578 1934 1664 1954 anno
1680 1925 1818 1955 decimo.
1838 1940 1849 1951 n

1272 2101 1390 2129 3166
1816 2106 1915 2138 Terni,
1929 2107 1963 2134 28
1980 2109 2039 2136 mai
2056 2110 2134 2136 1236.

1238 2163 1281 2189 De
1301 2163 1544 2199 Hemme{n]rode
1563 2167 1607 2196 (=
1623 2166 1826 2200 Himmerod)‚
1848 2168 2032 2197 Trevirensis
2054 2172 2206 2206 dioecesis,

1203 2213 1231 2237 et
1244 2211 1280 2237 de
1294 2211 1423 2238 Villario
1439 2213 1785 2248 (=Villers-Bettnach),
1798 2215 1941 2244 Metensis
1955 2219 2106 2253 dioecesis,
2121 2222 2207 2249 abba-

1203 2259 1297 2292 tibus,
1318 2260 1524 2288 Cistereiensis
1539 2262 1666 2295 ordinis,
1685 2278 1716 2281 —
1733 2272 1799 2290 cum
1816 2265 2000 2294 Trevirensis
2013 2270 2207 2304 archiepisco-

1204 2316 1258 2342 pus
1273 2317 1290 2335 a
1304 2308 1379 2336 Sede
1394 2310 1564 2344 Apostolica
1580 2312 1755 2345 postulasset
1769 2317 1799 2340 ut
1816 2314 1884 2347 sibi,
1897 2316 1980 2349 cujus
1994 2317 2135 2345 dioecesis
2146 2323 2208 2347 erat

1204 2356 1322 2389 diffusa,
1336 2358 1544 2385 concederetur
1560 2359 1686 2386 facultas
1700 2368 1809 2389 novum
1824 2362 2024 2398 episcopatum
2041 2367 2160 2394 creandi
2177 2368 2207 2394 in

1205 2405 1382 2432 monasterio
1401 2406 1438 2433 de
1453 2407 1566 2433 Prunia
1584 2409 1629 2439 (=
1645 2408 1778 2439 Prumia,
1795 2420 1829 2431 =
1845 2411 1958 2443 Primi),
1976 2413 2106 2446 ejusdem
2128 2416 2208 2442 dioe—

1205 2452 1289 2485 cesis,
1306 2456 1335 2480 et
1350 2453 1462 2481 ibidem
1478 2455 1656 2482 instituendi
1673 2456 1858 2491 episcopum,
1876 2474 1908 2477 —
1925 2461 2045 2488 mandat
2065 2467 2208 2496 quatenus

1205 2500 1359 2534 inquirant
1374 2502 1399 2528 si
1420 2503 1500 2530 locus
1520 2504 1681 2538 episcopali
1697 2505 1759 2532 sedi
1780 2509 1866 2541 aptus
1887 2509 1994 2536 existat
2015 2514 2041 2536 et
2068 2511 2108 2537 ita
2129 2514 2209 2539 suffi-

1206 2548 1317 2575 cientes
1337 2549 1443 2577 habeat
1464 2552 1636 2584 facultates,
1654 2554 1729 2586 quod
1751 2562 1857 2581 nomen
1879 2556 2043 2591 episcopale
2059 2558 2100 2586 ibi
2119 2560 2210 2587 viles<

1207 2603 1271 2623 cere
1290 2605 1348 2624 non
1369 2599 1538 2633 contingat;
1559 2601 1731 2628 relationem
1751 2610 1850 2629 eorum
1868 2612 1941 2637 quae
1957 2604 2137 2639 invenerint,
2152 2608 2209 2642 ipsi

1206 2655 1299 2680 papae
1315 2649 1530 2676 transmittant.
1550 2665 1581 2668 —
1597 2651 1684 2681 (Rae.
1702 2652 1745 2684 18,
1763 2653 1783 2679 f.
1799 2653 1849 2679 159
1863 2657 1903 2685 1·”’;
1920 2663 1989 2681 ann.
2007 2656 2050 2687 X,
2067 2665 2091 2683 c.
2109 2658 2159 2689 94;
2177 2673 2208 2677 -—

1208 2695 1366 2723 Porrnasr
1379 2697 1488 2728 10170.)

1251 2807 1264 2821 «
1282 2795 1327 2834 [..]
1344 2797 1377 2825 de
1397 2798 1585 2827 Hemmerod.
1610 2803 1635 2827 el
1660 2821 1680 2827 ..
1704 2799 1737 2828 de
1765 2801 1890 2830 l'illario
1908 2802 2074 2838 abbatibus,
2099 2806 2210 2834 sister-

1209 2847 1319 2876 cieusis
1343 2849 1473 2884 ordinis,
1501 2851 1688 2879 Treverensis
1712 2857 1737 2879 e!
1760 2853 1895 2882 Melensis
1914 2854 2076 2884 diocesani.
2102 2858 2211 2888 Vene-

1210 2899 1327 2930 rabilis
1350 2901 1452 2932 frater
1478 2908 1588 2932 noster
1610 2921 1658 2931 —.
1683 2905 1755 2933 Dat.
1782 2906 1984 2938 interamne.
2001 2909 2027 2937 V
2052 2910 2210 2942 kalendas

1208 2952 1308 2991 jiinii,
1327 2962 1414 2983 anno
1431 2954 1568 2985 decimo.
1590 2968 1601 2980 n
