2519 3518
157 342 232 373 1081
1006 335 1230 374 DOUZIEME
1254 335 1411 372 ΑΝΝΕΕ.
2180 341 2253 372 1082

149 408 197 438 ab
211 407 295 447 ipsa.
313 409 382 440 Nec
393 409 492 440 liceat
507 409 665 440 Remensi
678 409 937 448 archiepiscopo,
953 418 1012 440 nec
1025 408 1161 440 Ambia-

156 461 254 492 nensi
275 470 334 492 nec
359 462 460 492 alicui
483 462 647 501 episcopo,
673 462 708 491 in
727 462 844 493 abbate
865 467 897 493 et
917 462 1089 497 fratribus,
1110 461 1161 492 vel

150 512 287 544 clericis
303 514 373 545 sive
399 514 544 550 famulis,
563 519 620 545 aut
640 515 674 545 in
695 514 790 545 laicis
815 515 903 544 infra
923 515 1067 553 prefatas
1087 523 1161 553 par—

157 565 288 596 rochias
311 568 511 602 constitutis,
537 567 798 597 dominationem
822 567 969 606 aliquam
996 575 1159 601 exercere,

157 623 214 649 aut
236 628 291 649 eos
316 620 601 650 excommunicare
627 619 677 650 vel
699 620 908 654 interdicere,
939 624 995 650 aut
1017 619 1162 658 appella-

157 672 265 702 tiones
281 672 321 702 ab
340 673 400 707 eis,
419 672 469 703 vel
484 673 640 705 invicem.
659 672 709 703 vel
727 677 842 703 contra
865 682 920 703 eos
937 673 977 702 ab
996 672 1161 703 extraneis

157 725 273 760 factas,
293 725 404 765 aliquo
420 726 515 756 modo
532 726 689 764 recipere,
708 725 758 756 vel
775 735 831 764 pro
849 726 1079 756 emendatione
1097 725 1162 755 cri-

158 778 286 808 minum
301 778 448 809 actiones
460 787 598 818 querere
613 778 831 817 premiorum;
848 787 954 817 neque
969 783 1161 817 potestatem

158 830 306 870 aliquam
321 831 357 861 in
373 831 642 870 possessionibus
662 831 702 861 ad
720 831 829 870 ipsum
854 831 1092 861 monasterinm
1113 831 1162 861 vel

157 883 259 914 cellas
277 884 348 923 ejus
368 884 624 922 pertinentibus,
644 884 694 915 vel
713 884 746 913 in
772 889 940 922 posterum
957 884 1046 923 juste
1063 889 1094 914 et
1111 893 1163 914 ra-

158 936 364 967 tionabiliter
377 937 600 976 acquirendis.
614 937 679 967 sibi
693 937 836 967 audeant
847 937 1033 967 vendicare.
1048 937 1164 967 Prohi-

159 990 276 1020 bemus
291 998 422 1029 quoque
439 999 480 1020 ne
499 991 682 1021 Remenses
700 989 953 1029 archiepiscopi,
969 990 1020 1020 vel
1034 990 1164 1020 Ambia-

159 1051 280 1073 nenses
312 1043 457 1081 episcopi
494 1047 550 1073 aut
582 1043 658 1077 alii,
696 1042 748 1073 vel
783 1051 896 1073 eorum
929 1043 1083 1081 yconomi
1114 1043 1163 1073 vel

159 1094 396 1130 archidiaconi,
417 1104 475 1125 seu
491 1104 605 1125 eorum
624 1095 746 1130 nuntii,
763 1095 887 1134 absque
901 1099 1010 1125 vestra
1025 1094 1076 1125 vel
1093 1104 1166 1125 ves-

159 1151 284 1177 trorum
313 1147 452 1177 fratrum
474 1148 619 1186 gratuita
642 1148 829 1183 vocatione,
862 1147 903 1177 ad
927 1147 1165 1178 monasterium

160 1204 305 1230 vestrum
324 1200 374 1230 vel
390 1200 460 1230 loca
477 1201 624 1239 predicta
641 1201 813 1236 accedant,
832 1204 888 1230 aut
903 1200 1088 1230 molestiam
1105 1199 1167 1230 ali-

158 1261 259 1290 quam
277 1261 336 1283 seu
359 1253 642 1291 perturbationem
660 1253 818 1287 inferant,
837 1257 893 1283 aut
908 1253 1166 1283 consuetudines

158 1315 276 1344 pravas
293 1315 352 1336 seu
371 1315 472 1336 novas
488 1306 672 1344 imponant.
694 1306 824 1337 Crisma
841 1315 928 1341 vero,
945 1305 1054 1336 oleum
1071 1314 1167 1336 sanc-

158 1364 240 1393 tum,
258 1359 524 1389 consecrationes
542 1359 696 1389 altarium
714 1368 774 1389 seu
789 1358 1016 1393 basilicarum,
1034 1358 1168 1388 ordina—

160 1411 266 1441 tiones
283 1411 521 1441 monachorum
538 1411 588 1441 vel
604 1411 799 1441 clericorum
816 1411 873 1450 qui
890 1411 930 1441 ad
945 1411 1079 1441 ordines
1094 1411 1167 1441 fue-

158 1463 227 1493 rint
255 1463 479 1502 promovendi,
515 1468 547 1493 et
581 1463 646 1493 alia
671 1463 898 1494 ecclesiastica
921 1467 1127 1493 sacramenta
1150 1471 1168 1493 a

157 1524 367 1555 quocumque
385 1516 584 1551 malueritis,
604 1517 796 1555 suscipietis
812 1516 976 1554 episcopo,
991 1516 1019 1545 si
1033 1515 1166 1554 quidem

157 1568 342 1599 catholicus
357 1569 460 1599 fuerit
476 1573 507 1599 et
523 1569 663 1607 gratiam
676 1573 774 1608 atque
786 1569 1053 1599 communionem
1067 1569 1167 1606 Apos-

156 1621 255 1652 tolice
271 1621 367 1652 Sedis
384 1621 550 1656 habuerit,
571 1627 602 1652 et
617 1631 655 1652 ea
671 1621 765 1652 vobis
782 1621 886 1659 gratis
903 1626 934 1651 et
950 1621 1075 1660 absque
1092 1630 1166 1659 pra-

158 1672 259 1703 vitate
282 1672 394 1712 aliqua
414 1673 557 1703 voluerit
573 1673 749 1708 exhibere;
778 1673 836 1712 qui
859 1673 1029 1708 nimirum,
1054 1677 1164 1702 nostra

152 1726 262 1756 fret-us
278 1726 486 1761 auctoritate,
501 1726 588 1765 quod
604 1726 800 1764 postulatur,
816 1725 1000 1763 indulgeat.
1015 1725 1165 1756 Obeunte

157 1787 235 1809 vero
252 1783 293 1814 te,
321 1787 410 1809 nunc
432 1779 580 1818 ejusdem
607 1779 671 1809 loci
699 1779 816 1808 abbate
841 1783 914 1813 etc.,
938 1788 1043 1817 usque
1067 1788 1073 1807 τ
1101 1778 1165 1808 nisi

157 1840 257 1870 quem
276 1836 404 1861 tantum
425 1832 545 1862 fratres
568 1837 642 1867 eto,
664 1841 768 1870 usque
789 1842 795 1860 :
820 1831 909 1861 beati
926 1831 1098 1861 Benedicti
1115 1840 1166 1861 re-

157 1884 279 1921 gulam,
302 1884 340 1914 de
363 1884 478 1914 eodem
500 1883 649 1922 collegio,
675 1883 725 1914 vel
748 1883 886 1914 alterius
909 1883 1051 1918 cenobii,
1072 1884 1100 1913 si
1120 1883 1165 1913 ibi

153 1937 280 1976 valiquis
306 1936 345 1967 ad
375 1936 436 1966 hoc
461 1937 609 1975 regimen
638 1937 758 1974 dignus
790 1941 940 1974 repertus
965 1945 1029 1966 non
1052 1936 1164 1966 fuerit.

158 1989 361 2028 providerint
386 1989 595 2027 eligendum;
623 1989 691 2028 qui,
716 1989 807 2027 juxta
834 1989 1005 2027 antiquam
1028 1988 1166 2019 ecclesie

159 2046 267 2072 vestre
288 2042 575 2077 consuetudinem,
601 2051 619 2071 a
643 2050 851 2081 quocumque
875 2041 1061 2071 malueritis
1079 2041 1167 2080 epis-

159 2103 238 2133 copo
261 2099 483 2124 consecretur.
508 2094 696 2132 Apostolica
720 2094 858 2132 insuper
883 2094 1078 2124 auctoritate
1101 2099 1167 2124 sta-

160 2147 285 2177 tuimus
304 2152 334 2177 et
350 2147 412 2177 sub
428 2147 699 2177 interminatione
716 2146 939 2177 anathematis
954 2146 1167 2184 prohibemus

162 2209 202 2230 ne
224 2200 360 2230 abbates
377 2200 477 2230 vestri
493 2200 550 2238 qui
568 2209 626 2238 pro
643 2204 787 2238 tempore
810 2199 946 2234 fuerint,
963 2198 1092 2233 altaria,
1111 2199 1168 2229 de-

157 2253 280 2289 cimas,
306 2252 510 2291 prebendas¹
536 2251 747 2282 monachales
770 2251 882 2290 aliquo
904 2251 1001 2281 titulo
1021 2251 1167 2281 alienare

160 2310 364 2344 presumant,
385 2314 445 2335 nec
462 2305 544 2335 alias
560 2304 790 2343 possessiones
807 2304 1002 2334 monasterii
1019 2313 1077 2333 seu
1095 2303 1166 2334 the-

159 2367 276 2389 sauros
293 2358 446 2393 vendere,
465 2357 612 2395 obligare
631 2366 689 2387 seu
708 2357 892 2391 infeudare,
911 2357 983 2386 sine
1000 2356 1167 2386 communi

160 2420 300 2442 assensu
317 2410 465 2449 capituli,
484 2410 534 2440 vel
551 2410 685 2449 majoris
702 2414 758 2439 aut
774 2409 917 2439 sanioris
929 2409 1032 2447 partis
1048 2409 1166 2447 ipsius.

161 2464 372 2504 aliquatenus
389 2463 544 2493 audeant.
562 2463 611 2492 Ad
628 2462 687 2492 hec
704 2467 815 2492 autem
827 2462 990 2492 adicimus
1007 2471 1047 2491 ne
1063 2461 1167 2500 aliqui

160 2517 314 2548 monachi
344 2526 403 2547 seu
427 2516 578 2546 conversi
603 2516 664 2546 sub
690 2515 895 2554 professione
917 2515 1033 2544 domus
1060 2519 1167 2545 vestre

159 2571 304 2605 astricti,
327 2570 399 2600 sine
416 2578 582 2599 consensu
601 2568 731 2598 abbatis
754 2572 785 2598 et
808 2568 943 2607 majoris
965 2576 1000 2596 ac
1024 2567 1167 2597 sanioris

160 2623 264 2662 partis
287 2622 424 2661 capituli
444 2622 560 2657 vestri,
588 2630 645 2660 pro
672 2621 783 2660 aliquo
806 2620 1033 2659 fidejubea[n]t
1056 2620 1106 2650 vel
1128 2620 1168 2650 ab

159 2676 272 2715 aliquo
282 2676 457 2714 pecuniam
469 2679 582 2704 mutuo
595 2674 758 2712 accipiant
774 2673 861 2703 ultra
873 2673 1015 2711 pretium
1031 2672 1167 2711 capituli

161 2729 262 2760 vestri
276 2728 468 2758 rationabili
484 2727 692 2766 providentia
703 2726 892 2756 diffinitum.
908 2726 1000 2762 Quod
1017 2726 1045 2755 si
1060 2726 1167 2756 facere

161 2781 436 2821 presumpserint,
454 2789 519 2810 non
533 2784 684 2810 teneatur
698 2783 879 2809 conventus
891 2787 949 2816 pro
964 2778 1029 2807 hiis
1042 2777 1167 2816 aliqua-

162 2840 259 2866 tenus
291 2834 502 2873 respondere.
530 2833 695 2864 Indictum
726 2836 854 2862 autem.
889 2831 973 2861 sicut
1008 2831 1168 2861 hactenus

198 2960 218 2984 l.
241 2960 291 2984 Les
313 2963 382 2984 mots
400 2967 404 2983 :
424 2968 434 2982 «
451 2959 560 2985 altaria,
582 2959 716 2985 decimas,
738 2956 891 2988 prebendas
907 2964 919 2978 u
937 2955 1069 2979 resultent
1089 2955 1170 2979 d'une

160 3005 330 3028 correction.

1243 407 1443 438 Corbeiense
1473 408 1711 439 monasterium
1741 407 1908 438 celebrare
1935 407 2125 443 consuevit,
2159 407 2252 437 vobis

1243 460 1486 495 confirmamus,
1513 464 1545 491 et
1569 469 1609 491 ne
1627 460 1726 500 qui[s]
1749 469 1804 490 eos
1826 461 1883 499 qui
1903 460 1943 490 ad
1961 460 2070 499 ipsum
2089 468 2252 490 convene-

1245 513 1321 547 rint,
1339 513 1374 542 in
1388 522 1501 543 eorum
1518 513 1613 543 bonis
1630 513 1681 543 vel
1702 512 1736 542 in
1757 513 1910 552 personis
1933 513 2099 543 offendere
2117 512 2166 542 vel
2184 521 2254 542 mo-

1244 565 1363 595 lestare
1392 569 1576 604 presumat,
1608 565 1803 595 auctoritate
1824 565 2003 603 apostolica
2027 565 2251 603 prohibemus.

1247 617 1318 648 lllis
1341 627 1416 648 vero
1436 618 1493 657 qui
1517 617 1625 648 locum
1651 619 1759 656 ipsum
1782 618 1816 647 in
1841 618 1901 648 hac
1918 618 1979 653 die,
2001 618 2186 648 devotionis
2202 618 2255 648 in—

1246 669 1341 704 tuitu,
1351 670 1560 700 visitaverint
1572 674 1602 700 et
1615 670 1776 700 beneficia
1784 670 1814 700 ei
1827 670 2038 704 contulerint,
2054 670 2093 700 de
2106 670 2255 709 injuncta

1245 723 1292 753 uis
1313 723 1497 761 penitentia
1519 723 1739 762 quadraginta
1761 723 1831 753 dies
1855 723 2052 753 auctoritate
2075 722 2255 761 apostolica

1247 775 1442 806 relaxamus.
1462 775 1625 814 Hospitali
1641 780 1749 806 autem
1770 780 1888 811 vestro,
1907 775 1993 815 quod
2011 776 2155 814 portaria
2171 775 2256 805 dici-

1247 834 1308 863 tur,
1326 829 1471 859 decimas
1493 838 1512 859 a
1530 828 1702 859 catholicis
1727 829 1833 867 ipsius
1856 828 1919 859 loci
1937 828 2112 858 abbatibus
2131 832 2162 858 et
2179 827 2255 858 aliis

1247 881 1306 911 Dei
1317 881 1470 912 fidelibus
1487 881 1730 912 rationabiliter
1746 890 1932 915 concessas,
1952 881 2148 911 auctoritate
2164 889 2258 919 apos-

1247 934 1344 964 tolica
1360 934 1606 964 confirmamus.
1631 934 1678 963 Ad
1705 934 1866 963 indicium
1892 938 2002 963 autem
2019 934 2106 972 quod
2123 941 2257 963 monas-

1247 987 1367 1017 terium
1384 991 1530 1017 vestrum
1541 986 1730 1025 specialiter
1743 987 1782 1016 ad
1795 987 1850 1025 jus
1867 992 1896 1017 et
1916 987 2149 1025 proprietatem
2168 986 2255 1016 beati

1250 1039 1338 1069 Petri
1359 1039 1532 1078 pertineat,
1559 1043 1589 1069 et
1615 1044 1764 1077 pei-cepte
1782 1048 1798 1068 a
1821 1040 1969 1069 Romana
1989 1039 2135 1069 Ecclesia
2154 1038 2256 1068 liber-

1250 1093 1336 1128 tatis,
1351 1092 1483 1122 unciam
1498 1092 1570 1121 auri
1588 1092 1682 1121 nobis
1697 1092 1884 1130 nostrisque
1896 1092 2144 1122 successoribus
2156 1091 2254 1121 annis

1249 1144 1391 1183 singulis
1412 1144 1616 1182 persolvetis.
1638 1144 1855 1174 Decernimus
1872 1153 1948 1181 ergo
1966 1149 1997 1173 ut
2018 1144 2100 1174 nulli
2120 1144 2254 1174 omnino

1250 1197 1422 1227 hominum
1438 1197 1535 1227 liceat
1558 1197 1797 1227 monasterium
1821 1201 1966 1227 vestrum
1988 1206 2060 1226 cum
2080 1197 2256 1235 sepedicti>-

1250 1250 1434 1288 parrochiis
1454 1255 1575 1281 temere
1594 1250 1798 1288 perturbare,
1820 1249 1869 1279 vel
1887 1254 2014 1279 vestras
2030 1248 2258 1287 possessiones

1250 1304 1392 1337 auferre,
1405 1303 1457 1334 vel
1473 1303 1600 1333 ablatas
1617 1307 1691 1337 etc.,
1708 1311 1812 1341 usque
1828 1313 1833 1330 :
1853 1303 2024 1340 profutura
2038 1312 2042 1335 ;
2057 1301 2147 1331 salva
2162 1301 2257 1331 Sedis

1251 1356 1437 1395 Apostolice
1461 1356 1665 1386 auctoritate.
1694 1356 1729 1386 Si
1754 1364 1818 1394 qua
1845 1355 1948 1393 igitur
1971 1355 2003 1383 in
2026 1355 2174 1384 futurum
2195 1359 2255 1384 etc.

1250 1410 1387 1440 Cunctis
1408 1414 1517 1440 aulem
1542 1414 1616 1444 etc.,
1638 1418 1744 1448 usque
1769 1419 1774 1437 :
1799 1408 1982 1438 inveniant.
2004 1410 2120 1437 Amen.
2141 1408 2256 1437 Amen.

1252 1465 1368 1493 Amen.
1391 1464 1464 1493 Dat.
1490 1462 1657 1496 Laterani,
1679 1471 1736 1500 per
1752 1470 1888 1491 manum
1905 1461 2056 1498 magistri
2073 1460 2257 1491 Guilielmi.

1250 1514 1370 1546 Sancte
1386 1517 1534 1546 Romane
1555 1515 1702 1545 Ecclesie
1722 1513 1986 1544 vicecancellarii
2005 1519 2034 1543 et
2061 1513 2181 1543 notarii
2203 1513 2260 1542 do-

1251 1569 1334 1598 mini
1354 1577 1446 1607 pape,
1470 1569 1501 1598 II
1524 1567 1683 1597 kalendas
1701 1566 1789 1606 julii,
1814 1566 1996 1596 indictione
2021 1567 2079 1599 XI,
2102 1567 2261 1596 Incarna-

1251 1622 1351 1652 tionis
1375 1621 1548 1652 Dominice
1571 1629 1658 1651 anno
1682 1619 2025 1659 M⁰CC⁰XXXVIII[⁰],
2049 1619 2260 1657 pontificatus

1250 1684 1326 1705 vcro
1343 1675 1446 1705 donni
1459 1674 1611 1712 Gregorii
1629 1683 1709 1712 pape
1726 1674 1805 1703 noni
1823 1682 1909 1703 anno
1926 1673 2128 1703 duodecimo.
2151 1684 2163 1698 n
2285 1670 2297 1679 ''

1318 1833 1376 1860 4⁴
1383 1833 1437 1860 10

1286 1896 1401 1922 Decano
1415 1894 1621 1922 Cameracensi
1643 1894 1764 1920 mandat
1783 1898 1937 1927 quatenus.
1956 1908 1985 1910 —
2003 1901 2067 1919 cum
2085 1893 2120 1919 dc
2138 1893 2251 1919 meritis

1842 1832 1962 1863 Lati-an,
1977 1831 2010 1857 ’ΞΤ
2025 1831 2088 1864 juin
2105 1830 2183 1857 1238.

1249 1952 1352 1970 causae
1368 1952 1380 1967 (ι
1399 1952 1453 1977 que
1467 1943 1545 1969 inter
1562 1943 1679 1969 fratrem
1696 1942 1743 1971 O..
1761 1942 1934 1967 heremitam
1951 1941 2062 1967 Montis
2076 1941 2177 1967 Sam-ti
2196 1941 2254 1974 Sy-

1251 2000 1263 2016 »
1286 1991 1408 2023 meonis,
1423 1991 1632 2017 Nox-inmensis
1647 1990 1782 2021 diocesis,
1798 1998 1832 2016 ex
1847 1994 1929 2023 part-2
1946 1998 2013 2018 una,
2031 1993 2057 2015 et
2075 2011 2091 2016 ..
2109 1989 2252 2015 ‹iocanum

1251 2049 1263 2065 ι)
1284 2043 1312 2067 et
1328 2040 1491 2074 capitulum
1505 2039 1731 2069 Noviomenses,
1746 2047 1780 2064 ex
1795 2039 1897 2065 altera.
1913 2046 1999 2071 super
2016 2038 2077 2072 ipsa
2095 2039 2211 2064 heremo
2228 2040 2256 2063 et

1251 2097 1264 2114 υ
1286 2089 1475 2123 pertinentiis
1491 2088 1563 2121 ejus,
1580 2087 1730 2121 dampnis,
1752 2087 1871 2120 injuriis
1894 2092 1920 2113 et
1943 2087 2027 2113 rebus
2043 2086 2111 2113 aliis
2129 2094 2142 2111 ι)
2160 2088 2256 2113 verte-

1250 2138 1345 2168 batur,
1358 2145 1408 2171 per
1419 2146 1451 2163 ea
1463 2146 1536 2170 quac
1547 2144 1644 2163 coram
1658 2133 1835 2170 G[uifrodo],
1852 2134 2009 2161 Sabinonsi
2024 2134 2170 2168 episcopo,
2186 2137 2256 2160 tunc

1250 2186 1331 2212 tituli
1347 2185 1450 2212 Sancti
1464 2185 1558 2212 Marci
1574 2185 1744 2219 presbytero
1758 2183 1917 2210 cardinali.
1931 2191 2016 2216 quem
2031 2182 2092 2216 ipse
2105 2190 2180 2216 papa
2191 2190 2258 2215 par—

1250 2235 1328 2261 tibus
1344 2238 1526 2261 concesserat
1539 2234 1715 2264 auditorem,
1733 2234 1847 2258 fuerant
1864 2231 2022 2265 proposita,
2041 2240 2096 2257 non
2116 2230 2258 2264 potuisset

1251 2283 1372 2317 liquere,
1390 2297 1421 2301 —-
1438 2286 1526 2309 testes
1542 2290 1612 2316 quos
1628 2278 1751 2315 utraique
1768 2289 1835 2315 pars
1852 2288 1939 2314 super
1955 2279 2090 2305 articulis
2107 2279 2142 2305 ad
2160 2279 2255 2313 ipsum

1249 2332 1393 2358 decanum
1411 2331 1465 2358 sub
1485 2331 1566 2357 bulla
1587 2330 1781 2361 transmissis,
1805 2337 1901 2355 coram
1927 2329 1988 2362 ipso
2011 2328 2120 2354 decano
2140 2327 2257 2353 (luxerit

1250 2380 1461 2414 producendos,
1481 2379 1605 2413 recipiat
1625 2382 1653 2404 et
1673 2378 1838 2408 cxaminet;
1863 2385 1961 2403 eorum
1983 2376 2180 2410 depositiones
2205 2375 2258 2402 sub

1249 2428 1347 2462 sigillo
1362 2436 1413 2454 suo
1427 2428 1556 2454 inclusas
1572 2427 1608 2453 ad
1623 2427 1718 2460 ipsum
1738 2434 1843 2460 papam
1862 2425 2060 2452 transmittat,
2077 2430 2102 2449 et
2126 2423 2258 2458 partibus

1250 2477 1410 2503 terminum
1431 2475 1660 2510 peremptorium
1680 2476 1894 2508 competentem
1916 2473 2065 2507 praefigat.
2088 2480 2144 2506 qun
2160 2480 2255 2498 corani

1251 2526 1312 2559 ipso
1329 2533 1405 2559 papa
1420 2526 1623 2558 compareant;
1641 2523 1677 2549 ad
1694 2531 1759 2549 cum
1781 2522 1912 2548 diversos
1928 2521 2044 2547 libellos
2060 2529 2156 2547 coram
2175 2529 2258 2554 prae-

1249 2574 1328 2600 dicto
1349 2572 1493 2600 cardinali
1512 2572 1580 2598 hinc
1598 2571 1666 2598 inde
1683 2574 1829 2604 porrectos
1852 2570 1906 2596 sub
1927 2578 1979 2595 sua
2000 2569 2079 2595 bulla
2098 2569 2201 2594 mittit.
2225 2583 2256 2586 —

1250 2623 1336 2653 (linc.
1354 2622 1398 2653 19,
1416 2622 1435 2647 f.
1453 2621 1486 2647 35
1503 2623 1547 2651 v⁰;
1565 2620 1716 2649 ann.X11,
1735 2619 1849 2649 e.175.)

1293 2736 1305 2749 «
1327 2746 1345 2752 ..
1365 2723 1475 2752 decano
1493 2721 1716 2750 Cameracensi.
1737 2719 1774 2748 In
1793 2726 1892 2747 causa
1914 2727 1975 2755 quc
1999 2734 2049 2746 —-.
2072 2717 2144 2745 Dat.
2164 2716 2258 2745 Late·

1254 2775 1336 2805 rani.
1356 2776 1384 2804 V
1400 2773 1558 2804 kalendas
1573 2772 1661 2811 julii,
1680 2780 1766 2800 anno
1784 2770 1988 2800 duodecimo.
2012 2781 2023 2793 n

1323 2933 1436 2960 44⁴¹

1290 2995 1426 3027 Roberto,
1441 2993 1648 3020 archidiacono
1667 2989 1814 3017 Ros-<onst
1832 3003 1862 3006 —
1880 2988 1937 3015 cui.

1796 2928 1924 2961 Anagni.
1942 2927 1974 2953 15
1988 2927 2086 2960 juillet
2109 2926 2186 2952 1238.

1964 3000 1966 3005 ·
1987 2995 2051 3013 trun]
2071 2987 2142 3013 oliui
2160 2986 2260 3013 archi-
