2519 3518
141 291 195 321 961
995 289 1215 325 norzffliffi
1239 290 1396 326 ANNEE.
2185 304 2242 334 95⁶2

178 363 280 388 4238.
302 375 334 379 —
355 361 387 388 In
409 361 534 388 eundem
558 361 676 388 moduni
701 382 719 387 ..
740 363 875 394 potestati,
893 363 1039 387 ‹misiliuet
1055 362 1152 394 pupulo

143 409 272 436 Civitatis
286 410 448 436 Castellum.

178 461 279 485 4239.
301 473 333 476 —
355 459 386 485 ln
408 458 533 485 eundem
559 458 678 485 modum
701 479 719 484 ..
741 461 875 491 potestati,
892 460 1040 484 comilmct
1055 459 1152 492 sopato

147 507 377 540 Tuscanrnsibus,
396 507 533 541 spiritum
552 507 670 534 consilii
683 507 819 533 sanioris.

216 700 337 729 4240
720 701 842 733 Latran,
860 702 895 728 1⁰
910 701 986 727 avril
1001 701 1080 728 1238.

178 762 410 797 Archiepiseopo
426 763 656 797 Rothomagensi
668 763 785 790 diversa
802 763 941 790 mandata
957 763 1018 795 dat,
1033 771 1150 789 causam

143 811 222 838 inter
237 810 372 838 abbatem
398 814 637 845 conventumque
660 811 762 838 Sancti
783 811 900 838 Nicolai
917 811 1151 844 Andegavensis,

144 867 180 886 ex
195 867 253 886 una
275 862 368 893 parte,
390 862 418 886 et
435 859 560 894 priorem
579 862 818 893 conventumque
843 859 878 886 de
902 859 1057 893 Spalding,
1079 859 1152 886 Lin-

145 904 305 930 colniensis
319 903 472 936 dioecesis,
485 912 520 930 ex
537 905 641 935 altera,
657 912 744 938 super
761 904 941 937 possessione
958 904 1103 937 prioratus
1116 903 1152 930 de

144 952 300 987 Spalding,
315 956 343 979 et
358 961 445 986 super
458 953 604 980 irritanda
618 952 744 986 quadam
758 952 970 986 compositione
986 952 1056 979 olim
1076 952 1151 978 inita

143 1001 222 1028 inter
245 1004 356 1036 partes.
380 1005 524 1033 exortam,
552 1001 766 1035 contingentia,
791 1001 946 1035 praecipue
967 1001 1002 1027 de
1027 1000 1152 1027 testibus

144 1050 353 1076 examinandis
384 1058 543 1084 eorumque
576 1049 665 1076 dictis
699 1049 729 1076 in
765 1049 883 1083 scriptis
913 1049 1089 1081 redigendis.
1119 1063 1151 1066 —

144 1098 229 1130 (Rea.
254 1098 295 1130 19,
318 1100 338 1125 f.
357 1099 372 1125 3
389 1105 436 1131 v⁰;
453 1106 524 1125 ann.
537 1098 605 1131 XII,
623 1097 710 1130 c.18;
728 1113 759 1116 —
777 1099 814 1124 cf.
830 1105 925 1130 supro.
944 1101 972 1124 η’
988 1098 1080 1128 2116.)

186 1225 199 1239 «
217 1235 236 1241 ..
251 1214 477 1251 archiepiscopo
489 1213 731 1250 liothomaqensi.
747 1212 957 1242 Presentium
968 1212 1027 1242 tibi
1040 1217 1152 1242 aucto-

145 1265 242 1295 ritate
258 1266 454 1296 mandamus
467 1270 642 1304 quatenus,
661 1265 696 1294 in
712 1274 813 1295 eausa
831 1274 894 1304 que
909 1265 997 1294 inter
1015 1288 1035 1293 ..
1051 1264 1152 1294 abba-

145 1323 210 1349 tem
236 1323 268 1348 et
293 1323 491 1348 conventum
523 1318 636 1348 Sancti
663 1317 793 1348 Nicolai
821 1317 1080 1355 Andegavensis,
1114 1326 1151 1347 ex

145 1375 236 1409 parte
259 1380 338 1407 una,
365 1375 396 1401 et
423 1394 443 1400 ..
469 1371 613 1409 priorem
639 1375 670 1401 et
693 1375 891 1400 conventum
915 1370 954 1400 de
980 1369 1149 1408 Spalding,

144 1423 391 1454 Lincolniensis
407 1424 560 1458 diocesis,
582 1432 619 1454 ex
639 1423 753 1458 altera,
775 1432 874 1461 super
892 1432 929 1453 eo
945 1423 1033 1462 quod
1050 1423 1152 1453 iidem

144 1476 246 1507 abbas
267 1481 298 1507 et
319 1481 500 1507 conventus
523 1485 558 1506 se
580 1475 620 1506 ab
641 1476 724 1514 ipsis
747 1476 856 1514 priore
875 1481 905 1506 et
928 1480 1092 1506 conventu
1114 1475 1152 1505 de

145 1529 305 1568 Spalding
330 1529 541 1568 possessione
569 1528 786 1568 subjectionis
811 1529 959 1568 ejusdem
986 1529 1152 1566 prioratus

143 1587 297 1613 asserunt
318 1582 487 1621 spoliatos,
512 1586 543 1612 et
565 1591 664 1620 super
681 1581 844 1611 irritanda
862 1581 1003 1621 quadam
1022 1589 1154 1619 compo-

144 1634 265 1665 sitione
281 1635 360 1665 olim
382 1635 467 1665 inita
490 1635 578 1665 inter
600 1639 721 1674 partes,
744 1639 775 1665 et
791 1635 890 1665 rebus
907 1635 983 1665 aliis
1000 1635 1151 1668 vertitur,

144 1687 184 1718 ab
200 1687 326 1718 eisdem
344 1687 461 1718 abbate
485 1696 521 1717 ae
542 1688 662 1726 priore,
687 1688 821 1718 nomine
838 1697 898 1718 suo
915 1692 945 1718 et
966 1688 1002 1717 in
1024 1687 1153 1718 animas

143 1745 366 1771 conventuum
387 1740 578 1776 eorundem,
599 1740 651 1770 vel
672 1741 808 1780 majoris
830 1745 862 1771 et
883 1741 1027 1771 sanioris
1049 1741 1153 1779 partis

143 1793 302 1832 ipsorum,
321 1793 652 1831 receptojuramento
669 1793 706 1824 de
724 1794 863 1824 veritate
875 1793 1025 1828 dicenda,
1043 1794 1153 1832 injun-

145 1855 202 1885 gas
224 1846 321 1876 dictis
344 1846 456 1876 abbati
479 1850 510 1876 et
527 1846 631 1884 priori
655 1850 702 1881 ut,
729 1850 795 1876 tam
813 1841 964 1884 ponendo
981 1855 1080 1884 quam
1101 1855 1154 1876 re-

143 1899 346 1938 spondendo,
371 1899 481 1928 dicant
505 1899 679 1929 veritatem
698 1908 796 1937 quam
814 1907 913 1937 super
930 1898 1153 1937 positionibus

143 1952 204 1983 tibi
224 1952 286 1982 sub
305 1951 396 1982 bulla
420 1956 533 1981 nostra
552 1951 762 1981 transmissis
776 1953 797 1984 ¹,
815 1951 881 1989 ipsi
899 1951 1020 1986 sciunt,
1045 1957 1075 1981 et
1097 1960 1155 1990 per

142 2005 218 2036 illos
242 2005 443 2043 intelligent,
466 2005 501 2034 in
528 2013 667 2043 quorum
692 2005 821 2034 animas
840 2005 1049 2044 juraverunt.
1074 2005 1154 2034 Pre-

145 2063 234 2089 terea
257 2058 455 2096 singillatim
478 2066 577 2096 super
598 2057 746 2096 quolibet
765 2057 801 2086 in
820 2057 967 2096 qualibet
991 2057 1154 2095 composi-

144 2112 233 2142 tione
245 2115 410 2147 cont-ento,
429 2111 531 2141 facias
547 2120 564 2140 a
575 2110 726 2149 partibus
740 2110 943 2140 sufficienter
957 2110 997 2140 ad
1009 2110 1153 2140 invicem

143 2165 348 2204 responderi,
378 2164 470 2194 nulla
491 2173 626 2202 prorsus
653 2163 694 2193 ab
716 2163 764 2193 eis
789 2172 887 2201 super
907 2163 990 2201 ipsis
1016 2162 1154 2201 positio-

143 2218 242 2249 nibus
259 2217 520 2247 contradictione
538 2221 678 2254 recepta.
699 2216 778 2246 Sine
791 2216 980 2254 juramento
997 2220 1119 2249 autem,
1137 2224 1155 2245 a

143 2271 272 2302 sindico
301 2271 477 2309 utriusque
510 2270 630 2308 partis,
666 2269 754 2308 quod
783 2269 863 2299 sciat
895 2269 933 2299 de
963 2268 1153 2308 hujusmodi

142 2323 366 2363 positionibus
391 2323 443 2353 vel
467 2323 589 2357 credat,
616 2322 780 2361 inquiras.
804 2322 918 2352 Testes
946 2321 1046 2351 etiam
1072 2330 1154 2360 quos

144 2386 243 2416 super
259 2376 410 2407 articulis
427 2376 488 2406 sub
508 2376 623 2406 eadem
643 2375 734 2405 bulla
756 2373 976 2409 transmissis,
994 2383 1069 2412 pars
1085 2374 1153 2404 dic-

143 2435 252 2461 torum
278 2429 400 2468 prioris
427 2434 458 2459 et
486 2433 667 2458 conventus
693 2428 822 2457 duxerit
847 2427 1085 2466 producendos,
1114 2427 1153 2457 ad

143 2482 368 2522 reprobandos
390 2486 490 2512 testes
513 2481 617 2520 partis
641 2480 778 2511 alterius
799 2481 834 2509 in
856 2489 955 2510 causa
976 2480 1152 2518 principali

143 2535 330 2575 productos,
350 2543 491 2573 quorum
514 2533 650 2563 nomina
671 2533 706 2562 in
731 2532 856 2562 eisdem
877 2531 1028 2562 articulis
1049 2531 1154 2561 conti-

143 2592 276 2623 nentur,
298 2596 405 2626 usque
429 2587 469 2616 ad
485 2586 645 2616 kalendas
668 2585 857 2615 novembris
879 2584 1026 2623 proximo
1049 2584 1154 2614 futuri

145 2641 330 2675 examines,
364 2639 546 2670 secundum
577 2639 713 2668 adverse
744 2638 848 2676 partis
880 2637 1151 2675 interrogatoria,

145 2702 209 2733 que
233 2693 293 2722 tibi
319 2692 381 2723 sub
404 2692 519 2722 eadem
541 2691 632 2721 bulla
661 2690 932 2724 transmittimus,
957 2689 1152 2727 diligentem

144 2746 251 2785 primo
268 2749 379 2776 tamen
409 2745 445 2774 in
461 2753 638 2783 personam
655 2743 831 2782 cujuslibet
849 2743 942 2772 testis
964 2751 982 2772 a
997 2741 1154 2780 predictis

176 2877 197 2901 1.
215 2877 248 2900 Ni
266 2884 312 2900 ces
326 2878 485 2906 positiones
500 2876 528 2898 ni
544 2876 583 2899 les
596 2879 687 2898 autres
703 2874 796 2905 pieces
814 2881 935 2897 annexes
953 2874 1086 2902 finienti,
1107 2874 1153 2896 in-

143 2923 339 2952 terrogatoria)
359 2921 518 2944 annoncees
540 2920 602 2950 plus
622 2920 678 2943 loin
701 2919 769 2942 dans
790 2923 861 2942 cette
882 2919 964 2947 bulle,
984 2924 1016 2940 ne
1037 2918 1155 2948 figurent

144 2965 212 2989 dans
227 2966 252 2989 le
267 2967 402 2995 Reyistre.

267 3015 454 3047 GREG01RE
473 3021 526 3051 1x,
545 3024 563 3045 t.
583 3021 616 3044 11.

1236 360 1352 392 abbate
1375 366 1405 392 et
1424 368 1588 392 conventu
1608 364 1766 402 producti,
1789 366 1874 395 sacta
1895 366 2090 404 singillatim
2111 369 2241 406 specifi-

1235 413 1364 444 catione
1379 414 1556 444 criminum
1570 420 1599 446 et
1615 416 1755 446 aliorum
1770 417 1970 456 objectorum
1989 419 2052 449 sibi
2067 420 2100 449 in
2116 420 2239 451 eisdem

1236 466 1385 496 articulis
1401 472 1639 498 contentorum.
1661 470 1694 499 Si
1712 478 1788 499 vero
1802 470 1880 500 dicti
1895 471 1996 501 abhas
2013 477 2043 501 et
2059 478 2241 504 conventus

1236 524 1336 550 testes
1361 520 1491 559 aliquos
1514 530 1623 551 coram
1649 527 1677 552 te
1701 523 1914 561 produxerint
1937 529 2048 554 contra
2072 529 2171 555 testes
2201 526 2241 555 al»

1236 572 1360 602 eisdem
1378 573 1484 611 priore
1502 578 1531 604 et
1548 579 1710 605 conventu
1725 576 1962 614 producendos,
1974 577 2067 616 juxta
2084 578 2241 608 articulos

1235 633 1317 663 quos
1341 625 1405 663 ipsi
1428 626 1528 656 abhas
1548 631 1579 656 et
1599 632 1780 658 conventus
1805 629 1863 657 tibi
1888 638 1986 667 super
2011 631 2240 668 reprobatiorw

1237 678 1369 708 testium
1391 678 1553 708 dictorum
1578 680 1698 718 prioris
1722 685 1752 710 et
1775 686 1956 711 conventus
1977 682 2011 711 in
2028 682 2141 713 eadem
2165 693 2240 722 pro—

1235 730 1409 766 duxerunt,
1428 732 1586 770 recipere.
1603 741 1638 762 ac
1655 742 1710 763 eos
1726 742 1831 772 usque
1847 734 1886 763 ad
1903 734 2060 765 kalendas
2081 736 2238 766 februarii

1235 783 1382 821 proximo
1404 784 1508 813 futuri
1532 784 1709 823 diligenter
1732 787 1920 817 examinare
1946 796 2112 826 procures,
2138 789 2240 819 simili

1235 837 1479 874 specificatione
1502 838 1679 868 criminum
1705 844 1735 868 et
1758 839 1898 870 aliorum
1923 850 1986 879 que
2010 846 2123 871 contra
2140 847 2240 873 testes

1235 889 1412 919 eorundem
1432 890 1552 928 prioris
1571 895 1600 920 et
1623 897 1804 922 conventus
1826 893 1951 931 objecta
1973 894 2109 924 suerint.
2127 895 2241 925 obser-

1236 945 1325 977 vata;
1351 942 1444 980 prius
1476 947 1583 973 tamen
1611 945 1749 982 prestito
1771 945 1960 983 juramento
1986 956 2003 975 a
2030 952 2241 984 procuratore

1235 993 1395 1024 dictorum
1414 995 1543 1025 abbatis
1562 1000 1592 1026 et
1611 1002 1802 1032 conventus,
1822 998 1907 1036 quod
1925 998 1964 1027 ad
1981 998 2041 1029 hoc
2059 1008 2095 1029 ex
2112 1000 2239 1030 malitia

1235 1055 1300 1076 non
1318 1047 1482 1085 procedet,
1499 1048 1653 1078 Ceterum
1670 1048 1765 1079 nobis
1783 1050 1844 1079 sub
1861 1050 1970 1087 sigillo
1993 1055 2047 1081 tuo
2064 1052 2150 1082 (licta
2166 1062 2241 1091 pre-

1235 1099 1397 1129 dictorum
1414 1100 1547 1130 testium
1566 1100 1708 1131 fideliter
1724 1101 1757 1130 in
1775 1102 1907 1140 scriptis
1925 1103 2064 1139 redacta,
2084 1114 2150 1134 una
2167 1114 2240 1135 cuni

1234 1152 1372 1190 prefatis
1388 1152 1609 1190 positionibus
1629 1158 1659 1183 et
1675 1154 1947 1192 responsionibus
1965 1157 2171 1187 transmittas
2191 1167 2241 1187 us-

1235 1213 1298 1243 que
1315 1205 1354 1234 ad
1369 1205 1529 1235 kalendas
1546 1205 1661 1243 aprilis
1674 1206 1822 1244 proximo
1835 1207 1951 1241 futuri,
1970 1209 2072 1246 quas¹
2090 1218 2243 1246 procura-

1235 1257 1363 1287 toribus
1375 1258 1520 1295 partium
1533 1258 1568 1287 in
1585 1263 1698 1288 nostra
1714 1259 1881 1297 presentia
1892 1260 2082 1290 constitutis
2098 1270 2242 1300 peremp-

1235 1310 1357 1340 torium
1376 1310 1555 1340 terminum
1571 1311 1725 1341 duximus
1745 1312 1985 1349 prefigendum,
2004 1313 2038 1342 in
2064 1323 2127 1352 quo
2150 1315 2241 1344 sufli-

1235 1362 1361 1392 cienter
1378 1363 1551 1397 instructe,
1570 1371 1644 1393 cum
1662 1363 1817 1393 omnibus
1833 1364 2036 1401 rationibus,
2057 1366 2242 1405 privilegiis

1235 1419 1267 1445 et
1292 1415 1510 1445 munimentis
1537 1416 1618 1451 suis,
1643 1425 1700 1454 per
1722 1424 1756 1446 se
1781 1416 1832 1446 vel
1851 1422 2080 1455 procuratores
2107 1419 2242 1449 idoneos

1236 1472 1446 1506 compareant
1464 1477 1573 1498 coram
1597 1468 1704 1503 nobis,
1723 1469 1858 1507 justam,
1881 1470 1978 1500 dante
1996 1471 2148 1507 Domino,
2167 1481 2243 1502 sen-

1237 1515 1374 1550 tentiam
1387 1525 1569 1559 recepture.
1582 1521 1656 1551 Dat.
1673 1522 1839 1557 Laterani,
1851 1521 2004 1553 kalendis
2017 1523 2143 1561 aprilis,
2158 1533 2244 1554 anno

1235 1574 1441 1604 duodecimo.
1461 1586 1473 1601 n

1305 1767 1422 1795 424¹

1273 1836 1286 1853 <t
1304 1829 1335 1855 In
1351 1829 1476 1855 eundem
1495 1829 1613 1856 modun]
1632 1850 1649 1856 ..
1664 1830 1775 1860 demum„
1794 1831 1932 1862 mayz'slris
1957 1830 2087 1856 Wilmmn
2101 1832 2132 1856 de
2147 1831 2244 1857 Sancte

1236 1877 1323 1902 Marte
1342 1878 1457 1903 Est-Irim
1476 1880 1498 1902 et
1525 1878 1657 1903 Willelmo
1672 1879 1704 1903 tle
1726 1879 1867 1909 Lerhesrld,
1888 1880 2028 1903 canonisis
2047 1879 2143 1904 Sancti
2164 1881 2244 1905 Pauli

1813 1769 1932 1800 Latran,
1950 1770 1984 1795 1⁰
1998 1770 2075 1796 avril
2093 1770 2170 1797 1238.

1207 1927 1213 1931 “
1237 1926 1438 1952 Londonfcuvis.
1457 1926 1588 1960 usquein
1607 1927 1706 1953 finem.
1720 1927 1804 1957 Quml
1818 1927 1841 1952 si
1857 1935 1913 1952 nnn
1925 1936 2026 1953 otnnes
2038 1934 2105 1954 cte..
2118 1928 2174 1954 cluo
2185 1933 2241 1955 etc.

1236 1974 1303 2000 Dat.
1321 1978 1352 2000 ut
1369 1983 1466 2008 supra.
1486 1982 1498 1999 ι)
1516 1989 1546 1992 -
1562 1975 1647 2005 (HEG.
1664 1975 1707 2005 19,
1728 1976 1746 2000 s.
1764 1975 1839 2003 41⁴⁶.)

1306 2160 1428 2187 4242

1271 2221 1415 2255 Magistro
1432 2221 1549 2254 Ilugoni
1568 2222 1676 2248 Pisano
1693 2231 1742 2248 scu
1756 2222 1791 2248 tle
1809 2223 1896 2254 Pisis,
1912 2223 2119 2250 archidiac-:1110
2138 2224 2243 2251 Ruti..)-

1812 2161 1933 2193 Latran,
1950 2162 1983 2187 12
2000 2162 2075 2188 avril
2092 2162 2170 2189 1238.

1237 2271 1379 2304 mag-ensi,
1397 2270 1518 2297 mandat
1540 2274 1684 2304 quatenus
1700 2271 1929 2306 'compositiones
1951 2280 2024 2306 quae
2040 2273 2118 2299 inter
2134 2281 2243 2299 merca-

1235 2322 1311 2346 tores
1323 2319 1508 2346 Florentinos
1522 2324 1549 2346 et
1561 2320 1701 2354 quosdam
1715 2328 1750 2346 ex
1761 2329 1859 2346 eorum
1871 2320 2053 2347 debitoribus
2065 2321 2095 2347 in
2106 2321 2241 2353 Francia,

1236 2368 1387 2395 mediante
1416 2369 1556 2402 magistro
1578 2369 1740 2396 Benedicto
1768 2368 1814 2403 [de
1837 2368 2007 2404 (mart-inoffi
2036 2370 2128 2404 ipsius
2152 2378 2243 2404 papae

1236 2416 1388 2450 scriptore,
1402 2417 1635 2443 intervenerant.
1653 2417 1742 2443 fat-iat
1759 2417 1918 2443 observari.
1934 2432 1965 2435 —
1983 2418 2068 2449 (Rae.
2082 2418 2124 2444 19.
2140 2420 2158 2444 s.
2171 2419 2186 2444 4
2203 2423 2243 2444 r'·:

1235 2473 1306 2491 ann.
1321 2465 1392 2497 XII,
1409 2475 1434 2491 c.
1452 2465 1499 2497 19;
1517 2480 1547 2483 —
1565 2467 1603 2492 cf.
1624 2473 1720 2497 supra.
1738 2474 1766 2492 n.
1784 2465 1949 2498 41984200,
1968 2471 1995 2492 et
2011 2465 2103 2496 4202.)

1278 2577 1291 2592 «
1303 2567 1448 2603 Mayislro
1461 2566 1609 2605 H119[oni]
1628 2567 1748 2600 Pisano,
1766 2567 1986 2595 archidiacono
2001 2567 2240 2603 Rothomayensi.

1236 2618 1324 2649 Olim
1339 2618 1470 2649 dilectis
1487 2619 1566 2648 filiis
1585 2641 1604 2647 ..
1622 2623 1783 2657 potestate
1800 2623 1830 2648 et
1846 2626 2019 2648 commune
2041 2618 2242 2648 Florentinis

1235 2672 1380 2710 graviter
1397 2672 1678 2711 conquerentibus
1695 2680 1794 2709 super
1810 2680 1847 2701 eo
1866 2671 1953 2709 quod
1969 2671 2055 2709 [etc.,
2075 2676 2109 2700 ut
2131 2680 2241 2709 supra.

1235 2724 1270 2754 in
1298 2724 1421 2755 litteris
1447 2725 1508 2754 sub
1535 2733 1673 2754 numero
1701 2724 1777 2753 4180
1801 2723 1933 2758 notatis,
1960 2732 2064 2761 usque
2083 2723 2103 2762 z]
2128 2731 2243 2761 expen-

1237 2786 1302 2812 sas,
1319 2782 1349 2808 et
1363 2777 1516 2815 dampnis
1535 2782 1627 2807 erant
1641 2775 1922 2806 intollerabilibus
1935 2776 2002 2814 jam
2020 2775 2152 2804 afflicti:
2170 2783 2240 2810 nOS,

1237 2830 1285 2860 eis
1309 2829 1458 2861 volentes
1483 2830 1517 2859 in
1541 2838 1599 2859 suo
1614 2830 1688 2868 jure
1709 2829 1820 2858 favere
1839 2845 1888 2863 -,
1907 2836 1943 2857 ac
1960 2827 2115 2858 dilectum
2138 2826 2244 2857 filium

1269 2961 1289 2985 l.
1309 2963 1361 2984 Ms.
1375 2971 1382 2983 .·
1398 2967 1460 2991 que.

2091 3015 2117 3038 ὓ]
