2519 3518
126 344 202 375 1213
968 339 1190 377 DOL'ZIEME
1213 339 1368 377 ANNEE.
2143 350 2217 379 1214

122 411 298 443 remittant:
315 412 464 445 adjunctis
480 412 548 439 aliis
565 413 713 439 mandatis
728 413 763 439 ad
780 413 856 440 idem
876 413 1024 446 negotium
1043 412 1130 447 perti-

123 460 321 487 nentib=.1s.——
339 462 425 493 (Rae.
440 461 481 493 19.
497 462 516 488 f.
532 461 565 488 69
580 465 622 493 v⁰;
637 470 706 488 ann.
722 462 789 493 xil,
809 470 833 488 c.
849 461 914 493 376;
932 477 963 480 —
980 463 1017 488 cf.
1035 469 1130 494 supra,

125 511 156 534 n‘
172 509 264 539 337-1.)

167 629 179 643 «
201 639 220 645 ..
239 617 409 654 Seyobz‘ensi
428 622 454 646 et
475 640 494 645 ..
515 617 671 646 Colarensi
691 618 930 651 archidiaconis,
951 623 977 646 et
996 640 1014 646 ..
1033 618 1132 646 abbati

120 670 159 698 de
174 669 317 699 Saltubns
332 671 423 704 Albis,
438 670 622 708 Seyobiensis
637 670 788 699 diocesis¹.
805 670 1021 707 Significante
1038 679 1133 700 vene-

125 721 224 752 rabili
242 722 342 752 fratre
357 727 468 752 nostro
483 721 672 752 ..Toletano
689 722 946 760 archiepiscopo,
963 731 1021 752 nos
1037 731 1133 752 nove-

125 774 201 804 ritis
219 775 384 812 accepisse
401 775 498 813 quod,
517 784 591 804 cum
608 783 666 804 nos
683 774 772 810 olim,
793 775 962 805 intellecto
982 785 1039 814 per
1058 785 1132 806 eum

123 826 213 865 quod
229 836 328 856 causa
345 836 408 865 que
424 827 512 856 inter
526 827 647 865 ipsum,
666 836 703 856 ex
722 832 812 865 parte
829 836 906 862 una,
927 832 957 857 et
976 851 995 856 ..
1014 828 1132 866 magis-

124 884 212 909 trum
241 889 276 909 ac
303 880 424 910 fratres
451 879 718 916 Calatravenses,
750 880 808 918 qui
835 889 869 910 se
898 880 1132 911 Cisterciensis

121 927 253 962 ordinis
270 936 473 967 asseverant,
493 941 531 962 ex
551 932 665 967 altera,
689 941 788 970 super
807 933 1006 971 quibusdam
1027 933 1132 963 eccle-

122 985 198 1020 siis,
216 985 363 1021 decimis,
385 984 596 1015 libertatibus
615 985 811 1014 clericorum
832 990 863 1015 et
887 985 961 1015 aliis
982 985 1132 1016 articulis

122 1038 276 1072 vertitur,
301 1046 410 1067 coram
433 1037 575 1067 diversis
593 1037 763 1076 judicibus
785 1038 980 1068 auctoritate
1003 1043 1133 1076 aposto-

122 1090 189 1120 lica
211 1099 268 1128 per
289 1090 400 1120 decem
423 1099 528 1120 annos
553 1094 584 1120 et
608 1089 750 1128 amplius
773 1090 906 1128 agitata,
936 1099 1001 1120 non
1027 1091 1132 1121 solnm

123 1144 224 1173 finem
239 1143 385 1173 debitum
399 1152 464 1172 non
478 1143 677 1177 obtinuerat,
693 1143 750 1172 sed
764 1152 822 1173 nec
837 1143 937 1173 etiam
950 1143 989 1172 ad
1003 1148 1133 1173 contes-

122 1196 283 1226 tationem
300 1196 369 1225 litis
385 1200 535 1234 potuerat
554 1195 766 1234 aliquatenus
783 1196 984 1234 pervenisse,
1003 1196 1133 1226 dilectis

123 1248 205 1278 filiis
228 1273 246 1278 ..
272 1248 382 1278 abbati
404 1253 435 1279 et
458 1271 477 1277 ..
500 1248 603 1287 priori
618 1248 725 1278 Vallis
748 1248 984 1283 Ecclesiarum,
1008 1249 1132 1280 Cister-

122 1301 248 1331 ciensis
263 1301 401 1336 ordinis,
417 1301 625 1331 dedissemus
641 1301 764 1331 nostris
779 1301 900 1331 litteris
916 1302 951 1330 in
968 1302 1134 1332 mandatis

123 1359 160 1384 ut
177 1355 281 1384 dictos
297 1355 493 1392 magistrum
510 1359 541 1385 et
559 1355 679 1384 fratres
700 1355 918 1392 peremptorie
939 1355 1134 1386 auctoritate

123 1412 239 1438 nostra
259 1407 410 1442 citarent,
429 1407 515 1446 quod
530 1415 588 1445 per
605 1415 639 1436 se
655 1406 707 1436 vel
724 1407 948 1444 responsalem
963 1407 1132 1442 idoneum,

122 1460 330 1490 sufficienter
346 1459 557 1494 instructum,
576 1468 649 1489 cum
667 1459 852 1498 privilegiis
870 1464 900 1490 et
916 1461 1134 1490 munimentis

122 1513 214 1548 aliis,
233 1513 267 1541 in
285 1517 373 1542 certo
391 1512 543 1546 termino,
563 1516 675 1542 nostro
696 1521 730 1542 se
751 1512 943 1550 conspectui
963 1517 1134 1550 presenta-

123 1571 208 1601 rent,
233 1565 415 1596 exhibituri
439 1565 546 1595 eidem
571 1565 820 1603 archiepiscopo
838 1565 968 1604 justitie
991 1565 1134 1604 comple-

120 1624 272 1649 mentum
297 1628 303 1647 :
330 1619 400 1656 ipso
423 1617 672 1656 archiepiscopo
696 1618 731 1647 in
751 1618 837 1648 dicto
863 1618 1004 1648 termino
1024 1627 1133 1648 coram

123 1671 220 1701 nobis
240 1670 460 1709 personaliter
475 1675 686 1709 comparente
708 1679 744 1700 ac
763 1675 893 1709 petente
915 1671 1002 1709 quod
1020 1676 1133 1701 contra

122 1724 319 1762 magistrum
338 1727 369 1754 et
386 1724 504 1754 fratres
526 1724 690 1762 predictos
712 1729 869 1762 tanquam
885 1729 999 1754 contra
1017 1729 1134 1754 contu-

121 1785 243 1811 maces,
267 1785 341 1806 cum
364 1785 423 1806 nec
443 1776 614 1806 venissent
635 1785 693 1806 nec
714 1782 888 1807 curassent
913 1777 1133 1807 sufficientem

123 1829 255 1858 mittere
272 1828 509 1867 responsalem,
528 1839 585 1867 per
605 1829 825 1868 quadraginta
846 1830 916 1859 dies
937 1834 969 1859 et
989 1829 1132 1868 amplius

120 1882 296 1921 expectati,
309 1882 485 1920 procedere
502 1882 710 1916 deberemus,
725 1883 868 1918 tandem,
882 1883 1019 1913 obtentu
1032 1884 1131 1913 caris-

100 1935 201 1965 .simi
217 1935 251 1964 in
271 1934 405 1965 Christo
422 1934 483 1964 filii
500 1935 606 1965 nostri
626 1958 644 1964 ..
663 1935 806 1966 Castelle
824 1941 853 1965 et
871 1936 1027 1974 Legionis
1043 1937 1132 1974 regis

122 1988 277 2022 illustris,
301 1987 396 2017 nobis
419 1997 476 2026 pro
497 1988 546 2017 eis
568 1997 626 2026 per
647 1997 725 2018 suas
748 1988 876 2018 litteras
900 1988 1130 2026 supplicantis,

122 2041 329 2080 providimus
345 2046 392 2075 ut,
410 2041 584 2079 questione
601 2050 820 2079 expensarum
843 2046 955 2071 nostro
975 2041 1132 2079 benepla-

118 2094 188 2124 cito
223 2098 399 2129 reservata,
435 2094 554 2131 prefati
587 2094 745 2132 magister
777 2099 807 2124 et
840 2095 959 2124 fratres
992 2103 1009 2123 a
1036 2094 1132 2123 nobis

118 2149 232 2179 vdenno
264 2149 456 2178 citarentur.
487 2149 625 2178 Demum
652 2157 728 2178 vero
758 2149 1027 2187 procuratoribus
1057 2158 1132 2187 par-

124 2202 208 2231 tium
236 2202 269 2230 in
296 2205 409 2230 nostra
433 2201 601 2239 presentia
626 2201 816 2231 constitutis
842 2201 998 2231 dilectum
1026 2201 1132 2231 filium

126 2259 277 2284 nostrum
301 2253 547 2292 S[inibaldum],
570 2253 658 2283 tituli
682 2253 794 2284 Sancti
816 2254 987 2283 Laurentii
1009 2254 1042 2282 in
1067 2254 1133 2283 Lu—

121 2308 202 2337 cina
222 2306 443 2345 presbiterum
464 2306 678 2341 cardinalem,
701 2306 852 2336 dedimus
873 2306 1075 2341 auditorem;
1098 2307 1132 2335 in

121 2360 220 2399 cujus
237 2359 405 2398 present-ia
422 2359 613 2389 constitutis
630 2359 767 2393 eisdem,
786 2363 857 2397 post
874 2359 977 2388 multa
995 2359 1133 2397 diffugia

123 2417 156 2443 et
181 2412 389 2450 exceptiones
411 2412 532 2447 varias,
559 2420 641 2450 quas
667 2411 903 2449 premissorum
928 2412 1079 2449 magistri
1103 2416 1134 2441 et

123 2465 265 2494 fratrum
283 2464 453 2502 proposuit
469 2469 670 2502 procurator,
687 2464 774 2493 idem
790 2463 1007 2494 illicentiatus
1024 2473 1133 2494 reces-

124 2518 184 2551 sit,
215 2526 252 2547 eo
280 2521 429 2555 pretextu
457 2516 627 2551 videlicet,
656 2516 743 2555 qnod
770 2517 928 2554 magister
953 2517 1130 2554 predictus,

121 2579 227 2601 causa
242 2579 351 2599 coram
372 2570 521 2599 auditore
534 2570 692 2608 jamdicto
713 2569 886 2607 pendente,
904 2569 1075 2599 dicebatur
1094 2570 1132 2600 de

124 2624 187 2653 hoc
210 2623 321 2653 seculo
345 2623 552 2660 migravisse,
575 2622 651 2652 licet
674 2622 826 2660 magistri
849 2631 968 2652 nomen
991 2623 1025 2651 in
1051 2623 1133 2652 cita-

125 2677 214 2706 tione
237 2685 301 2706 non
322 2676 442 2706 fuisset
461 2684 664 2714 expressum.
687 2680 718 2705 et
737 2676 770 2704 in
792 2675 987 2713 magistrum
1008 2676 1133 2706 substi-

124 2733 215 2759 tutus
229 2729 349 2758 fuisset
362 2729 419 2767 qui
431 2727 743 2768 Calatraven[sium]
757 2728 863 2758 suerat
876 2728 1131 2762 commendator,

118 2786 157 2812 -et
175 2786 247 2820 post
271 2781 467 2819 magistrum
485 2781 589 2820 major
611 2781 698 2810 inter
721 2781 840 2810 fratres
864 2780 1042 2810 haberetur
1059 2789 1133 2819 pre-

160 2921 180 2944 i.
204 2920 255 2944 Les
271 2921 403 2951 premiers
419 2922 490 2943 mots
506 2920 539 2943 de
554 2919 683 2943 l'adresse
700 2926 704 2942 :
723 2920 884 2948 Segobiensi
905 2921 930 2942 et
954 2936 970 2942 ..
991 2920 1135 2942 Colat-ensi

122 2966 347 2993 archidiaconis,
364 2967 427 2988 sont
443 2964 524 2988 cerits
541 2971 573 2988 en
589 2964 747 2993 surcbarge.
762 2976 790 2980 —
806 2963 879 2986 Dans
896 2964 920 2986 la
937 2963 1008 2986 table
1024 2963 1072 2986 des
1088 2970 1134 2986 ru-

121 3009 250 3039 -briqtleS,
265 3015 300 3032 on
316 3008 346 3031 lit
363 3015 368 3031 :
387 3009 547 3032 Secotn'ensi
565 3009 764 3032 archidiacono
781 3010 804 3030 et
821 3008 1020 3036 co›:j1‹<1icibus
1033 3008 1103 3030 suis.

1212 411 1327 447 dictos,
1344 422 1381 443 eo
1399 419 1542 453 tempore
1556 424 1620 454 quo
1632 415 1745 445 citatio
1761 415 1801 445 ad
1818 416 2011 453 magistrum
2029 421 2059 446 et
2073 424 2217 446 conven-

1214 470 1296 501 tum,
1322 466 1357 495 in
1380 476 1444 505 quo
1466 468 1553 497 idem
1577 473 1662 503 erat,
1690 468 1811 498 dicitur
1834 469 2035 506 pervenisse.
2062 470 2170 505 Quare
2199 477 2217 498 a

1214 518 1308 548 nobis
1327 519 1421 557 petiit
1439 520 1620 558 supradicti
1639 520 1879 559 archiepiscopi
1900 526 2091 558 procurator
2109 526 2155 555 ut,
2177 530 2216 550 ne

1213 570 1254 601 lis
1268 572 1395 610 prefata
1409 574 1501 603 tieret
1516 573 1638 603 nostris
1654 573 1856 611 temporibus
1870 573 2079 610 immortalis,
2094 573 2217 612 aliqui-

1214 624 1274 654 bus
1293 624 1387 654 bonis
1405 625 1502 659 viris,
1524 626 1581 664 qui
1603 635 1738 655 causam
1758 626 1910 655 audirent
1930 626 2067 656 eandem
2085 631 2112 656 et
2134 627 2218 656 tina-

1214 677 1289 708 liter
1304 677 1530 712 terminarent,
1545 677 1640 717 [eam]
1655 678 1860 708 committere
1874 686 2077 708 curaremus.
2091 678 2217 709 Nolen-

1215 735 1262 760 tes
1278 730 1380 767 igitur
1397 735 1431 759 ut
1448 739 1547 760 causa
1564 731 1709 769 predicta
1726 736 1894 760 remaneat
1913 731 2039 760 diutius
2056 731 2216 765 indecisa,

1215 783 1408 812 mandamus
1425 787 1588 821 quatenus
1608 783 1641 812 in
1662 792 1699 813 ea
1716 792 1815 821 super
1832 783 1982 813 articulis
1999 784 2163 813 contentis
2184 784 2218 813 in

1214 835 1325 865 libello
1341 844 1451 865 coram
1468 836 1636 865 nominato
1658 835 1819 865 cardinali
1836 841 1996 873 porrecto,
2017 845 2113 874 quem
2131 836 2217 866 idem

1214 888 1315 917 mittit
1332 888 1425 917 vobis
1441 888 1511 918 suis
1530 888 1650 918 litteris
1668 888 1896 918 interclusum.
1916 888 2004 917 infra
2025 888 2105 918 duos
2127 897 2220 918 men-

1213 949 1266 970 ses
1292 940 1385 970 litem
1411 940 1542 970 faciatis
1567 949 1677 970 coram
1703 940 1807 975 vobis,
1834 940 2053 978 appellatione
2082 945 2217 974 remota,

1212 994 1360 1032 legitime
1377 994 1573 1029 contestat-13
1594 994 1633 1024 ad
1650 994 1747 1032 qnod,
1769 994 1795 1023 si
1817 1002 1951 1024 necesse
1975 994 2086 1029 fuerit,
2109 998 2218 1033 partes

1213 1046 1366 1085 compelli
1395 1046 1547 1076 volumus
1576 1052 1607 1076 et
1635 1046 1849 1081 mandamus3
1879 1056 1915 1076 ac
1941 1047 2154 1084 procedentes
2183 1047 2218 1076 in

1214 1100 1297 1137 ipsa,
1321 1108 1404 1132 eam,
1430 1099 1459 1128 si
1482 1099 1520 1129 de
1544 1099 1687 1137 partium
1708 1098 1875 1128 voluntate
1898 1100 2106 1136 processerit.
2127 1100 2218 1137 fi[ne]

1215 1152 1349 1191 de[bito]
1381 1151 1611 1190 t[erminetis];
1648 1151 1798 1190 alioquin
1831 1160 1903 1180 eam
1935 1152 2137 1181 sufficienter
2166 1153 2219 1182 in-

1215 1209 1373 1234 structam
1389 1204 1428 1233 ad
1442 1204 1558 1234 Sedem
1575 1203 1797 1242 Apostolicam
1816 1204 2002 1240 remittatis,
2021 1205 2220 1242 prefigentes

1216 1257 1365 1295 partibus
1391 1257 1570 1286 terminum
1594 1256 1853 1294 peremptorium
1878 1262 2129 1294 competentem,
2157 1266 2222 1296 quo

1217 1314 1328 1340 nostro
1351 1318 1386 1339 se
1408 1309 1600 1347 conspectui
1625 1313 1866 1347 representent.
1887 1309 2022 1347 justam,
2041 1309 2139 1339 dante
2156 1310 2222 1339 Do-

1216 1362 1315 1398 mino,
1335 1361 1536 1391 sententiam
1551 1365 1734 1399 recepture.
1752 1360 1845 1397 Quod
1862 1361 1890 1390 si
1906 1361 1989 1391 forte
2007 1361 2046 1390 ab
2063 1361 2223 1392 alterutra

1216 1415 1360 1453 partium
1387 1414 1511 1443 dictum
1536 1414 1705 1452 negotium
1733 1414 1774 1443 ad
1798 1422 1857 1443 nos
1884 1423 1940 1451 per
1970 1414 2223 1452 appellationem

1216 1467 1337 1496 deferri
1359 1466 1546 1504 contigerit,
1565 1466 1745 1496 terminum
1766 1467 2024 1504 peremptorium
2046 1467 2224 1505 assignetis

1216 1514 1378 1559 ei[s]dem,
1399 1528 1475 1558 quo,
1493 1528 1567 1549 cum
1590 1519 1776 1557 privilegiis
1796 1523 1827 1548 et
1849 1519 1924 1548 aliis
1947 1520 2165 1550 munimentis
2185 1520 2225 1549 ad

1215 1581 1350 1602 causam
1372 1572 1617 1610 pertinentibus
1641 1571 1852 1602 antedictam.
1877 1577 2087 1610 compareant
2114 1581 2222 1603 coram

1217 1626 1322 1661 nobis,
1348 1630 1518 1663 recepture
1540 1625 1671 1664 justitie
1697 1624 1987 1663 complementum.
2014 1625 2150 1655 Proviso
2175 1630 2223 1660 ut,

1215 1688 1253 1708 ea
1271 1687 1334 1717 que
1351 1678 1391 1708 ab
1409 1678 1567 1708 alterutra
1582 1678 1726 1716 partium
1744 1678 1929 1708 temeritate
1946 1678 2076 1716 propria
2093 1678 2127 1707 in
2143 1678 2226 1708 alte-

1215 1732 1284 1761 rius
1311 1731 1532 1770 prejudicium
1558 1735 1629 1769 post
1660 1731 1780 1760 factam
1806 1731 1997 1760 citationem
2025 1730 2223 1761 inveneritis

1213 1785 1381 1819 innovata,
1397 1784 1431 1813 in
1448 1789 1570 1813 statum
1586 1784 1766 1822 pristinum
1783 1783 1988 1819 reducentes,
2009 1792 2073 1813 non
2089 1783 2222 1821 permit-

1215 1838 1302 1872 tatis,
1320 1837 1377 1867 lite
1394 1836 1567 1875 pendente,
1587 1836 1714 1875 aliquid
1735 1836 1900 1865 innovari.
1918 1837 2031 1866 Testes
2048 1841 2108 1865 etc.
2126 1836 2219 1872 Quod

1213 1891 1242 1919 si
1268 1899 1333 1919 non
1359 1898 1473 1919 omnes
1501 1894 1562 1919 etc.
1592 1890 1664 1919 Dat.
1696 1889 1861 1918 Laterani.
1888 1889 1956 1918 IIII
1982 1888 2142 1918 kalendas
2168 1889 2218 1918 fe-

1213 1943 1350 1977 bruarii,
1369 1951 1456 1972 anno
1472 1942 1674 1972 duodecimo.
1697 1955 1709 1967 υ

1283 2134 1401 2161 4718

1249 2195 1392 2230 Episcopo
1405 2195 1563 2228 Anagnino
1580 2195 1699 2221 mandat
1722 2198 1866 2228 quatenus
1883 2203 1978 2227 regem
1996 2194 2158 2225 Nax-arrae,
2176 2202 2221 2220 co-

1764 2133 1883 2163 Latran,
1899 2132 1932 2158 12
1947 2132 2054 2158 sevrier
2069 2132 2147 2159 1239.

1215 2245 1317 2271 mitem
1334 2244 1527 2278 Campaniae,
1546 2246 1662 2269 moneat
1682 2247 1710 2278 et
1729 2243 1849 2269 inducat
1866 2246 1897 2269 ut
1920 2243 1998 2269 infra
2018 2243 2089 2269 duos
2107 2251 2221 2269 menses

1215 2293 1301 2319 Petro
1317 2296 1345 2319 et
1365 2293 1479 2325 Angelo
1496 2291 1639 2319 Johannis
1662 2291 1809 2325 Elperini,
1833 2291 1949 2318 civibus
1967 2291 2120 2321 Romanis,
2135 2299 2222 2324 super

1214 2341 1445 2368 incarceratione
1466 2341 1512 2372 B.,
1532 2349 1630 2367 eorum
1653 2340 1762 2372 fratris,
1785 2349 1837 2366 ncc
1859 2348 1916 2366 non
1937 2348 2023 2373 super
2044 2340 2219 2373 quibusdam

1214 2390 1347 2424 pecuniis
1369 2389 1548 2419 satisfaciat,
1573 2388 1647 2422 quod
1671 2388 1707 2414 ab
1730 2388 1829 2413 eodem
1855 2396 1920 2421 rege
1943 2387 2071 2413 nondum
2093 2387 2220 2413 ‹jibtiiieri

1214 2441 1362 2472 potuerat,
1383 2438 1431 2463 vel
1451 2440 1607 2471 componat
1627 2436 1828 2463 amicabiliter
1848 2444 1913 2462 cum
1935 2436 2063 2467 eisdem;
2087 2435 2218 2469 alioquin

1214 2487 1243 2512 in
1266 2486 1419 2512 civitatem
1437 2485 1610 2512 Trecensem
1634 2487 1661 2511 et
1684 2484 1714 2510 in
1741 2485 1905 2510 Pruvinum
1929 2484 2080 2511 interdicti
2102 2486 2220 2509 senten-

1214 2535 1285 2561 tiam
1303 2535 1478 2568 promulget,
1490 2536 1518 2559 et
1530 2533 1624 2559 eidem
1641 2533 1700 2566 regi
1716 2533 1850 2565 injungat
1866 2537 1895 2559 ut
1912 2532 1939 2558 iu
1947 2534 1988 2558 fra
2003 2536 2217 2565 omnipotentem

1214 2583 1374 2610 terminum
1387 2583 1422 2609 ad
1435 2582 1625 2616 apostolicam
1640 2581 1834 2615 praesentiam
1851 2584 2064 2614 procuratorem
2080 2581 2217 2606 idoneum

1213 2631 1351 2658 destinet.
1374 2646 1405 2649 —
1427 2631 1513 2662 (Rea.
1531 2630 1578 2661 19,
1597 2631 1617 2656 f,
1635 2629 1668 2655 ΤΟ
1684 2632 1721 2660 r⁴¹;
1738 2637 1807 2655 ann.
1825 2629 1896 2657 XII.
1914 2637 1938 2655 c.
1956 2629 2020 2658 3772
2039 2643 2070 2646 —
2087 2628 2219 2654 Most-:Au

1213 2680 1293 2711 1192,
1311 2681 1330 2706 f.
1347 2679 1413 2710 26&
1430 2694 1464 2696 —
1479 2680 1516 2705 cf.
1534 2685 1629 2710 supra,
1647 2687 1674 2704 n.
1691 2678 1854 2704 1639—1644.
1872 2682 1898 2703 et
1915 2677 2089 2703 3222-3-223A

1257 2800 1270 2814 «
1290 2810 1310 2816 ..
1328 2788 1460 2825 episcopo
1476 2786 1649 2824 Atiaqm'no.
1668 2784 1787 2814 Dilecti
1809 2783 1870 2812 filii
1892 2785 2008 2813 Petrus
2027 2787 2055 2812 et
2073 2782 2220 2820 Angelus

1214 2839 1379 2870 Johannis
1398 2838 1558 2877 Elperini.
1579 2837 1667 2867 cives
1686 2836 1839 2866 Romani.
1863 2845 1921 2865 sua
1946 2835 2041 2865 nobis
2063 2835 2220 2873 petitione

1216 2890 1467 2931 mon[strarunt]
1491 2890 1586 2929 quod,
1612 2898 1686 2919 cum
1712 2888 1790 2918 olim
1815 2888 2008 2918 carissimus
2032 2887 2065 2916 in
2089 2887 2222 2917 Christo

1218 2944 1306 2974 filius
1323 2948 1435 2974 noster
1453 2966 1472 2972 ..
1491 2942 1634 2972 illustris
1653 2950 1709 2971 rex
1725 2941 1884 2973 Navarre,
1903 2948 2011 2970 comes
2028 2939 2220 2977 Campanie,

1218 2998 1269 3033 B.,
1294 2998 1428 3027 fratrem
1450 3004 1574 3030 eorum,
1599 2994 1671 3032 capi
1693 2994 1817 3023 faceret
1841 2997 1871 3023 et.
1894 2992 2052 3022 carcerali
2074 2992 2223 3022 custodie
