2423 3487
152 293 224 322 1147
872 284 1109 316 nnsisrnsss
1132 283 1187 312 DE
1210 276 1431 313 GREGomE
1456 284 1513 313 ix.
2166 281 2242 310 1148

151 366 214 387 non
247 357 359 386 habita
388 356 572 390 mentione,
607 363 666 384 nec
704 353 786 383 alias
818 360 971 390 expressa
1004 348 1152 388 plenarie

147 409 296 441 veritate,
315 409 353 437 ad
367 408 473 446 ipsum
489 407 774 445 archiepiscopum
789 409 919 434 nostras
933 404 1151 441 impetrarunt

148 462 285 495 litteras,
311 461 517 490 continentes
542 464 589 493 ut,
614 458 680 488 nisi
702 462 932 496 procuratores
953 455 1042 492 regis
1064 454 1152 483 infra

148 522 295 544 mensem
315 518 385 551 post
401 512 619 542 monitionem
638 511 720 550 ejus,
745 509 922 548 probarent
945 506 1152 545 exceptiones

148 566 189 596 ad
205 575 285 604 quas
303 566 391 604 ipsos
416 565 552 595 duxerat
579 563 811 597 admittendos,
839 566 968 595 extunc,
997 559 1035 589 de
1057 558 1153 588 modo

149 619 331 649 electionis.
357 618 477 648 studiis
495 617 690 655 eligentium
707 620 737 646 et
755 615 850 645 electi
870 613 998 644 meritis
1015 613 1153 643 veritate

149 671 279 709 plenius
308 670 479 709 inquisita,
514 670 542 700 si
573 669 770 699 electionem
795 668 901 706 ipsam
926 665 1093 695 inveniret
1115 665 1153 694 de

148 732 287 762 persona
305 723 423 752 idonea
437 722 594 751 canonice
611 721 819 755 celebratam,
839 728 911 749 eam
923 719 1011 748 infra
1028 721 1152 747 certum

149 776 327 806 terminum
341 775 548 805 confirmaret
563 785 568 809 ;
583 773 744 812 alioquin,
757 781 794 802 ea
805 772 866 802 rite
879 775 1019 804 cassata,
1032 770 1156 799 faceret

150 828 256 859 eidem
283 827 420 857 ecclesie
449 836 505 865 per
535 826 730 856 electionem
756 824 950 854 canonicam
967 821 1153 861 provideri3

149 881 298 920 injuncto
314 889 371 918 per
393 879 475 909 alias
498 879 626 909 litteras
649 878 768 908 dilecto
786 877 853 906 filio
876 880 987 906 nostro
1003 873 1151 914 O[ttoni].

150 933 262 964 Sancti
277 932 407 963 Nicolai
426 933 460 961 in
483 932 622 963 Carcere
645 930 797 961 Tulliano
821 930 958 959 diacono
981 926 1153 962 cardinali,

148 986 334 1024 Apostolice
352 985 446 1015 Sedis
460 985 576 1023 legato,
598 988 643 1019 ut,
662 983 776 1014 eodem
799 981 1046 1020 archiepiscopo
1067 979 1155 1009 infra

146 1039 308 1078 prefixum
342 1043 470 1076 tempus
501 1037 694 1067 mandatum
730 1040 882 1066 nostrum
916 1033 1034 1072 exequi
1072 1033 1155 1062 fina-

146 1092 223 1121 liter
238 1091 436 1129 negligent-e,
463 1095 581 1121 extunc
598 1090 668 1128 ipse
690 1088 881 1127 procederet
906 1087 941 1116 in
964 1085 1155 1125 hujusmodi

148 1145 278 1182 negotio
296 1145 389 1183 juxta
417 1144 571 1174 traditam
600 1142 650 1172 illi
682 1143 834 1172 sormam.
866 1141 949 1171 Cum
979 1144 1088 1169 autem
1116 1138 1155 1168 ad

147 1198 252 1236 ipsius
272 1197 359 1235 regis
381 1197 534 1226 notitiam
551 1195 741 1226 devenisset
757 1194 845 1233 quod
863 1193 951 1223 idem
973 1196 1155 1222 conventus

147 1259 246 1288 super
270 1250 382 1280 eodem
408 1249 540 1287 negotio
564 1253 694 1278 nostras
715 1247 845 1276 litteras
868 1246 1090 1284 impetrasset,
1113 1248 1154 1274 et.

148 1312 259 1333 earum
283 1302 465 1338 occasione,
491 1302 525 1331 in
549 1301 620 1340 ipso
633 1300 765 1338 negotio
785 1298 961 1338 procedere
978 1296 1156 1335 archiepis-

147 1365 247 1394 copus
257 1355 423 1394 predictus
440 1355 637 1390 intenderet,
656 1354 805 1392 ipsarum
827 1351 955 1390 copiam
971 1360 1028 1389 per
1044 1359 1156 1388 procu-

147 1413 290 1438 ratorem
305 1417 402 1437 suum
418 1407 483 1437 sibi
499 1407 571 1437 fieri
587 1405 778 1444 postulavit.
795 1406 834 1434 Et
850 1405 928 1443 quia
944 1403 1032 1433 idem
1049 1402 1158 1433 archi-

149 1461 322 1499 episcopus
345 1460 409 1490 sibi
426 1461 534 1489 Iacere
559 1459 734 1497 denegavit
751 1457 900 1492 eandem,
918 1466 976 1495 pro
992 1456 1064 1494 ipso
1082 1464 1157 1493 rege

149 1513 189 1543 ad
213 1517 360 1542 nostram
380 1513 442 1542 suit
461 1511 666 1542 audientiam
690 1510 902 1549 appellatum.
931 1509 1023 1539 Licet
1049 1513 1157 1538 autem

148 1566 339 1606 hujusmodi
377 1575 510 1595 causam
551 1565 678 1604 prefato
717 1563 967 1594 intenderemus
1007 1561 1158 1599 delegare

150 1619 270 1657 legato,
286 1619 363 1657 quia
379 1623 486 1648 tamen
507 1617 733 1647 dubitavimus
751 1625 803 1651 ne,
828 1624 901 1645 cum
920 1615 983 1645 sibi
1002 1615 1036 1644 in
1051 1614 1159 1645 Scotie

150 1677 181 1702 et
197 1672 329 1702 Ibernie
345 1671 494 1710 partibus
510 1670 631 1708 legatio
649 1670 691 1699 sit
710 1669 749 1699 ab
766 1667 955 1707 Apostolica
973 1667 1055 1698 Sede
1072 1676 1160 1697 corn—

150 1725 264 1760 missa,
299 1734 374 1754 eum
403 1733 419 1753 a
454 1732 556 1761 regno
583 1722 707 1760 Anglie
732 1721 937 1759 contingeret
964 1720 1158 1750 absentari:

151 1778 289 1809 ecclesie
305 1778 430 1816 prefate
447 1776 617 1806 laboribus
637 1780 666 1806 et
685 1775 838 1814 expensis
856 1783 1031 1812 precavere
1048 1773 1161 1804 volen-

153 1835 212 1866 tes,
242 1830 438 1860 mandamus
465 1833 640 1868 quatenus,
667 1829 695 1858 si
719 1832 767 1858 est
792 1828 849 1861 ita,
878 1831 908 1857 ct
933 1826 1080 1865 prefatus
1104 1835 1160 1856 rex

150 1884 294 1922 priorem
313 1882 453 1913 eundem
471 1882 702 1921 symoniacum
719 1890 778 1911 seu
795 1879 970 1919 capitalem
986 1879 1160 1909 inimicum

151 1937 257 1975 ipsius
282 1936 433 1971 existere,
454 1936 543 1964 infra
565 1935 645 1964 duos
667 1942 798 1964 menses
827 1937 899 1971 post
917 1933 1160 1970 susceptionem

150 1989 366 2028 presentium,
390 1997 498 2017 coram
520 1987 613 2017 vobis
638 1986 798 2024 legitimis
818 1985 1025 2015 documentis
1050 1989 1161 2015 osten-

152 2043 246 2079 derit,
278 2041 326 2072 vel
354 2042 392 2077 si,
419 2051 456 2071 ex
482 2041 622 2079 reliquis
641 2040 750 2070 causis
770 2039 954 2078 premissis,
978 2039 1013 2067 in
1039 2038 1161 2077 quibus

151 2105 208 2126 vos
228 2105 264 2125 ex
281 2095 387 2124 officio
404 2099 513 2124 vestro
530 2094 617 2123 infra
631 2093 772 2123 eundem
790 2092 969 2122 terminum
986 2091 1162 2130 procedere

151 2149 315 2184 volumus,
349 2148 387 2177 de
419 2148 512 2177 modo
542 2147 726 2177 electionis.
756 2146 876 2175 studiis
906 2145 1101 2182 eligentium
1132 2150 1160 2174 et

154 2201 249 2231 electi
261 2201 389 2230 meritis
400 2200 573 2230 veritatem
586 2199 717 2237 plenius
729 2198 952 2237 inquirentes,
967 2197 1161 2227 electionem

154 2255 259 2292 ipsam
282 2253 478 2283 inveneritis
497 2252 609 2282 minus
632 2252 790 2282 canonice
811 2251 1020 2285 celebratam,
1040 2260 1078 2280 ca
1100 2250 1162 2279 rite

155 2311 294 2341 cassata,
312 2306 443 2335 faciatis
465 2305 572 2334 eidem
589 2304 728 2335 ecclesie
756 2304 794 2334 de
819 2312 959 2342 persona
985 2303 1103 2333 idonea
1127 2303 1161 2332 in

154 2364 318 2400 pastorem
344 2368 400 2397 per
429 2358 623 2388 electionem
652 2358 843 2388 canonicam
868 2356 1045 2395 provideri.
1070 2356 1163 2386 Alio-

155 2413 248 2452 quin,
269 2412 463 2442 electionem
486 2412 719 2441 confirmantes
739 2411 889 2445 eandem,
914 2409 1162 2447 archiepiscopo

154 2466 280 2504 prefato
316 2465 478 2494 mandetis
515 2470 548 2493 ut
582 2473 703 2494 munus
738 2463 999 2494 consecrationis
1034 2463 1162 2501 prefato

153 2518 363 2556 impertiatur
391 2517 504 2547 electo.
536 2518 627 2553 Quod
659 2518 687 2547 si
718 2526 781 2546 non
813 2525 943 2551 omnes,
977 2520 1026 2550 tu,
1059 2516 1162 2546 frater

153 2571 304 2609 episcope
336 2575 396 2600 etc.
425 2570 498 2599 Non
527 2570 677 2599 obstante
706 2569 943 2599 constitutione
971 2568 1008 2597 de
1034 2568 1162 2597 duabus

152 2624 250 2654 dietis
275 2624 360 2663 [etc.,
388 2632 493 2662 usquc
509 2622 528 2661 :]
558 2622 644 2652 ultra
667 2622 797 2652 tertiam
826 2621 877 2651 vel
895 2625 1047 2659 quartam
1073 2622 1159 2658 [etc.,

151 2686 256 2715 usque
270 2676 290 2715 z]
313 2685 377 2706 non
391 2675 553 2705 trahatur.
567 2676 640 2705 Dat.
654 2675 817 2713 Anagnie,
834 2673 987 2704 kalendis
1005 2673 1159 2709 octobris,

152 2738 239 2759 anno
263 2729 467 2759 duodecimo.
488 2741 500 2755 »

219 2887 336 2914 4542)

186 2948 330 2982 Episcopo
356 2947 558 2980 Praenestino,
584 2947 699 2974 vicario
724 2955 785 2979 suo,
815 2945 918 2973 scribit
943 2945 978 2972 de
1001 2945 1160 2979 puniendis

697 2885 828 2919 Anagni,
845 2885 861 2911 Τ
877 2883 992 2911 octobre
1008 2884 1087 2911 1238.

1234 349 1410 382 quibusdam
1437 349 1588 377 canonicis
1611 348 1751 375 ecclesiae
1777 348 1880 375 Sancti
1904 347 2000 374 Marci
2021 348 2056 374 de
2079 347 2168 380 Urbe,
2189 348 2240 382 qui

1235 398 1440 432 presbyterum
1467 398 1570 425 Sancti
1586 397 1739 424 Laurentii
1760 397 1796 423 de
1810 397 1910 424 Asisia
1925 397 2166 429 vulneraverant,
2188 405 2242 424 nec

1235 454 1293 472 non
1319 446 1387 473 aliis
1414 446 1463 480 qui
1492 446 1580 475 aliter
1607 446 1636 472 in
1664 453 1739 472 noxa
1767 448 1861 472 erant.
1883 460 1915 463 —
1939 446 2026 477 (Rae.
2044 445 2087 477 19,
2107 446 2126 471 f.
2143 445 2177 471 53
2200 448 2241 477 r⁴’;

1236 502 1305 520 ann.
1323 494 1391 526 XII,
1413 503 1437 520 c.
1455 494 1521 525 26&
1538 509 1570 514 -
1587 493 1719 521 Momm
1733 493 1813 525 1192,
1829 495 1848 519 f.
1866 492 1941 524 180.)

1277 606 1291 621 «
1311 617 1331 623 ..
1350 595 1485 631 episcopo
1500 595 1687 628 Penestrino,
1706 594 1824 623 vicario
1841 598 1952 623 nostro.
1973 593 2126 631 Receptis
2146 593 2244 624 solita

1236 646 1441 684 benignitate
1462 647 1584 678 litteris
1603 656 1684 686 quas
1707 646 1803 677 nobis
1824 655 1922 685 super
1946 655 2082 676 excessu
2106 646 2244 677 canoni-

1237 708 1350 729 corum
1369 699 1508 730 ecclesie
1530 699 1642 730 Sancti
1666 699 1769 729 Marci
1795 699 1834 729 de
1855 699 1945 730 Urbe
1971 703 2025 729 tua
2051 700 2244 730 fraternitas

1237 752 1430 788 destinavit,
1463 757 1494 782 et
1524 752 1704 782 intellectis
1733 761 1797 791 que
1827 751 2083 782 continebantur
2111 752 2146 782 in
2175 752 2242 789 eis,

1237 809 1333 843 prout
1349 805 1515 841 convenit,
1537 805 1725 843 diligenter,
1743 804 1781 835 de
1799 805 1939 834 fratrum
1962 809 2150 835 nostrorum
2166 814 2245 836 con-

1238 857 1313 888 silio
1333 858 1537 896 presentium
1560 857 1621 887 tibi
1642 857 1838 887 auctoritate
1852 857 2049 887 mandamus
2067 861 2243 896 quatenus,

1238 910 1400 941 Saxonem
1417 915 1449 940 et
1468 910 1683 945 Palmerium,
1705 910 1894 944 canonicos,
1917 918 1953 940 ac
1978 911 2121 946 Petrum,
2150 919 2245 941 man-

1238 963 1423 993 sionarium
1454 963 1602 1003 ejusdem
1639 962 1789 997 ecclesie,
1828 963 1895 1001 qui,
1936 962 2062 1002 abJecta
2100 963 2246 994 clericali

1238 1016 1411 1050 modestia,
1443 1024 1518 1046 cum
1549 1015 1651 1045 armis
1676 1038 1695 1044 ..
1723 1014 1945 1053 presbiterum
1971 1015 2110 1046 ecclesie
2133 1016 2246 1046 Sancti

1240 1068 1412 1098 Laurentii
1428 1068 1466 1098 de
1484 1067 1597 1097 Asisia
1612 1067 1820 1102 invadentes,
1839 1075 1915 1097 eum
1933 1067 2078 1105 graviter
2091 1068 2247 1099 vulnera-

1238 1125 1326 1155 runt,
1365 1121 1405 1150 ab
1439 1120 1579 1151 ecclesia
1614 1120 1762 1158 predicta
1800 1120 1913 1150 Sancti
1951 1120 2053 1149 Marci
2089 1125 2248 1159 perpetuo

1239 1183 1406 1205 amovens.
1425 1174 1515 1214 ipsos
1536 1174 1571 1203 in
1593 1173 1762 1212 aliquibus
1788 1173 1871 1203 locis
1895 1173 2050 1203 detrudas
2076 1183 2181 1212 usque
2207 1175 2247 1204 ad

1239 1232 1389 1257 nostrum
1405 1226 1660 1265 beneplacitum,
1678 1226 1717 1256 ad
1731 1226 1950 1264 penitentiam
1967 1226 2200 1264 peragendam,
2216 1232 2249 1258 et

1239 1289 1306 1315 eos,
1330 1289 1347 1310 a
1371 1284 1413 1317 te,
1437 1280 1464 1309 si
1487 1279 1521 1309 in
1545 1279 1606 1309 hoc
1629 1279 1690 1308 tibi
1715 1278 1857 1309 rebelles
1880 1278 2015 1313 suerint,
2040 1279 2246 1317 degradatos,

1239 1333 1411 1371 relinquas
1448 1332 1591 1363 seculari
1629 1331 1720 1362 curie
1756 1331 1958 1370 puniendos.
2001 1332 2135 1361 Petrum
2171 1341 2249 1362 vero

1240 1386 1389 1421 Berardi,
1408 1386 1476 1424 qui,
1495 1385 1557 1415 etsi
1581 1393 1646 1415 non
1667 1384 1881 1423 percusserit,
1906 1388 2053 1414 armatus
2070 1389 2180 1415 tamen
2198 1385 2247 1415 ibi

1241 1438 1335 1468 assuit
1358 1447 1432 1468 cum
1463 1438 1610 1473 armatis,
1639 1441 1796 1476 perpetuo
1825 1437 1865 1467 ab
1887 1437 1994 1467 officio
2020 1437 2248 1477 beneficioque

1241 1492 1436 1530 suspendas,
1456 1490 1560 1520 nichil
1577 1490 1713 1520 omnino
1728 1490 1766 1520 de
1779 1490 1994 1528 proventibus
2011 1490 2249 1521 ecclesiasticis

1241 1550 1484 1584 percepturum.
1505 1545 1693 1575 Romanum
1714 1547 1824 1573 autem
1844 1543 2079 1582 presbiterum,
2097 1544 2155 1583 qui
2175 1544 2249 1583 plu-

1242 1599 1319 1628 ries.
1349 1602 1424 1628 ante
1454 1597 1670 1627 commissum
1697 1596 1841 1630 facinus,
1871 1596 2009 1631 dixerat,
2035 1597 2250 1627 audientibus

1243 1651 1413 1681 canonicis
1442 1650 1549 1689 ipsius
1576 1649 1715 1680 ecclesie
1747 1649 1859 1679 Sancti
1886 1649 2008 1679 Marci:
2043 1662 2055 1676 ιι
2084 1649 2252 1680 Maledicti

1246 1716 1258 1730 »
1283 1704 1360 1734 sint,
1382 1704 1438 1742 qui
1466 1712 1585 1742 panem
1603 1702 1750 1732 Ecclesie
1778 1702 1966 1738 comedunt,
1996 1711 2056 1732 nec
2088 1702 2126 1732 de
2158 1702 2252 1733 illius

1245 1769 1258 1783 n
1284 1757 1409 1787 honore
1425 1756 1558 1786 curant!
1575 1768 1588 1782 ι)
1607 1760 1764 1794 perpetuo
1781 1755 1821 1785 ab
1836 1755 1949 1785 eadem
1965 1755 2103 1785 ecclesia
2118 1756 2253 1786 studeas

1245 1819 1407 1840 amovere.
1422 1809 1689 1840 Contradictores
1705 1813 1766 1838 etc.
1784 1809 1858 1837 Dat.
1874 1808 2037 1846 Anagnie,
2055 1808 2153 1838 nonis
2168 1813 2253 1839 octo-

1244 1863 1324 1899 bris,
1344 1872 1430 1893 anno
1447 1862 1652 1892 duodecimo.
1675 1874 1688 1888 »

1315 2048 1439 2075 4550
1796 2047 1926 2080 Anagni,
1941 2046 1957 2072 8
1968 2047 2084 2073 octobre
2100 2046 2178 2075 12381

1281 2111 1423 2143 Magistro
1445 2109 1597 2143 Philippo,
1615 2109 1721 2136 clerico
1743 2118 1803 2139 suo,
1825 2108 1947 2135 mandat
1966 2112 2110 2142 quatenus
2133 2109 2252 2136 (131166-

1244 2159 1327 2190 (lum,
1346 2158 1588 2185 archidiaconum
1607 2158 1799 2189 Olenensem,
1818 2172 1848 2175 —
1866 2158 1928 2191 qui,
1945 2157 2096 2184 occasione
2110 2166 2251 2192 quarum—

1244 2208 1312 2234 dam
1342 2208 1507 2234 litterarum
1537 2206 1766 2240 apostolicarum
1795 2213 1866 2239 quas
1887 2213 1973 2239 super
1999 2205 2166 2239 provisione
2199 2214 2253 2234 sua

1244 2256 1398 2283 dicebatur
1414 2255 1597 2289 impetrasse,
1613 2262 1626 2279 «
1639 2255 1668 2280 in
1685 2253 1850 2288 quamlibet
1864 2254 2054 2280 eeclesiarum
2066 2254 2252 2289 principatus

1245 2313 1258 2330 1)
1279 2306 1392 2331 Achaie
1422 2313 1450 2330 se
1480 2303 1516 2330 ad
1544 2306 1699 2329 vacaturas
1727 2302 1891 2336 prebendas
1918 2302 2009 2336 recipi
2040 2310 2052 2327 n
2080 2311 2250 2336 procurans,

1244 2353 1440 2387 praebendam
1468 2360 1555 2386 quam
1581 2351 1720 2385 magister
1743 2351 1861 2383 Melior,
1888 2351 2127 2385 archipresbyter
2153 2351 2253 2378 Pisto—

1244 2402 1360 2433 riensis,
1384 2401 1543 2427 eanonicus
1565 2400 1768 2432 Atheniensis,
1792 2400 1821 2426 in
1845 2399 2023 2426 Atheniensi
2045 2399 2169 2426 ecclesia
2188 2400 2254 2427 sine

1246 2451 1298 2477 lite
1321 2450 1372 2476 diu
1395 2450 1573 2480 obtinuerat,
1598 2449 1761 2480 dicebatur,
1787 2451 1940 2482 postquam
1963 2448 2041 2475 idem
2058 2449 2197 2482 magister
2216 2449 2253 2475 ad

1247 2499 1352 2526 Sedent
1374 2498 1576 2532 Apostolicam
1599 2497 1739 2524 veniendi
1762 2497 1817 2523 iter
1837 2497 2012 2531 arripuerat,
2033 2505 2199 2531 occupasse,
2220 2512 2253 2516 —

1246 2547 1336 2574 faciat
1356 2550 1397 2573 tot
1419 2546 1584 2573 redditibus
1599 2554 1660 2572 esse
1676 2545 1946 2579 contentum,qu0d
1963 2545 2124 2572 secundum
2142 2548 2252 2572 statum

1246 2604 1331 2622 suuni
1350 2598 1445 2629 posset
1464 2594 1571 2621 exinde
1592 2594 1744 2621 commode
1768 2593 2074 2627 sustentari,cu1nque
2088 2597 2205 2621 moneat
2225 2598 2255 2621 et

1246 2644 1368 2670 inducat
1395 2646 1427 2670 ut
1448 2644 1495 2669 vel
1523 2643 1632 2669 dictam
1662 2641 1860 2676 praebendam
1889 2650 1954 2668 cum
1983 2642 2129 2676 perceptis
2155 2650 2190 2668 ex
2220 2651 2256 2669 ea

1245 2692 1393 2719 fructibus
1409 2692 1504 2718 eidem
1526 2691 1668 2717 canonico
1693 2690 1841 2723 restituat,
1861 2691 1910 2717 vel
1933 2690 2011 2716 infra
2034 2693 2251 2724 competentem

1244 2742 1419 2773 terminum,
1446 2740 1482 2767 ab
1502 2741 1566 2774 ipso
1588 2740 1728 2773 magistro
1749 2739 1892 2773 Philippo
1916 2739 2147 2773 praefigendum,
2169 2747 2255 2773 apos-

1245 2790 1334 2817 tolico
1355 2789 1527 2823 conspectui
1548 2797 1577 2815 se
1601 2790 1776 2823 praesentet,
1798 2789 1930 2814 facturus
1949 2787 2092 2820 jamdicto
2112 2787 2254 2814 canonico

1244 2838 1425 2865 Atheniensi
1441 2837 1601 2871 justitiam.
1620 2852 1651 2855 —
1668 2837 1754 2869 (Rm.
1774 2836 1818 2869 19,
1837 2837 1857 2862 i.
1870 2835 1904 2862 53
1918 2838 1940 2861 r⁰
1951 2843 1957 2867 ;
1970 2843 2039 2862 ann.
2055 2835 2122 2868 XII,
2137 2844 2162 2862 c.
2177 2835 2253 2867 269.)

1287 2951 1300 2966 1(
1328 2940 1472 2977 Mayistro
1502 2939 1659 2976 Philippo,
1693 2937 1801 2966 clerico
1828 2941 1945 2965 nostro.
1979 2934 2128 2965 Dilectus
2161 2934 2252 2966 filius

2416 1846 2423 1899 ...μ

2376 3008 2423 3487 μ...
2373 2054 2423 2782 Qum-„m
