2371 3497
135 284 174 312 ‘27
854 278 1090 309 nnets'rnns
1113 276 1167 305 DE
1189 268 1411 305 GREGOIRE
1434 275 1493 304 IX.
2183 276 2221 306 23

139 356 251 378 eorum
278 347 436 385 provisio,
470 347 616 375 deductis
645 345 879 375 beneficiorum
908 345 1054 381 ipsorum
1080 351 1133 371 ex-

137 400 250 438 pensis
269 404 296 428 et
314 399 480 429 oneribus,
500 408 556 427 nec
578 406 641 427 non
659 402 687 426 et
705 397 900 435 quibusdam
920 393 1132 433 proventibus

139 455 169 481 et
192 451 349 480 manerio,
375 459 436 488 que
457 450 490 478 in
514 450 625 479 eadem
647 449 785 479 ecclesia
802 449 916 478 nonin
936 446 1130 477 beneficium

139 503 279 537 obtinet,
299 502 355 531 sed
373 502 411 531 ad
435 504 575 535 tirmam,
594 505 723 531 centum
741 505 770 530 ct
787 500 1027 539 quinquaginta
1046 507 1132 526 mar-

137 563 247 585 carum
265 554 439 583 valentiam
462 553 512 581 vix
535 553 682 587 excedat,
705 561 895 591 processum
912 559 1039 585 eorum,
1058 558 1131 579 cum

138 616 288 645 expresse
315 610 426 635 contra
450 605 586 634 sormam
612 605 759 634 mandati
787 604 891 634 nostri
918 603 959 633 sit
985 602 1128 636 habitus,

136 663 172 689 ut
201 662 249 688 est
279 666 466 695 expressum
496 657 658 694 superius,
687 661 887 689 revocantes,
916 659 946 685 et
974 654 1131 693 quicquid

136 714 282 741 secutum
309 713 355 738 est
381 718 417 737 ex
439 717 474 737 eo
499 708 549 738 vel
569 709 609 737 oli
632 709 755 747 ipsum,
779 709 826 738 eis
843 708 964 737 nostris
981 707 1130 736 dedimus

134 761 254 791 litteris
277 761 310 789 in
335 760 497 789 mandatis
517 764 568 795 ut,
596 760 622 789 si
645 764 691 789 est
714 760 773 794 ita,
792 759 909 789 amotis
926 768 943 787 a
959 757 1130 787 beneficiis

131 814 213 852 ipsis
232 812 433 851 quibuslibet
450 812 684 846 detentoribus,
700 811 935 841 beneficiorum
952 809 1128 839 eorundem

136 874 319 899 numerum,
333 865 491 903 cujusque
504 864 655 893 beneficii
669 868 885 902 proventuum
898 862 1127 901 quantitatem,

133 922 163 948 et
179 917 298 956 quibus
318 917 500 946 animarum
518 925 595 945 cura
611 916 792 946 immineat.
811 920 841 945 et
858 925 920 954 que
935 923 1045 944 curam
1064 922 1128 943 non

132 970 288 1003 habeant,
303 969 394 1008 juxta
413 969 499 1007 quod
512 969 559 998 eis
576 978 632 1007 per
648 968 730 998 alias
746 968 873 998 litteras
890 971 1019 997 nostras
1035 976 1129 996 man-

131 1023 291 1056 davimus,
310 1022 403 1051 nobis
416 1021 556 1051 fideliter
569 1022 749 1051 rescribere
766 1024 990 1059 procurarent,
1008 1024 1054 1054 ut,
1073 1028 1129 1057 per

130 1075 324 1105 relationem
351 1083 462 1104 eorum
490 1074 691 1104 sufficienter
718 1073 886 1107 instructi,
914 1072 1128 1111 procedamus

132 1127 247 1157 exinde
259 1130 352 1164 prout
366 1127 545 1156 secundum
560 1127 664 1156 Deum
676 1127 857 1155 viderimus
873 1125 1124 1164 procedendum.

130 1179 271 1217 Ideoque
288 1178 437 1208 fidelitati
453 1183 506 1208 tue
522 1188 579 1217 per
591 1179 767 1217 apostolica
783 1178 905 1216 scripta
918 1177 1128 1216 precipiendo

129 1231 323 1261 mandamus
348 1235 524 1269 quatenus,
549 1231 576 1260 si
601 1232 679 1261 dicti
700 1231 966 1269 archiepiscopus
990 1234 1019 1259 et
1041 1230 1128 1267 epis-

129 1293 228 1322 copus
254 1284 442 1313 mandatum
469 1288 616 1313 nostrum
643 1284 847 1321 neglexerint
870 1283 1065 1321 adimplere,
1093 1287 1127 1311 tu

130 1337 213 1366 illud
236 1336 352 1374 exequi
373 1336 504 1365 studeas
523 1337 615 1375 juxta
637 1336 789 1365 traditam
806 1336 852 1366 eis
869 1336 1025 1370 soi-manu
1050 1343 1127 1364 con-

128 1389 320 1418 tradictores
337 1393 397 1417 etc.
414 1389 487 1418 Non
504 1389 712 1418 obstantibus
730 1389 861 1420 litteris,
880 1388 997 1417 harum
1015 1392 1126 1418 tenore

128 1440 238 1475 tacito,
267 1449 285 1469 a
307 1440 388 1470 Sede
409 1440 595 1478 Apostolica
620 1441 820 1478 impetratis,
843 1445 873 1470 et
892 1441 1127 1470 constitutione

130 1493 168 1523 dc
179 1493 305 1522 duabus
319 1496 391 1527 etc.‚
401 1501 505 1530 usque
519 1502 525 1521 z
538 1493 696 1530 generali.
713 1492 836 1523 Taliter
851 1497 959 1523 autem
968 1493 1127 1531 prescrip-

130 1550 197 1575 tum
215 1550 363 1575 nostrum
385 1545 562 1583 adimplere
579 1555 749 1584 procures,
769 1546 855 1585 quod
871 1555 935 1576 non
952 1546 1058 1584 possis
1075 1556 1127 1577 re-

126 1598 287 1637 prehendi
302 1597 339 1627 de
355 1597 567 1635 negligentia,
585 1598 641 1627 sed
654 1598 762 1635 potius
777 1598 814 1627 de
826 1598 998 1635 diligentia
1010 1598 1126 1628 merito

130 1649 363 1680 commendari.
395 1650 466 1679 Dat.
499 1650 645 1685 Perusii,
678 1651 710 1680 II
742 1660 845 1680 nonas
875 1650 1005 1689 aprilis,
1040 1660 1125 1681 anno

125 1711 222 1733 nono.
243 1714 256 1730 »
854 1731 867 1742 »-

195 1878 312 1906 2501

159 1941 341 1973 Fridericus,
356 1941 554 1968 Romanorum
568 1942 744 1975 imperator,
760 1943 897 1976 Gregorio
914 1952 1006 1977 papae
1021 1943 1124 1970 scribit

122 1997 166 2021 se,
181 1988 250 2015 licet
265 1990 360 2015 multa
376 1989 531 2023 dispendia
546 1989 576 2016 in
600 1990 676 2016 bello
692 1993 791 2017 contra
809 1991 955 2017 Romanos
971 1999 1123 2025 perpessus

121 2036 174 2069 sit,
192 2039 289 2063 tamen
310 2037 375 2071 paci
393 2037 428 2064 de
443 2046 499 2071 qua
517 2038 594 2064 inter
610 2038 726 2064 eosdem
749 2041 776 2065 et
792 2039 954 2065 Ecclesiam
970 2042 1121 2073 tractetur,

121 2091 179 2111 non
192 2084 304 2117 obesse,
319 2085 343 2111 si
361 2085 475 2112 utilitas
495 2086 557 2112 fieri
574 2086 680 2120 possim
699 2090 797 2114 monet
810 2096 876 2114 eum
891 2096 927 2114 ne
944 2091 1061 2122 propter
1076 2088 1122 2123 ip-

122 2132 181 2159 sius
197 2133 381 2167 imperatoris
396 2134 558 2161 absentiam
576 2143 678 2169 pacem
700 2135 838 2163 inutilem
856 2136 955 2169 iaciat,
972 2145 1050 2170 cum,
1067 2137 1121 2164 etsi

121 2180 158 2208 ab
183 2181 289 2208 itinere
310 2190 360 2208 suo
383 2181 424 2216 [in
449 2183 676 2216 Alamanniam,
701 2187 801 2211 contra
823 2184 1002 2218 Henricum,
1025 2185 1120 2212 filium

121 2227 229 2263 suum],
239 2229 378 2256 desistere
389 2239 444 2256 non
457 2231 557 2264 possit,
570 2231 734 2258 Ecclesiam
748 2232 932 2260 indefensam
945 2233 1121 2261 dimissurus

119 2285 177 2304 non
193 2277 247 2309 sit;
265 2278 383 2305 nuntiat
398 2287 427 2305 sc
441 2278 681 2314 [HermannumL
695 2281 867 2314 magistrum
882 2282 1119 2316 Teutonicorum,

119 2325 253 2359 proximo
275 2327 348 2353 festo
369 2327 500 2354 Paschae
522 2328 558 2354 ad
582 2328 687 2355 Sedem
712 2330 912 2363 Apostolicam
936 2331 1062 2358 mittere.
1088 2346 1119 2350 —

119 2374 205 2405 (Rau.
222 2374 270 2407 18,
292 2375 312 2401 f.
326 2375 359 2401 13
380 2378 420 2407 r⁰;
444 2384 512 2402 ann.
531 2377 587 2409 IX,
606 2386 630 2403 c.
648 2377 696 2410 13;
715 2392 746 2396 —
760 2378 892 2406 MOREAU
911 2379 994 2409 1190,
1016 2381 1035 2406 f.
1050 2380 1118 2412 262;

119 2435 151 2440 —
162 2423 432 2456 Domina-Ficana,
447 2425 553 2457 Βέρβεια
569 2426 704 2451 Frater-ici
719 2427 754 2458 ll,
769 2430 798 2453 n⁰
811 2427 893 2460 20813
907 2442 938 2446 —
951 2429 987 2454 cf.
1004 2429 1118 2456 RODEN-

118 2478 195 2497 nnnc,
210 2470 284 2502 635.)

698 1881 815 1914 Poggia,
831 1881 865 1907 27
881 1890 957 1908 mars
974 1881 1050 1908 1:235.

159 2581 172 2595 «
189 2570 296 2598 Littere
309 2571 341 2599 F.
360 2572 553 2608 imperatoris
570 2574 609 2602 acl
627 2574 785 2603 dominum
807 2584 932 2612 papam.
955 2577 1118 2606 Reveren—

117 2620 248 2650 tissimo
265 2621 299 2651 in
315 2622 447 2653 Christo
468 2642 516 2653 —.
539 2625 767 2656 Intelleximus
782 2636 840 2665 per
857 2628 1051 2665 apostolicas
1066 2646 1115 2658 —.

116 2673 189 2703 Dat.
206 2675 337 2712 Foggie‚
355 2675 496 2706 ΧΧΥΙΙο
515 2678 637 2713 martii,
656 2680 750 2709 VIlI‘·
768 2679 960 2710 indictione.
984 2693 996 2707 »

183 2850 305 2880 2502

149 2912 379 2948 Archiepiscopo
403 2915 595 2949 Dublinensi,
621 2918 756 2952 episcopo
781 2918 945 2946 Ossoriensi
973 2922 1001 2946 et
1027 2921 1116 2954 priori

691 2856 826 2889 Perouse,
843 2856 859 2882 8
874 2857 950 2883 avril
966 2857 1044 2884 1235.

1217 340 1361 368 Omnium
1374 340 1561 373 Sanctorum,
1574 340 1767 368 Dublinensis
1778 340 1929 374 dioecesis,
1943 341 2064 368 mandat
2076 343 2220 376 quatenus

1215 388 1251 415 de
1275 389 1328 415 lite
1356 389 1434 416 inter
1457 389 1693 424 archiepiscopos
1717 390 1913 417 Tuamensem
1939 392 1967 416 et
1995 390 2218 417 Armachanum

1215 444 1301 470 super
1326 437 1390 470 jure
1417 437 1632 471 metropolitico
1659 438 1800 465 ecelesiae
1823 438 2061 465 Ardachadensis
2085 441 2220 466 vertente

1214 483 1368 517 inquirant
1383 486 1411 511 et
1427 485 1564 512 referant.
1579 500 1610 504 —-
1622 486 1708 518 (Bm.
1725 485 1769 519 18,
1784 486 1804 512 f.
1821 485 1854 512 13
1870 489 1910 518 1²⁰3
1927 494 1996 512 ann.
2014 486 2067 519 IX,
2084 493 2108 513 c.
2123 486 2174 518 14;
2187 500 2219 504 —-

1214 533 1370 560 Pommsw
1385 532 1477 565 9876.)

1255 651 1268 665 «
1289 662 1307 667 ..
1325 640 1552 678 archiepiscopo
1568 641 1758 676 Dublinensi,
1781 664 1800 670 ..
1819 642 1952 679 episcopo
1970 642 2136 671 Ossoriensi
2155 647 2180 671 et
2198 665 2217 670 ..

1209 692 1313 728 priori
1330 692 1475 720 Omnium
1494 692 1690 727 Sanctorum,
1709 694 1903 723 Dublinensis
1919 694 2054 723 diocesis.
2071 695 2220 724 Venera-

1212 742 1290 772 bilis
1317 743 1420 772 frater
1446 747 1558 774 noster
1584 761 1633 773 —.
1660 745 1734 774 Dat.
1756 746 1898 782 Perusii,
1923 747 1969 776 VI
1993 746 2068 776 idus
2091 746 2217 785 aprilis,

1212 803 1298 824 anno
1316 803 1414 824 nono.
1434 806 1447 821 »

1283 992 1402 1020 2503
1772 995 1909 1029 Pe'mouse,
1926 996 1959 1022 12
1974 996 2051 1023 avril
2066 996 2146 1023 1235.

1247 1054 1364 1081 Decano
1389 1054 1567 1088 Parisiensi,
1591 1056 1734 1089 Johanni,
1758 1057 1965 1084 archidiacono
1988 1058 2165 1091 Parisiensi‚
2189 1061 2218 1086 et

1210 1103 1353 1136 Johanni,
1375 1103 1516 1130 canonico
1537 1104 1692 1137 Remensi,
1716 1104 1848 1132 Parisius
1869 1104 2077 1139 commoranti,
2095 1107 2218 1134 mandat

1211 1153 1369 1185 quatenus,
1389 1151 1413 1177 si
1435 1151 1602 1186 episcopus,
1630 1152 1758 1179 decanus
1781 1156 1809 1180 et
1835 1153 1999 1188 capitulum
2023 1154 2217 1182 Carnotenses

1210 1199 1395 1233 neglexerint
1417 1200 1581 1234 adimplere
1603 1202 1797 1235 apostolicum
1818 1202 2008 1236 mandatum,
2024 1203 2166 1230 videlieet
2185 1205 2219 1231 ut

1208 1247 1367 1274 Nicolaum
1382 1249 1417 1275 de
1431 1249 1553 1282 Cannis,
1568 1250 1744 1277 canonicum
1762 1250 1865 1278 Sancti
1882 1251 1999 1286 Georgii
2013 1252 2219 1279 Vindocinen-

1210 1296 1260 1329 sis,
1277 1297 1313 1324 ad
1326 1297 1525 1331 praebendam
1538 1298 1595 1332 ipsi
1608 1308 1625 1326 a
1637 1298 1790 1334 G[alter0],
1802 1300 2022 1334 praedecessore
2033 1301 2126 1335 ipsius
2139 1301 2218 1336 epis-

1210 1345 1285 1379 copi,
1302 1354 1468 1373 concessam
1479 1368 1485 1379 ,
1502 1347 1667 1382 reciperent
1686 1348 1717 1374 in
1733 1349 1908 1376 canonicum
1923 1352 1950 1376 et
1964 1349 1995 1376 in
2016 1350 2153 1383 fratrem,
2170 1358 2217 1377 eos

1209 1394 1246 1421 ad
1261 1394 1292 1420 id
1306 1398 1420 1427 cogant.
1434 1409 1465 1413 ——
1478 1396 1564 1427 (REG.
1580 1396 1623 1429 18,
1638 1397 1658 1423 f.
1673 1397 1707 1424 14
1722 1401 1762 1430 r⁰3
1777 1406 1846 1425 ann.
1863 1398 1917 1431 IX,
1934 1407 1958 1425 c.
1974 1399 2024 1431 15;
2039 1413 2071 1417 —
2083 1399 2216 1426 Mons-,au

1208 1442 1287 1475 1190,
1302 1444 1322 1469 f.
1340 1442 1415 1474 259.)

1250 1562 1263 1576 «
1291 1573 1312 1578 ..
1336 1551 1447 1580 decano
1469 1556 1494 1580 et
1515 1553 1663 1587 Johanni,
1687 1554 1907 1583 archidiacono
1929 1555 2164 1591 Parisiensibus,
2190 1561 2216 1585 el

1206 1603 1353 1638 Johanni,
1373 1606 1520 1634 canonico
1535 1606 1683 1641 Itemensi,
1701 1607 1842 1636 Parisius
1857 1609 2072 1637 commoranti.
2088 1607 2216 1638 Consti-

1208 1658 1298 1685 tutus
1314 1655 1350 1684 in
1365 1657 1535 1694 presentia
1551 1662 1664 1688 nostra
1682 1658 1822 1689 dilectus
1838 1659 1928 1690 filius
1944 1660 2102 1697 magister
2119 1661 2215 1691 Nico-

1206 1707 1279 1738 laus
1289 1708 1327 1738 de
1338 1709 1474 1745 Cannis,
1486 1711 1665 1741 canonicus
1676 1712 1789 1742 Sancti
1801 1712 2212 1751 Georgiivindocinensis,

1207 1770 1268 1790 sua
1288 1761 1384 1791 nobis
1401 1762 1561 1793 relatione
1577 1765 1774 1794 monstravit
1790 1765 1877 1804 quod
1893 1765 1971 1795 olim
1990 1765 2074 1796 bone
2089 1775 2216 1796 memo-

1206 1814 1255 1843 rie
1272 1814 1323 1849 G„
1341 1814 1557 1845 Carnotensis
1574 1817 1761 1855 episcopus,
1782 1818 1995 1856 predecessor
2013 1818 2214 1848 venerabilis

1206 1865 1319 1895 fratris
1338 1867 1444 1896 nostri
1469 1891 1488 1896 ..
1509 1868 1654 1907 episcopi
1670 1870 1903 1905 Carnotensis,
1922 1870 2045 1906 eidem,
2064 1871 2099 1900 in
2117 1870 2214 1901 Italia

1206 1926 1307 1947 causa
1337 1919 1521 1949 studiorum
1552 1922 1709 1957 moranti,
1742 1922 1980 1953 Carnotensem
2012 1923 2213 1961 prebendam

1206 1975 1377 2001 vacantem
1394 1973 1559 2003 concessit
1575 1974 1759 2004 liberaliter
1772 1979 1801 2005 et
1820 1975 1980 2013 henigne3
2001 1980 2032 2005 et
2047 1985 2122 2005 cum
2136 1980 2214 2006 tunc

1205 2024 1362 2062 temporis
1379 2025 1466 2055 idem
1480 2027 1653 2065 episcopus
1670 2036 1688 2057 a
1704 2028 1837 2058 civitate
1853 2028 2051 2059 Carnotensi
2062 2029 2210 2065 distaret,

1204 2077 1453 2108 concessionem
1470 2078 1661 2118 hujusmodi
1679 2080 1881 2118 significavit
1896 2091 1954 2119 per
1969 2090 2045 2111 suas
2061 2085 2212 2119 patentes

1203 2127 1331 2159 litteras
1357 2130 1504 2168 predicto
1536 2132 1699 2171 episcopo,
1731 2137 1810 2163 tunc
1839 2133 1977 2170 decano,
2008 2137 2039 2163 et
2068 2133 2212 2172 capitulo

1204 2181 1342 2212 ecclesie
1365 2183 1596 2220 Carnotensis,
1622 2189 1652 2215 et
1674 2185 1780 2215 tribus
1802 2186 1877 2216 aliis
1894 2187 2046 2225 personis
2063 2186 2212 2226 ejusdem

1204 2234 1359 2270 ecclesie,
1379 2245 1453 2265 cum
1472 2238 1612 2275 quibus,
1631 2242 1666 2268 ut
1683 2239 1815 2275 dicitur,
1835 2239 1874 2269 de
1893 2240 2106 2270 concessione
2124 2240 2212 2270 facta

1204 2291 1380 2326 antequam
1402 2299 1544 2328 persona
1573 2292 1627 2321 cui
1647 2293 1734 2322 facta
1756 2297 1804 2323 est
1825 2292 1901 2323 talis
1920 2293 2107 2328 concessio,
2125 2293 2212 2323 reci-

1201 2340 1312 2377 piatur
1328 2341 1554 2380 sollempniter
1567 2344 1601 2373 in
1614 2345 1768 2382 capitulo,
1786 2345 2066 2384 loquiconsuevit
2083 2346 2211 2384 episco-

1201 2401 1263 2430 pus
1292 2399 1505 2425 memoratus.
1537 2397 1678 2433 Verum,
1710 2398 1884 2436 quoniam,
1917 2402 2095 2437 ant-equam
2124 2398 2210 2428 dicte

1202 2445 1310 2475 littere
1333 2446 1371 2476 de
1393 2449 1606 2480 concessione
1627 2451 1786 2488 magistro
1808 2451 1895 2481 sacta
1920 2452 2048 2489 prefato
2071 2451 2112 2481 ad
2133 2460 2208 2490 pre-

1201 2497 1305 2528 dictos
1328 2500 1517 2538 episcopum
1545 2506 1575 2531 et
1599 2503 1781 2541 capitulum
1806 2507 1837 2533 et
1860 2507 1925 2533 tres
1942 2512 2102 2542 personas
2121 2504 2208 2542 Jam-

1201 2550 1305 2580 dictas
1321 2551 1403 2581 alias
1416 2554 1658 2590 pervenissent,
1676 2560 1878 2586 memoratus
1893 2557 2107 2594 predecessor
2122 2557 2207 2596 ejus-

1202 2602 1275 2632 dem
1297 2604 1441 2643 episcopi
1462 2606 1608 2636 debitum
1630 2612 1747 2638 nature
1768 2608 1942 2647 persolvit,
1964 2617 1983 2638 a
2001 2608 2096 2639 nobis
2118 2609 2207 2638 idem

1202 2656 1360 2693 magister
1379 2657 1552 2689 humiliter
1572 2661 1761 2698 postulabat
1782 2666 1829 2696 ut,
1857 2671 1897 2692 ne
1922 2662 2105 2700 prescripta
2128 2671 2207 2692 con-

1201 2708 1306 2738 cessio
1323 2709 1362 2738 31)
1379 2711 1544 2741 antedicto
1560 2713 1712 2751 episeopo
1731 2714 1796 2743 sibi
1812 2715 1899 2744 facta
1916 2715 2066 2745 videatur
2081 2715 2206 2751 inanis,

1199 2777 1238 2782 —
1261 2762 1433 2799 providere
1449 2764 1513 2793 sibi
1533 2766 1703 2803 superhoc
1717 2767 1756 2796 de
1771 2767 1978 2805 benignitate
1995 2767 2089 2798 Sedis
2106 2768 2206 2806 Apos-

1200 2812 1296 2843 tolice
1315 2814 1538 2851 dignaremur.
1556 2818 1624 2847 Nos
1642 2818 1755 2856 igitur,
1772 2820 1913 2857 predicti
1928 2820 2096 2857 magistri,
2115 2820 2169 2849 cui
2187 2828 2206 2850 a

1198 2864 1349 2903 pluribus
1378 2867 1545 2899 laudabile
1578 2871 1807 2901 testimonium
1835 2871 2045 2909 perhibetur,
2078 2871 2205 2902 devotis

1198 2918 1351 2955 precibus
1373 2920 1540 2957 inclinati,
1566 2924 1729 2961 sepefatos
1755 2924 1962 2963 episcopum,
1989 2925 2150 2955 decanum
2174 2929 2207 2955 et
