2371 3497
140 287 176 318 31
860 280 1097 311 REG1s'rn13s
1120 279 1174 307 nn
1197 269 1417 307 GREGOIRE
1440 278 1499 307 1x.
2190 276 2229 306 32

145 357 175 383 et
191 352 293 381 dictos
316 350 509 389 capitulum.
532 358 569 379 ex
592 349 671 383 alia,
694 357 790 386 super
807 356 843 377 eo
860 346 945 385 quod
961 345 1046 374 idem
1065 352 1138 382 pre-

144 404 295 433 decessor
324 402 566 432 institutionem
594 400 726 439 majoris
751 400 877 433 domus,
907 396 1080 427 camerarii
1110 400 1137 424 ct

144 455 320 486 infirmarii
337 455 376 483 ad
392 463 426 484 se
443 458 587 491 spectare
610 452 752 486 dit-chat,
773 451 920 481 obiciens
938 449 1023 487 quod
1039 448 1139 477 iidem

145 507 292 537 ordinem
309 510 338 535 et
353 505 578 534 institutiones
596 504 629 532 in
648 503 787 533 ecclesia
803 502 985 540 Seguntina
1002 500 1041 530 ab
1058 500 1139 529 anti-

145 559 219 598 quis
243 559 429 588 observatas
453 556 652 594 tenuioribus
676 565 741 585 non
765 555 954 588 servabant,
980 552 1139 582 beneficia

145 610 365 641 ecclesiastica
383 613 412 638 et
429 608 567 646 quedam
591 608 653 637 alia
676 612 787 637 contra
810 607 973 646 justitiam
992 605 1139 634 retinen-

144 667 204 694 tes,
227 662 349 692 eisdem
370 670 385 690 e
406 660 568 689 contrario
589 659 863 698 respondentibus
885 658 970 697 quod
992 657 1139 695 prefatus

142 714 363 752 predecessor,
386 713 419 741 in
441 712 507 741 hiis
526 716 555 742 et
573 712 647 741 aliis
668 712 750 749 ipsis
774 711 882 748 gravis
904 714 934 740 et
956 709 1138 748 injuriosus

144 765 298 799 existens
322 774 376 794 eos
397 765 466 794 suis
490 765 618 802 privare
644 764 852 793 libertatibus
873 767 903 792 et
923 762 962 792 ad
981 761 1139 800 quasdam

141 818 351 847 inconsuetas
370 817 595 846 observantias
618 816 811 854 compellere
834 815 1010 850 nitebatur,
1030 818 1140 843 exorta

142 870 259 899 fuisset
277 869 415 898 materia
431 869 630 907 questionis,
654 868 784 898 tandem
808 876 906 905 super
925 868 985 896 hoc
1004 867 1038 895 in
1055 866 1139 904 110118.

142 922 299 951 memorie
329 921 523 957 Mai-tinum,
549 920 743 950 Toletanum
774 920 1077 957 archiepiscopum,
1109 923 1139 948 et

143 974 301 1013 quosdam
330 973 411 1002 alios
440 973 501 1002 fuit
527 982 544 1002 a
572 972 720 1010 partibus
749 972 1041 1010 compromissum,
1069 971 1137 1009 qui,

142 1026 371 1064 questionibus
393 1025 589 1064 quibusdam
612 1024 690 1054 hinc
708 1025 784 1054 inde
802 1025 937 1064 objectis
957 1024 1139 1054 sentcntia-

140 1078 217 1108 liter
233 1078 427 1112 terminatis,
446 1078 604 1116 quasdam
621 1086 718 1116 super
734 1078 854 1116 quibus
877 1077 964 1107 inter
989 1086 1043 1107 eos
1066 1085 1138 1106 con-

142 1130 304 1160 tentiones
319 1134 349 1160 et
364 1130 439 1160 lites
453 1135 623 1168 emergunt
640 1130 769 1165 cotidie,
786 1130 991 1160 indiscussas
1007 1129 1139 1167 penitus

142 1183 353 1218 dimiserunt3
382 1187 512 1221 propter
536 1183 622 1221 quod
650 1183 763 1212 eadem
794 1183 934 1212 ecclesia
958 1182 1080 1211 leditur
1109 1186 1139 1211 et

144 1240 248 1265 status
277 1236 346 1274 ejtis
372 1244 435 1264 non
465 1235 629 1264 modicum
657 1235 878 1272 perturbatur.
907 1235 1014 1270 Quare
1039 1234 1139 1264 iidem

143 1288 314 1326 episcopus
331 1291 361 1317 et
377 1287 557 1325 capitulum
574 1287 667 1316 nohis
682 1287 852 1317 humiliter
867 1286 1093 1325 supplicarunt
1105 1291 1138 1316 ut

143 1349 241 1378 super
256 1340 322 1370 hiis
336 1349 448 1370 eorum
461 1340 565 1378 quieti
582 1344 611 1369 ct
628 1340 798 1369 concordie
815 1340 1028 1377 dignaremur
1043 1340 1139 1369 misc-

141 1393 314 1422 ricorditer
328 1392 510 1430 providere.
531 1393 650 1421 Eorum
665 1392 767 1429 igitur
779 1392 1076 1430 supplicationibus
1092 1392 1139 1421 in-

143 1445 268 1480 clinati,
285 1444 479 1474 mandamus
495 1448 669 1483 quatenus.
682 1444 901 1483 personaliter
912 1444 952 1474 ad
967 1444 1140 1474 ecclesiam

144 1498 360 1536 Seguntinam
379 1497 547 1532 accedens,
569 1497 731 1535 inquisita
749 1503 779 1527 et
802 1498 931 1535 cognita
951 1506 1048 1535 super
1065 1506 1140 1535 pre-

142 1550 256 1580 missis
270 1550 462 1587 diligentius
474 1550 622 1585 veritate,
639 1559 676 1579 ea
692 1559 755 1588 que
767 1559 824 1588 per
833 1550 936 1579 dictos
947 1550 1138 1583 Martinum,

142 1603 406 1642 predecessorem
427 1606 528 1638 tuum,
548 1606 578 1631 et
603 1602 685 1631 alios
704 1602 844 1632 arbitros
866 1611 964 1640 super
983 1602 1140 1640 predictis

142 1654 276 1694 provide
292 1654 459 1683 inveneris
480 1654 669 1689 terminata,
689 1654 905 1692 appellatione
925 1660 1064 1690 remota,
1084 1655 1140 1683 fir—

142 1706 240 1736 miter
254 1706 357 1735 facias
371 1706 548 1741 observari,
567 1710 608 1740 et,
628 1706 692 1736 alia
709 1711 830 1736 statum
851 1716 962 1736 corum
983 1711 1013 1737 et
1037 1707 1140 1737 88818-

143 1758 227 1789 siam
238 1758 465 1796 perturbantia
477 1759 611 1796 provida
624 1759 887 1790 consideratione
902 1760 1137 1795 determinans,

143 1811 173 1842 si
192 1820 255 1850 qua
276 1811 312 1840 in
333 1811 478 1850 predicta
498 1811 637 1841 ecclesia
657 1812 840 1842 ordinanda
861 1813 911 1843 vel
930 1813 1141 1843 reformanda

139 1864 320 1899 inveneris,
340 1864 520 1894 secundum
538 1864 646 1894 datam
664 1865 723 1894 tibi
740 1874 757 1894 a
773 1865 913 1895 Domino
933 1866 1071 1903 gratiam
1087 1875 1140 1896 or-

141 1917 234 1947 dines
262 1921 291 1947 et
316 1918 492 1952 reformes3
513 1917 780 1952 contradictores,
800 1918 828 1947 si
852 1927 933 1956 quos
958 1918 1137 1953 inveneris,

139 1969 191 1999 vel
214 1969 365 2005 rebelles,
389 1974 449 1999 etc.
476 1971 549 1999 Dat.
577 1970 718 2005 Perusii,
746 1971 777 2000 ΙΙ
799 1970 874 2000 idus
898 1971 1025 2009 aprilis,
1053 1980 1139 2001 anno

139 2031 237 2052 nono.
256 2034 270 2048 1)

209 2199 326 2227 25¹0

178 2261 320 2295 Episcopo
342 2262 589 2296 Petragoriccnsi,
613 2266 641 2290 et
658 2263 812 2291 abbatibus
833 2265 868 2291 de
888 2265 1036 2292 Moroillis
1059 2268 1086 2292 et
1106 2266 1142 2292 de

139 2309 272 2336 Vadacio
292 2310 413 2337 mandat
431 2315 588 2344 quatenus,
606 2320 671 2338 eum
686 2312 812 2340 decanus
828 2313 1015 2340 Pictavensis
1028 2316 1057 2341 et
1076 2315 1142 2341 the-

140 2358 289 2385 saurarius
305 2358 492 2392 Turonensis,
507 2360 583 2386 votis
599 2360 771 2394 eligentium
786 2362 817 2388 in
831 2362 903 2388 duas
916 2365 1013 2396 partes
1024 2363 1140 2396 divisis,

143 2405 175 2433 in
201 2407 368 2441 episcopum
392 2408 597 2435 Pictavcnsem
619 2410 703 2436 electi
724 2410 864 2443 fuissent,
887 2411 970 2437 illius
989 2411 1142 2438 electionis

142 2455 291 2488 negotium
307 2455 455 2483 instruant
472 2460 499 2483 et
515 2457 692 2484 instructum
708 2458 744 2484 ad
761 2459 867 2485 Sedem
883 2459 1084 2493 Apostolicam
1100 2468 1143 2487 re-

143 2503 276 2530 mittant.
294 2518 325 2522 —
339 2505 424 2535 (Rae.
446 2505 494 2538 18,
516 2507 535 2532 t'.
560 2506 592 2532 14
610 2509 655 2538 v⁰;
678 2515 747 2533 ann.
766 2507 823 2540 IX,
847 2516 872 2534 c.
892 2507 943 2540 223
961 2523 992 2527 -
1009 2508 1141 2536 Monam

138 2550 222 2583 1190,
237 2551 256 2578 f.
273 2551 346 2583 274.)

692 2202 832 2235 Perouse‚
848 2202 882 2229 16
897 2203 974 2229 avril
989 2203 1068 2229 1235.

183 2662 197 2676 α
220 2673 239 2678 ..
257 2652 389 2689 episcopo
404 2653 651 2690 Fen-afforiccnsi,
672 2678 691 2683 ..
711 2656 744 2684 de
759 2655 941 2694 Mo1·0itl[is],
961 2657 1141 2686 Cistercien-

141 2703 192 2737 sis,
206 2708 231 2731 et
252 2726 270 2731 ..
289 2704 322 2732 de
341 2705 477 2739 traducto,
492 2708 769 2744 sancti.-1uyuslini
782 2709 938 2744 ordinum,
955 2710 1142 2739 pictavensis

141 2760 167 2784 et
189 2756 421 2786 Cenomanensis
441 2758 619 2793 diocesizzm,
643 2760 833 2798 [abbatibus]
854 2761 1001 2790 Pastoris
1020 2762 1141 2792 solacio

142 2806 329 2838 Pictavensi
352 2809 490 2838 ecclesia
516 2810 688 2846 destituta,
710 2820 783 2841 cum
803 2835 822 2841 ,.
840 2812 983 2842 decanus
1003 2813 1140 2844 ecclesie

143 2859 348 2890 Pictavensis
371 2865 401 2890 et
427 2885 446 2890 ..
469 2863 672 2894 Turonensis
696 2864 936 2900 thesaurarius,
961 2867 1140 2897 canonicus

144 2911 290 2949 ejusdem
308 2912 461 2944 ecclesie.
480 2914 595 2945 divisis
618 2916 652 2945 in
669 2916 749 2946 duas
767 2922 876 2955 partes
897 2918 981 2948 votis
1004 2919 1140 2948 canoni-

1222 351 1335 372 corum
1359 342 1477 380 ipsius,
1507 342 1604 373 electi
1626 343 1751 372 suerint
1777 342 1818 372 ad
1839 342 1989 377 eandem,
2014 351 2073 372 nos
2098 341 2230 372 dilectis

1222 393 1301 422 filiis
1317 393 1474 429 Johanni,
1493 394 1695 424 subdiacono
1714 398 1836 429 nostro,
1856 393 2022 432 preposito
2038 397 2069 423 et
2087 393 2227 429 Oddoni,

1222 444 1456 475 archidiacono
1472 446 1824 484 Cenomanen[sibus],
1851 445 1989 475 ecclesie
2009 445 2154 484 predicte
2175 454 2230 475 ca-

1222 497 1353 532 nonico,
1374 498 1431 535 qui
1448 507 1506 536 pro
1531 498 1691 528 electione
1716 521 1736 527 ..
1760 498 1978 533 thesaurarii,
2005 502 2036 527 et
2062 521 2082 527 ..
2109 497 2230 528 subde-

1222 558 1303 579 cano
1317 554 1347 579 et
1358 550 1518 579 Gausrido
1528 550 1566 580 de
1579 551 1758 586 Mauriaco,
1769 551 1928 580 canonico
1938 550 2226 589 Pictaven[sibus],

1223 601 1280 639 qui
1295 610 1354 639 pro
1371 601 1531 632 electione
1550 603 1602 632 sui
1618 603 1734 632 decani
1751 602 1792 632 ad
1807 606 1953 632 nostram
1964 603 2167 641 presentiam
2180 611 2229 632 ac-

1222 657 1412 689 cesserunt,
1445 654 1649 684 audientiam
1681 654 1875 692 prebuimus
1906 654 2045 685 liberam
2075 659 2106 685 et
2134 655 2231 684 beni-

1223 714 1337 743 gnam,
1363 709 1403 740 et,
1428 706 1551 736 auditis
1570 716 1632 744 que
1649 706 1728 737 111118
1746 707 1823 737 inde
1838 716 2020 745 proponere
2041 707 2228 743 voluerunt,

1223 757 1418 787 electionem
1445 757 1577 794 decani,
1606 758 1703 796 longe
1729 768 1747 788 a
1773 759 1896 789 minori
1923 764 2015 797 parte
2041 759 2231 790 medietatis

1223 809 1359 847 capituli
1376 809 1586 845 celebratam,
1605 811 1759 840 effectum
1776 811 1982 841 decrevimus
2000 811 2145 851 aliquem
2164 821 2230 842 non

1222 861 1355 896 habere,
1373 870 1449 891 cum
1461 871 1521 892 nec
1536 861 1586 891 illi
1604 863 1661 901 qui
1672 872 1730 900 pro
1749 863 1863 893 eadem
1877 863 2037 894 electione
2058 869 2229 901 venerant,

1222 923 1283 945 nec
1307 914 1452 944 decanus
1481 914 1638 944 insistere
1665 915 1788 945 vellent
1814 916 1921 946 eidem
1948 926 1955 945 :
1982 916 2167 955 quinimmo
2192 926 2231 948 ex

1221 970 1313 1005 parte
1330 966 1437 1005 ipsius
1454 967 1518 996 fuit
1539 967 1733 1006 suppliciter
1750 967 1953 1006 postulatum
1968 973 2004 998 ut
2020 969 2059 998 de
2076 969 2140 999 alio
2155 979 2231 1008 pro-

1222 1019 1413 1049 videremus
1430 1019 1569 1049 ecclesie
1586 1020 1785 1058 supradicte.
1801 1021 1919 1056 Porro,
1938 1029 2013 1051 cum
2034 1030 2109 1060 pars
2127 1021 2233 1052 altera

1222 1071 1427 1101 thesaurarii
1444 1072 1650 1108 electionem,
1668 1076 1780 1111 utpote
1797 1082 1815 1102 a
1828 1073 1933 1103 multo
1944 1074 2062 1113 majori
2079 1078 2171 1112 parte
2186 1078 2231 1104 to-

1222 1123 1291 1153 tius
1309 1123 1446 1162 capituli
1467 1125 1588 1154 factam
1610 1125 1649 1154 de
1669 1125 1758 1163 ipso,
1780 1125 1945 1155 instanter
1965 1130 2090 1164 peteret
2110 1126 2232 1156 confir-

1221 1176 1317 1211 mari,
1343 1176 1390 1215 [..]
1415 1176 1623 1207 subdecanus
1650 1181 1680 1207 et
1703 1177 1884 1207 Gaufridus
1908 1177 1947 1208 de
1970 1178 2099 1214 Mariet‚
2123 1178 2231 1217 ipsius

1223 1228 1361 1259 ecclesie
1380 1229 1542 1264 canonici,
1562 1229 1640 1259 licet
1660 1239 1719 1268 pro
1743 1229 1830 1265 aliis,
1854 1230 1911 1269 qui
1933 1239 2046 1260 secum
2069 1231 2231 1261 decanum

1222 1281 1401 1320 elegerant,
1426 1282 1619 1312 mandatum
1641 1283 1682 1312 ad
1702 1282 1764 1313 hoc
1785 1283 1954 1313 sufficiens
1970 1293 2036 1314 non
2056 1284 2229 1320 haberent,

1223 1343 1257 1364 se
1276 1339 1385 1377 tamen
1402 1335 1646 1365 confirmationi
1662 1336 1763 1374 petite
1781 1345 1840 1365 5110
1860 1336 1994 1367 nomine
2014 1341 2228 1375 opponentes,

1222 1390 1289 1416 tam
1304 1396 1362 1425 per
1381 1396 1415 1417 se
1431 1387 1520 1425 ipsos
1540 1397 1639 1426 quam
1656 1397 1714 1426 per
1730 1389 1927 1426 magistrum
1945 1390 2098 1425 Petrum,
2116 1398 2232 1428 procu-

1221 1444 1366 1469 ratorem
1383 1448 1492 1475 suum,
1511 1440 1624 1484 datum
1640 1440 1680 1469 ad
1695 1441 1729 1470 id
1744 1442 2022 1480 prosequendum,
2038 1440 2231 1480 excipiendo

1222 1496 1336 1522 contra
1363 1501 1541 1530 personam
1570 1492 1771 1523 thesaurarii
1798 1493 1989 1533 objecerunt
2015 1494 2101 1533 quod
2125 1495 2229 1531 idem,

1221 1544 1352 1582 patiens
1368 1544 1403 1573 in
1422 1544 1611 1574 litteratura
1629 1545 1805 1580 desectum,
1828 1546 1924 1584 plura
1938 1546 2100 1576 beneficia
2118 1556 2232 1577 curam

1223 1597 1411 1626 animarum
1435 1597 1605 1634 habentia,
1634 1602 1748 1628 contra
1769 1599 2041 1629 constitutionem
2066 1599 2232 1637 generalis

1223 1649 1366 1686 concilii,
1391 1650 1465 1680 sine
1490 1650 1739 1688 dispensatione
1761 1651 1940 1689 apostolica
1957 1652 2102 1682 retinere
2115 1661 2232 1691 presu-

1222 1702 1300 1738 mit,
1318 1702 1354 1732 in
1373 1702 1522 1732 vestibus
1539 1707 1570 1733 et
1588 1703 1703 1733 multis
1721 1703 1796 1733 aliis
1814 1712 1877 1742 que
1896 1704 2042 1734 clericali
2064 1704 2234 1735 honestati

1223 1764 1288 1785 non
1305 1756 1518 1791 conveniunt,
1538 1756 1735 1786 excedendo.
1750 1758 1999 1795 Proposuerunt
2012 1762 2163 1796 preterea
2174 1767 2233 1796 per

1222 1808 1509 1838 confederationes
1526 1809 1686 1847 quasdam
1703 1813 1733 1839 et
1750 1813 1909 1840 tractatus
1925 1810 2072 1846 illicitos,
2090 1811 2232 1841 interve-

1222 1861 1394 1890 nientibus
1416 1870 1546 1899 quoque
1572 1861 1878 1892 machinationibus
1901 1862 2041 1892 diversis
2067 1867 2098 1893 et
2115 1863 2231 1899 variis,

1221 1922 1329 1952 prece,
1348 1913 1555 1950 muneribus,
1569 1914 1861 1952 promissionibus,
1874 1915 1976 1945 minis
1992 1919 2023 1945 et
2035 1915 2232 1951 terroribus,

1222 1965 1263 1995 ad
1279 1965 1475 1996 electionem
1491 1966 1639 2005 ejusdem
1655 1967 1760 1997 fuisse
1776 1976 1978 2005 processum,
1994 1968 2071 1998 licet
2087 1969 2234 1998 extiterit

1223 2023 1320 2048 antea
1338 2028 1379 2048 ne
1402 2019 1483 2057 quid
1503 2023 1616 2049 contra
1637 2020 1778 2050 formam
1795 2020 1881 2059 juris
1897 2021 2000 2056 fieret,
2018 2021 2230 2059 appellatum.

1223 2071 1320 2101 Multi
1341 2072 1441 2101 etiam
1466 2072 1505 2102 de
1531 2077 1623 2110 parte
1652 2072 1866 2108 thesaurarii,
1890 2073 2086 2111 interrogati
2107 2074 2136 2104 si
2156 2082 2234 2104 eum

1223 2125 1403 2160 novissent,
1426 2134 1523 2163 quem
1539 2125 1575 2154 in
1592 2125 1753 2155 scrutinio
1770 2126 2034 2162 nominaverant,
2052 2126 2235 2165 responde-

1222 2181 1301 2206 runt
1321 2177 1408 2215 quod
1425 2178 1536 2215 ipsum
1558 2186 1623 2207 non
1646 2182 1818 2213 noverant,
1842 2178 1900 2208 sed
1919 2187 2055 2209 11888558
2070 2178 2233 2209 haberent

1222 2230 1256 2259 id
1274 2230 1394 2265 facere,
1416 2231 1573 2268 quoniam
1597 2240 1711 2261 eorum
1733 2231 1860 2261 domini
1881 2231 1943 2262 hoc
1960 2232 2125 2262 volebant.
2143 2232 2232 2269 Quo-

1223 2283 1320 2318 circa,
1337 2283 1375 2312 de
1392 2288 1643 2321 procuratorum
1660 2285 1836 2323 utriusque
1849 2285 1954 2323 partis
1970 2294 2121 2321 assensu,
2136 2294 2233 2315 man-

1223 2336 1338 2366 damus
1355 2341 1530 2375 quatenus,
1549 2338 1787 2368 convenientes
1805 2339 1840 2367 in
1858 2339 2056 2377 competenti
2074 2339 2144 2369 1080
2160 2339 2235 2369 dio-

1223 2389 1308 2418 cesis
1320 2389 1538 2423 Pictavensis,
1552 2391 1680 2420 civitati
1692 2391 1882 2421 pictavensi
1891 2392 2088 2430 propinquo,
2105 2392 2230 2422 vocatis

1223 2442 1280 2480 qui
1294 2442 1421 2472 fuerint
1436 2443 1604 2479 evocandi,
1631 2444 1669 2474 de
1690 2444 1810 2474 studiis
1834 2444 2029 2482 eligentium
2050 2449 2081 2474 et
2101 2445 2235 2475 meritis¹

1223 2493 1395 2524 electionis
1412 2495 1450 2524 de
1471 2495 1680 2526 thesaurario
1698 2497 1878 2533 celebrate,
1903 2506 1939 2527 ac
1957 2497 2138 2528 idoneitate
2154 2506 2230 2536 per-

1224 2556 1303 2577 sone
1319 2556 1379 2577 nec
1396 2557 1461 2577 non
1479 2549 1517 2578 de
1536 2549 1674 2588 obJectis
1690 2550 1822 2588 cognita
1838 2550 1988 2586 veritate,
2009 2550 2178 2588 negotium
2190 2551 2235 2580 ad

1223 2608 1283 2630 nos
1314 2601 1492 2631 remittatis
1525 2602 1728 2632 sufficienter
1763 2602 1964 2632 instructum
1979 2625 1986 2638 ,
2016 2602 2232 2642 injungentes

1223 2653 1326 2683 electo
1343 2658 1378 2683 ut
1395 2655 1626 2692 personaliter,
1645 2655 1720 2685 aliis
1740 2665 1816 2686 vero
1833 2655 1890 2694 qui
1911 2664 1945 2685 se
1961 2655 2115 2686 duxerint
2131 2664 2235 2694 oppo-

1223 2706 1359 2741 nendos,
1378 2711 1413 2736 ut
1426 2716 1484 2745 per
1498 2716 1532 2737 se
1546 2707 1597 2737 vel
1610 2713 1856 2746 procuratorem
1871 2708 2039 2744 idoneum,
2056 2708 2146 2738 infra
2159 2717 2231 2738 cer-

1224 2763 1292 2788 tum
1311 2760 1489 2789 terminum
1504 2761 1733 2798 prefigendum
1752 2770 1770 2791 a
1786 2761 1889 2796 vohis,
1904 2765 2016 2791 nostro
2030 2770 2065 2791 se
2078 2770 2233 2800 conspec—

1223 2812 1271 2841 tui
1279 2817 1518 2850 representent,
1528 2814 1614 2851 quod
1626 2814 1822 2843 canonicum
1833 2814 1946 2849 fuerit,
1956 2818 2064 2844 actore
2075 2813 2229 2850 Domino,

1223 2865 1398 2903 recepturi.
1414 2866 1514 2902 ‘Quod
1535 2866 1564 2895 si
1590 2875 1654 2896 non
1678 2875 1792 2896 omnes
1816 2871 1890 2902 etc.‚
1915 2866 1978 2896 duo
1999 2871 2146 2896 vestrum
2167 2870 2231 2896 etc.

1225 2918 1298 2947 Dat.
1317 2919 1461 2954 Perusii,
1480 2919 1557 2949 XVI
1573 2919 1732 2950 kalendas
1750 2920 1840 2955 maii,
1860 2928 1947 2950 anno
1966 2928 2063 2949 nono.
2083 2931 2096 2946 »
