2423 3487
150 312 204 341 539
868 307 1106 338 REGIsTREs
1127 306 1183 336 DE
1204 298 1428 335 GREGomE
1450 305 1510 334 IX.
2182 305 2238 335 540

150 376 249 406 tibus.
274 385 330 413 pro
354 385 398 409 se,
425 384 471 410 ac,
497 374 721 413 procuratorio
744 374 886 410 nomine,
913 383 970 411 pro
991 396 1008 402 ..
1031 374 1149 403 Sancte

150 429 329 462 Genovefe,
365 427 582 461 Parisiensis‚
617 450 636 455 ..
671 426 782 456 Sancti
816 426 958 461 Emi-tii,
996 424 1149 454 Aurelia-

150 481 279 515 nensis,
310 504 329 509 ..
358 481 396 510 de
421 480 535 515 Jardo,
566 480 783 514 Senonensis,
816 502 835 508 ..
868 479 979 508 Sancti
1009 477 1150 507 Bartho-

149 533 258 565 lomei,
276 533 520 562 Noviomensis.
542 555 561 560 ..
579 532 617 561 de
635 533 729 570 Aqua
746 532 855 562 Curte.
870 530 1110 564 Atrebatensis,
1129 553 1148 558 ..

150 585 259 615 Sancti
276 584 454 619 Vincentii‚
473 584 744 619 Silvanectensis,
758 588 787 613 et
805 583 878 612 ..de
894 582 987 614 Julli,
1006 582 1149 611 Melden-

149 637 194 666 sis
212 637 381 666 civitatum
403 646 439 666 ac
461 637 640 671 diocesum,
659 636 849 666 abbatibus,
869 639 899 665 et
917 635 969 668 G.,
991 634 1150 663 canonico

147 689 339 718 monasterii
357 688 548 726 supradicti,
567 688 771 726 procuratori
788 687 916 716 abbatis
934 686 1090 725 ejusdem,
1110 685 1150 715 ad

148 742 389 780 impetrandum
426 745 457 770 et
493 741 784 771 contradicendum
815 744 941 769 tantum
979 738 1150 768 exhibenti

147 795 348 827 mandatum,
363 794 447 831 apud
464 794 579 823 Sedem
597 793 819 831 Apostolicam
833 792 1033 826 constitutis,
1046 791 1149 820 cardi-

148 847 255 876 nalem
273 847 411 876 eundem
429 846 691 875 concesserimus
714 845 897 875 auditorem
918 855 923 873 :
945 845 1075 874 demum
1091 853 1150 882 per

147 900 276 930 eosdem
300 899 433 928 abbates
458 898 569 928 Sancti
589 898 689 928 Satiri
706 902 736 928 et
753 898 866 928 Sancti
883 897 1067 932 Ambrosii,
1089 905 1148 926 suo

146 952 418 991 etjamdictorum
437 951 592 981 abbatum
615 951 758 987 nomine,
785 951 847 980 suit
869 950 1075 989 propositum
1095 958 1149 979 co-

146 1015 215 1035 ram
232 1014 268 1034 eo
282 1005 378 1043 quod,
397 1005 475 1043 quia
490 1004 552 1033 duo
567 1004 717 1043 judicum
731 1004 951 1041 predictorum
966 1003 1000 1032 in
1017 1002 1148 1040 negotio

145 1058 226 1096 ipso,
246 1058 380 1087 absente
397 1057 493 1087 tertio
507 1066 567 1087 nec
583 1061 736 1087 excusato
752 1056 911 1094 legitime,
926 1056 953 1086 si
966 1055 1149 1093 cognitioni

146 1110 292 1149 ejusdem
312 1109 412 1139 nollet
435 1109 485 1139 vel
505 1118 570 1139 non
591 1113 701 1147 posset
722 1110 902 1142 interesse,
923 1113 1034 1138 contra
1049 1108 1149 1147 justi-

147 1163 225 1192 tiam
251 1162 487 1201 procedebant,
510 1162 574 1200 ipsi
598 1166 746 1192 nostram
774 1162 978 1192 audientiam
1004 1161 1149 1200 appella-

145 1220 240 1250 runt;
261 1220 291 1245 at
307 1215 423 1250 iidem,
442 1219 627 1253 contempta
646 1215 864 1253 appellatione
880 1215 1045 1253 ipsorum,
1067 1223 1149 1252 quos

145 1272 276 1307 propter
302 1268 363 1297 hoc
388 1271 620 1306 reputaverant
647 1272 873 1302 contumaces,
898 1267 1150 1306 promulgarunt

146 1321 375 1359 suspensionis
402 1325 432 1350 et
455 1321 805 1350 excommunicationis
825 1320 1007 1350 sententias
1025 1320 1060 1349 in
1077 1329 1149 1350 eos-

146 1374 236 1408 dem;
260 1383 277 1403 a
298 1373 418 1412 quibus
441 1373 618 1411 petierunt,
644 1382 702 1402 suo
726 1377 755 1403 et
780 1373 968 1402 corumdem
992 1373 1148 1402 abbatum

147 1427 290 1462 nomine,
309 1427 348 1456 ad
365 1426 525 1456 cautelam
544 1426 669 1456 absolvi
691 1444 739 1454 —.
764 1427 961 1456 Procurator
978 1435 1056 1455 vero
1074 1434 1148 1464 pre-

146 1481 233 1510 fatus
250 1480 417 1518 proposuit
434 1489 470 1509 ex
488 1479 624 1509 adverso
643 1479 729 1517 quod
744 1479 794 1508 illi
815 1488 913 1517 super
932 1479 992 1508 hoc
1008 1487 1073 1508 non
1092 1479 1149 1508 de-

146 1533 266 1562 bebant
289 1532 411 1567 audiri,
436 1532 493 1561 sed
520 1532 560 1561 ad
587 1532 712 1569 priores
735 1532 880 1571 judices,
907 1542 924 1561 a
950 1531 1071 1570 quibus
1092 1540 1150 1569 per

148 1585 264 1615 frivole
278 1584 508 1623 appellationis
525 1585 688 1623 objectum
705 1585 816 1614 minus
834 1585 980 1622 legitime
997 1585 1149 1615 receden-

149 1644 212 1672 tes,
245 1638 412 1675 negotium
443 1643 660 1667 memoratum
690 1639 759 1668 fere
789 1648 846 1676 per
874 1638 1047 1668 biennium
1074 1647 1149 1677 pro-

149 1696 332 1726 traxerunt,
351 1695 444 1720 erant
462 1691 570 1729 potius
589 1691 788 1721 remittendi.
808 1692 923 1729 Igitur,
942 1692 1008 1721 hiis
1025 1696 1056 1722 et
1074 1692 1149 1722 aliis

149 1754 211 1783 que
232 1745 317 1774 idem
337 1744 515 1774 cardinalis
535 1744 675 1774 fideliter
691 1744 804 1774 retulit
822 1754 930 1774 coram
949 1745 1054 1776 nobis.
1073 1745 1151 1775 dili-

149 1802 262 1835 genter
278 1797 411 1826 auditis.
430 1806 500 1831 nos,
519 1796 665 1826 volentes
688 1802 721 1826 ut
744 1798 912 1835 negotium
933 1803 1150 1828 memoratum

149 1850 247 1879 finem
265 1850 410 1879 debitum
431 1849 583 1879 celeriter
599 1850 767 1884 sortiatur,
786 1850 942 1888 predictis
962 1852 1074 1881 Sancti
1092 1852 1151 1882 Sa-

149 1904 203 1932 tiri
225 1908 255 1933 et
279 1903 390 1933 Sancti
413 1903 580 1932 Ambrosii
607 1903 780 1933 abbatibus
801 1921 839 1924 —-
860 1913 916 1942 per
940 1904 1077 1934 fratrem
1097 1905 1148 1939 G.,

148 1956 418 1994 penitentiarium
443 1960 607 1990 nostrum,
632 1956 669 1985 de
693 1956 846 1985 mandato
867 1961 978 1986 nostro
1000 1957 1151 1995 impenso

149 2008 366 2038 absolutionis
396 2008 556 2038 beneficio
584 2008 624 2037 ad
653 2008 833 2040 cautelam,
861 2014 891 2039 et
921 2010 1151 2047 suspensionis

149 2061 312 2091 sententia
336 2061 498 2096 relaxata,
523 2061 719 2091 mandamus
745 2066 908 2100 quatenus
936 2062 1011 2091 aliis
1036 2072 1152 2100 supra-

149 2115 244 2144 dictis
269 2114 442 2143 ablurtibus
459 2131 506 2149 —,
528 2118 703 2152 antequam
727 2115 767 2144 ad
786 2114 848 2144 alia
869 2115 1068 2153 procedatis,
1089 2116 1152 2145 im-

149 2167 298 2205 pendatis
316 2166 533 2196 absolutionis
558 2166 755 2196 beneficium
775 2167 814 2196 ad
833 2167 1010 2202 cautelam,
1032 2173 1062 2198 et
1078 2178 1152 2206 pre-

150 2221 269 2250 dictam
287 2221 516 2259 suspensionis
532 2222 731 2251 sententiam
746 2222 985 2252 nichilominus
997 2223 1151 2254 relaxetis

149 2292 196 2302 —.
218 2275 289 2303 Dat.
314 2275 518 2309 Interamne,
541 2274 588 2303 XI
609 2273 768 2304 kalendas
790 2275 968 2311 februarii,
990 2285 1076 2306 anno
1095 2277 1151 2306 de-

150 2335 246 2356 clmo.
266 2338 278 2352 n

219 2511 336 2538 345⁷

184 2573 294 2600 Abbati
311 2575 339 2599 et
355 2573 514 2600 conventui
529 2573 791 2607 Cluniacensibus,
807 2589 838 2592 —
855 2583 935 2608 quos,
953 2575 1033 2608 licet,
1048 2584 1082 2603 ex
1098 2585 1151 2603 an-

150 2622 233 2655 tiqua
256 2621 468 2648 consuetudine
489 2630 506 2648 a
530 2622 605 2648 Sede
624 2622 795 2656 Apostolica
814 2623 989 2657 approbata,
1011 2624 1041 2650 in
1065 2633 1152 2658 gene-

149 2670 204 2697 rali
225 2670 354 2704 capitulo
373 2673 433 2696 tam
454 2669 593 2697 abbatum
614 2679 701 2704 quam
723 2671 853 2705 priorum
876 2671 1006 2705 ipsorum
1028 2673 1151 2706 ordinis,

710 2512 810 2545 Terni,
829 2512 860 2538 13
876 2513 1079 2546 janvier1237.

149 2720 327 2753 eligerentur
353 2719 521 2746 visitatores
547 2719 596 2753 qui
622 2728 673 2754 per
700 2720 830 2753 singutas
860 2720 1042 2754 provincias,
1068 2722 1153 2755 juxta

150 2767 392 2796 Cisterciensiuni
412 2776 521 2794 morem
533 2789 540 2801 ‚
561 2768 694 2795 membra
716 2768 879 2795 visitabant
895 2772 923 2795 ct
941 2770 1151 2804 reforniabant,

149 2816 351 2851 praesentibus
376 2816 470 2843 tribus
493 2817 714 2844 Cartbusiensis
736 2817 863 2849 ordinis,
885 2817 935 2851 qui
955 2817 991 2844 de
1013 2819 1152 2846 mandato

149 2865 307 2899 apostolico
323 2865 418 2891 eidem
440 2865 604 2892 intererant
622 2865 751 2899 capitulo
765 2869 793 2892 et
812 2866 868 2899 ipsi
889 2874 980 2900 papae
996 2868 1151 2894 annuatim

150 2922 222 2948 quae
244 2914 284 2940 ibi
306 2914 418 2946 fierent,
436 2913 615 2946 referebant,
633 2914 801 2940 visitatores
822 2916 921 2940 tamen
942 2914 1066 2941 aliorum
1090 2924 1152 2943 1110-

151 2963 343 2989 nasteriorum
361 2971 377 2988 a
391 2962 467 2989 Sede
482 2962 653 2997 Apostolica
672 2963 805 2996 deputati
824 2962 995 2989 nitebantur
1011 2963 1133 2991 visitare
1144 2985 1150 2997 ,

1232 386 1264 389 —
1285 371 1419 404 indulget
1440 372 1472 397 ut
1493 378 1550 397 non
1572 372 1728 397 teneantur
1748 371 1821 397 alios
1839 370 2008 397 visitatores
2029 379 2116 405 quam
2137 371 2168 398 in
2189 379 2238 405 ge-

1232 419 1326 446 nerali
1343 419 1473 453 capitulo
1490 419 1672 451 nominatos,
1687 419 1796 453 absque
1813 419 1936 446 lieentia
1952 419 2038 446 Sedis
2050 420 2238 454 Apostolicae

1231 467 1369 502 speciali,
1383 467 1522 501 recipere.
1538 481 1569 485 —
1584 467 1671 498 (Res.
1689 466 1737 499 18,
1759 468 1780 493 f.
1797 467 1847 494 221
1867 470 1907 500 r⁰;
1925 475 1994 494 ann.
2016 468 2060 500 X,
2077 476 2101 494 c.
2119 468 2187 501 324;
2205 483 2236 487 —

1232 516 1389 543 Formas-r
1404 515 1491 542 10288
1505 515 1543 546 *.)

1274 627 1287 641 α
1311 638 1330 644 ..
1350 616 1451 644 abbati
1473 620 1498 644 et
1520 616 1685 644 conventui
1708 616 1974 645 Cluniacensibus.
1996 617 2041 646 Ex
2059 621 2149 654 parte
2165 626 2239 648 ves-

1232 672 1282 697 tra
1311 685 1360 696 —.
1393 669 1465 697 Dat.
1499 668 1710 702 lutei-amne,
1738 668 1849 698 idibus
1871 668 2037 707 januarii,
2067 678 2154 699 anno
2182 669 2239 700 de-

1232 729 1328 751 011110.
1355 733 1367 747 n

1302 898 1420 926 3458

1266 960 1411 994 Episcopo
1438 960 1607 988 Mar-sicano
1629 961 1856 995 inquisitionem
1882 962 2050 989 faciendam
2076 962 2240 990 committit

1231 1017 1317 1043 super
1336 1009 1535 1044 postulatione
1558 1018 1646 1044 quam
1670 1010 1835 1044 capitulum
1858 1011 2090 1044 Treventinum,
2116 1011 2240 1039 ecclesia

1231 1058 1412 1085 Treventina
1422 1061 1558 1091 vacante,
1573 1059 1608 1085 de
1624 1059 1759 1093 episeopo
1775 1059 1923 1093 quondam
1936 1059 2116 1087 Treventino
2126 1059 2158 1086 in
2171 1067 2239 1094 pas-

1232 1109 1323 1133 torem
1341 1107 1459 1134 fecerat.
1478 1122 1509 1125 -
1527 1108 1613 1139 (REG.
1626 1107 1670 1140 18,
1686 1108 1705 1134 f.
1723 1107 1772 1134 221
1793 1111 1832 1140 r⁰;
1849 1116 1919 1135 ann.
1933 1108 1973 1141 X,
1991 1116 2015 1135 c.
2033 1108 2108 1140 325.)

1790 899 1890 932 Terni,
1907 899 1941 926 26
1956 900 2073 934 janvier
2088 900 2167 928 1237.

1274 1219 1287 1234 «
1310 1230 1329 1236 ..
1348 1209 1482 1245 episcopo
1499 1209 1680 1237 Marsicano.
1694 1208 1814 1238 Dilecti
1828 1208 1890 1238 filii
1903 1208 2084 1247 capitulum
2098 1226 2147 1238 ——.
2165 1209 2239 1239 Dat.

1232 1261 1434 1294 Interamne,
1454 1261 1517 1290 VII
1532 1260 1692 1290 kalendas
1708 1260 1882 1296 februarii,
1901 1270 1988 1291 anno
2006 1261 2144 1291 decimo.
2166 1273 2180 1288 >›

1302 1445 1419 1473 3459
1793 1445 1894 1478 Termi,
1911 1445 1944 1472 24
1957 1445 2074 1479 janvier
2089 1445 2169 1472 1237.

1267 1507 1412 1542 Episcopo
1425 1507 1591 1534 Morinensi
1609 1510 1636 1534 et
1656 1507 1757 1534 abbati
1773 1507 1923 1542 priorique
1942 1507 2045 1534 Sancti
2061 1507 2192 1534 Bavonis
2205 1507 2241 1534 de

1232 1556 1375 1584 Gandavo
1390 1556 1513 1583 mandat
1526 1559 1671 1590 quatenus
1682 1556 1783 1583 abbati
1795 1559 1823 1583 et
1835 1555 1994 1583 conventui
2008 1556 2111 1583 Sancti
2124 1555 2240 1583 Bertini

1232 1607 1260 1632 et
1281 1605 1412 1640 capitulo
1433 1605 1574 1632 ecclesiae
1596 1605 1699 1632 Sancti
1720 1605 1884 1632 Audoniari
1901 1604 2055 1631 licentiam
2079 1604 2242 1632 concedant

1232 1653 1374 1688 quasdam
1389 1653 1585 1688 possessiones
1606 1653 1705 1680 abbati
1727 1656 1755 1680 et
1771 1652 1931 1680 conventui
1950 1653 1985 1679 de
2003 1653 2105 1679 Veteri
2121 1652 2240 1686 Monte,

1233 1702 1418 1730 Coloniensis
1432 1702 1584 1735 dioecesis,
1601 1701 1761 1729 vendendi.
1771 1717 1803 1720 -
1813 1702 1899 1733 (Rae.
1913 1701 1957 1734 18,
1972 1702 1992 1728 f.
2005 1701 2055 1728 221
2068 1704 2091 1727 r⁰
2101 1709 2107 1733 ;
2119 1709 2189 1728 ann.
2201 1701 2242 1734 X,

1233 1760 1258 1778 c.
1273 1751 1339 1783 3263
1357 1766 1389 1769 —
1405 1751 1539 1778 Monam
1553 1751 1620 1778 1191
1631 1772 1637 1783 ,
1655 1751 1674 1777 f.
1690 1750 1764 1782 188.)

1276 1865 1288 1879 «
1303 1876 1322 1881 ..
1339 1854 1472 1890 episcopo
1483 1853 1659 1887 Mor-inem&
1676 1875 1693 1881 ..
1708 1853 1809 1881 abbati
1820 1857 1845 1881 et
1858 1851 1905 1890 [..]
1917 1852 2135 1889 prioriSancti
2148 1852 2245 1881 Bavo-

1233 1906 1284 1935 nis
1299 1906 1333 1934 de
1350 1906 1502 1941 Gandavo,
1529 1906 1726 1934 Tornacemis
1745 1906 1880 1934 dt'occsis.
1894 1904 2013 1934 Dilecti
2026 1904 2087 1934 filii
2105 1927 2124 1933 ..
2143 1904 2243 1934 abbas

1234 1962 1266 1988 et
1282 1962 1464 1988 conventus
1476 1958 1670 1988 monasterii
1685 1958 1723 1987 de
1740 1957 1853 1988 Veteri
1872 1958 1994 1992 Monte,
2009 1956 2244 1988 Cisterciensis

1234 2010 1376 2047 ordinis,
1412 2011 1623 2042 Coloniensis
1659 2011 1817 2046 diocesis,
1857 2019 1917 2040 sua
1953 2010 2048 2040 nobis
2084 2010 2244 2048 petitione

1234 2069 1463 2094 monstrarunt
1492 2064 1598 2103 quod,
1625 2073 1699 2093 cum
1732 2064 1796 2102 ipsi
1827 2063 1987 2102 quasdam
2016 2063 2245 2101 possessiones

1234 2117 1397 2147 haberent
1426 2117 1461 2146 in
1488 2117 1724 2155 Hei-bipolensi
1752 2116 1886 2152 diocesi,
1917 2125 1992 2155 que,
2020 2120 2088 2145 tum
2113 2119 2245 2154 propter

1235 2179 1383 2207 guerras,
1403 2174 1471 2199 tum
1489 2170 1567 2208 quia
1580 2170 1721 2199 nimium
1734 2179 1751 2199 a
1763 2169 1965 2199 monasterio
1979 2169 2051 2207 ipso
2065 2168 2243 2204 distabant,

1235 2223 1346 2252 minus
1364 2223 1463 2252 utiles
1482 2223 1546 2252 sibi
1564 2227 1667 2258 erant,
1687 2223 1725 2252 de
1742 2222 1878 2252 licentia
1896 2222 1999 2260 patris
2020 2221 2149 2251 abbatis
2166 2230 2245 2251 ven-

1235 2276 1390 2306 diderunt
1414 2276 1558 2310 easdem,
1577 2276 1615 2307 de
1632 2277 1780 2314 ipsarum
1802 2276 1908 2314 pretio
1931 2275 2111 2305 viciniores
2131 2279 2161 2305 et
2178 2274 2246 2304 uti-

1234 2328 1334 2358 liores
1366 2329 1538 2367 acquirere
1568 2329 1751 2367 cupientes.
1780 2329 1887 2364 Unde,
1916 2337 1991 2358 cum
2017 2328 2064 2367 [..]
2090 2327 2191 2357 abbas
2214 2330 2246 2357 et

1235 2386 1418 2412 conventus
1445 2383 1640 2412 monasterii
1667 2382 1779 2412 Sancti
1807 2381 1955 2417 Bertini,
1985 2381 2113 2411 ordinis
2138 2379 2246 2410 sancti

1236 2434 1420 2469 Benedicti,
1439 2439 1470 2464 et
1486 2434 1667 2473 capitulum
1683 2434 1821 2464 ecclesie
1837 2434 1952 2464 Sancti
1967 2433 2160 2468 Audomari,
2179 2433 2245 2462 Mo-

1235 2487 1382 2517 rinensis
1407 2487 1560 2522 diocesis,
1587 2488 1621 2517 in
1648 2487 1739 2518 villis
1767 2496 1830 2526 qne
1859 2486 2015 2516 dicuntur
2039 2485 2188 2517 Vrethen
2214 2488 2246 2515 et

1235 2539 1427 2578 Gelesdorp,
1443 2550 1542 2579 prope
1555 2541 1679 2570 dictum
1694 2540 1932 2570 monasterium
1947 2540 1985 2570 de
1996 2539 2110 2570 Veteri
2122 2539 2244 2575 Monte,

1236 2593 1396 2630 quasdam
1419 2593 1648 2631 possessiones
1672 2593 1816 2623 habeant
1837 2593 1902 2623 sibi
1926 2592 2022 2631 quasi
2044 2600 2180 2630 prorsus
2197 2590 2246 2620 in-

1235 2645 1435 2681 fructuosas,
1454 2655 1511 2684 pro
1526 2655 1562 2676 eo
1578 2646 1665 2685 quod
1679 2646 1718 2676 ab
1735 2646 1783 2676 eis
1798 2645 1957 2675 nimirum
1974 2649 2051 2675 sunt
2067 2648 2202 2680 remote,
2215 2647 2247 2674 et

1235 2701 1367 2736 propter
1384 2698 1445 2728 hoc
1459 2698 1509 2727 illi
1525 2708 1580 2729 eas
1597 2699 1739 2729 vendere
1756 2698 1869 2733 velint,
1888 2697 2064 2727 dummodo
2075 2697 2109 2726 id
2122 2696 2194 2726 fieri
2207 2695 2246 2726 de

1235 2749 1371 2780 licentia
1388 2755 1500 2780 nostra
1516 2751 1631 2789 possit,
1650 2751 1823 2781 memorati
1842 2751 1944 2780 abbas
1961 2754 1992 2780 et
2006 2753 2189 2780 conventus
2207 2748 2247 2779 de

1235 2803 1349 2833 Veteri
1362 2804 1472 2833 Monte
1484 2804 1579 2833 nobis
1596 2803 1768 2834 humiliter
1780 2803 2009 2842 supplicarunt
2025 2806 2060 2832 ut
2072 2801 2247 2840 providere

1237 2864 1336 2893 super
1361 2855 1422 2885 hoc
1444 2856 1503 2891 eis,
1532 2865 1607 2885 cum
1630 2856 1834 2886 sufficientes
1854 2855 2085 2894 possessiones
2106 2863 2164 2892 pro
2187 2861 2248 2883 sua

1236 2909 1478 2938 sustentatione
1502 2918 1566 2938 non
1593 2909 1748 2942 habeant,
1771 2917 1974 2938 curaremus,
1997 2905 2245 2938 Ecclesiasticis

1232 2961 1336 2998 igitur
1354 2961 1556 2991 utilitatibus
1568 2962 1740 2992 intendere
1754 2961 1936 2999 cupientes,
1954 2961 2150 2990 mandamus
2165 2968 2243 2998 qua-
