2519 3518
136 310 195 339 989
984 303 1206 341 DOUZOEME
1228 303 1387 340 ANNEE.
2169 319 2226 348 ow]

135 375 195 406 hoc
207 376 377 414 providere
390 376 455 406 sibi
467 377 506 407 de
523 376 726 414 benignitate
743 376 920 415 apostolica
935 385 1138 407 curaremus.

132 429 219 466 Quia
235 438 310 459 vero
332 429 426 459 nobis
446 438 510 460 non
533 429 681 460 constitit
698 429 737 459 de
754 430 937 468 premissis.
958 429 996 460 de
1016 429 1140 459 discre-

135 482 223 512 tione
248 487 356 512 vestra
379 482 509 520 plenam
534 482 567 512 in
595 482 736 512 Domino
759 482 912 512 fiduciam
938 481 1138 515 obtinentes,

132 534 301 564 devotioni
335 539 442 565 vestre
474 535 670 565 mandamus
703 539 886 574 quatenus,
920 533 1138 564 consideratis

131 582 310 625 diligenter
336 588 596 618 circumstantiis
620 588 799 623 universis,
827 587 932 625 agatis
953 595 1053 625 super
1078 586 1139 616 hoc

135 640 329 670 auctoritate
352 645 464 670 nostra
486 649 560 670 cum
583 640 654 678 ipso
679 644 789 678 prout,
815 639 997 670 secundum
1020 639 1136 672 Deum,

133 692 283 731 injuncta
303 693 368 723 sibi
391 693 457 723 alia
477 692 661 731 penitentia
679 692 888 730 competenti,
909 690 1009 721 saluti
1028 690 1138 721 anime

133 754 193 775 suc
208 746 366 776 noveritis
383 746 545 784 expedire,
564 744 762 775 absolvendo
775 745 883 783 ipsum
897 744 936 774 ab
951 752 1138 774 excommu-

135 798 312 828 nicationis
326 798 502 829 sententiis
515 806 551 827 ac
564 797 670 836 penis,
691 797 719 826 si
736 805 817 835 quas
829 797 1008 826 incurrerit
1027 805 1084 834 pro
1099 804 1136 826 eo

132 850 220 889 quod
236 850 395 880 hactenus
414 859 479 880 non
500 849 666 879 transivit.
684 849 756 878 Dat.
779 848 946 883 Laterani,
963 849 1062 879 VIIII
1078 847 1136 878 ka-

133 902 247 932 lendas
261 902 351 935 maii,
369 911 456 932 anno
472 901 676 931 duodecimo.
693 912 706 927 a

198 1085 316 1112 429ss

163 1147 392 1180 Archiepiscopo
403 1146 593 1180 Lugdunensi
607 1149 635 1173 ct
649 1146 738 1180 priori
752 1147 920 1174 Portarum.
937 1146 1132 1173 Cartliusien-

125 1195 167 1222 sis
180 1195 303 1225 ordinis,
315 1194 522 1228 Lugdunensis
536 1195 688 1222 dioecesis.
707 1209 738 1213 —
753 1195 853 1221 audito
870 1195 944 1229 quod
961 1195 989 1221 in
1008 1195 1132 1221 ecclesia

126 1244 307 1275 Brivatensi,
323 1244 574 1271 Claromontensis
591 1244 742 1276 dioecesis,
759 1245 827 1271 Sodi
843 1244 1039 1278 Apostolicae.
1055 1244 1131 1271 sicut

124 1292 288 1321 dicebatur.
306 1292 480 1319 immediate
499 1291 642 1325 subjecta,
662 1292 713 1319 illa
733 1301 824 1326 prava.
840 1293 1018 1319 consuetudo
1032 1301 1131 1319 serva-

125 1341 221 1373 batur,
236 1340 379 1367 videlicet
392 1343 423 1367 ut
437 1341 568 1374 ejusdem
584 1341 726 1367 ccclesiae
742 1341 877 1367 canonici
895 1341 924 1367 iu
944 1341 1129 1375 praebendis,

124 1389 208 1424 quasi
232 1389 409 1416 hereditario
433 1389 508 1422 jure,
528 1389 700 1423 parentibus
724 1392 751 1416 et
773 1390 1009 1423 consanguineis.
1030 1393 1131 1417 contra

122 1437 266 1464 canonica
276 1438 426 1469 instituta,
441 1438 642 1470 succederent,
653 1453 685 1456 —
697 1439 818 1465 mandat
829 1442 983 1472 quatenus,
996 1447 1130 1472 persona-

124 1486 193 1513 liter
215 1486 251 1512 ad
282 1487 443 1520 praefatam
471 1487 625 1513 ecclesiam
652 1487 836 1518 accedentes,
865 1487 1019 1521 inquirant
1043 1495 1130 1521 super

123 1534 293 1568 praemissis
315 1535 484 1566 veritatem,
509 1537 547 1567 et,
569 1535 594 1561 si
617 1543 677 1561 rem
701 1535 873 1562 invenerint
896 1535 937 1562 ita
959 1545 989 1562 se
1013 1535 1128 1567 habere,

122 1583 229 1610 amotis
245 1583 351 1610 exinde
367 1583 429 1610 illis
450 1583 500 1617 qui
516 1583 617 1610 taliter
633 1584 663 1610 111
685 1584 860 1617 praebendis
883 1584 912 1610 in
935 1585 1067 1618 praefata
1082 1593 1129 1610 ec-

120 1631 213 1658 clesia
227 1632 432 1664 successerint,
449 1634 477 1658 et
498 1632 529 1658 in
543 1640 641 1658 eorum
658 1632 731 1658 locis
748 1632 880 1666 personis
896 1632 1009 1658 idoneis
1022 1632 1129 1659 substi-

122 1679 206 1712 tutis,
230 1688 303 1714 quae
324 1680 420 1707 velint
440 1683 468 1707 et
493 1680 607 1714 possint
635 1681 663 1706 iu
698 1681 798 1707 eadem
822 1681 947 1707 ecclesia
969 1681 1127 1709 deservire.

121 1728 322 1762 supradictam
353 1728 597 1755 consuetudinem
622 1729 728 1755 exinde
756 1729 873 1762 ponitus
895 1729 1070 1763 exstirpent.
1101 1732 1129 1755 et-

120 1776 197 1802 alias
221 1776 394 1810 corrigenda
416 1780 443 1803 et
469 1777 657 1803 reformanda.
678 1777 825 1810 corrigant
849 1777 958 1804 ibidem
985 1781 1013 1803 et
1038 1778 1129 1803 refor-

123 1827 215 1851 ment.
231 1839 262 1842 —
280 1825 366 1856 (Rso.
379 1824 423 1856 19,
441 1825 460 1851 f.
472 1825 503 1851 11
519 1828 562 1856 v⁰;
579 1833 649 1851 ann.
667 1824 734 1857 XII,
752 1834 776 1851 c.
794 1825 841 1856 6·2;
860 1840 891 1843 -—
903 1825 1036 1852 Moru-:au
1048 1825 1128 1856 1192,

123 1874 143 1899 f.
167 1873 222 1904 19.)

702 1085 822 1116 Lati-an,
840 1085 872 1111 13
889 1085 964 1111 avril
982 1085 1060 1111 1238.

164 1985 178 2000 «
209 1996 228 2002 ..
257 1974 480 2010 archiepiscopo
505 1973 702 2009 Luqdunensi
727 1978 753 2002 el
777 1995 797 2001 ..
821 1974 923 2010 priori
951 1974 1127 2007 Portarum,

121 2027 328 2056 Cartusiensis
356 2026 485 2060 ordinis,
514 2025 726 2062 Luydunensis
750 2025 885 2054 diocesis.
909 2025 957 2054 Ad
983 2029 1127 2054 nostram

121 2079 328 2109 audientiam
341 2096 390 2107 —.
408 2079 482 2108 Dat.
500 2077 666 2113 Laterani,
682 2078 793 2108 idibus
808 2078 934 2116 aprilis,
953 2087 1038 2107 auno
1053 2078 1128 2108 duo-

121 2132 261 2162 decimo.
282 2144 296 2158 »

192 2316 308 2343 429²

158 2377 268 2405 Abbati
285 2380 313 2404 et
326 2378 486 2404 conventui
506 2377 609 2405 Sancti
630 2377 811 2404 Eadmundi.
828 2377 1028 2403 Norwiceusis
1048 2377 1128 2403 dioe-

97 2450 103 2457 ,
122 2427 208 2459 cesis,
225 2427 373 2460 significat
388 2435 417 2453 se
433 2426 596 2453 inhibere«
614 2435 649 2452 ne
665 2426 741 2460 quis,
757 2425 813 2451 nisi
828 2426 977 2451 Romanus
990 2425 1128 2451 Pontifex

123 2482 138 2500 »
158 2476 206 2502 vel
229 2476 342 2509 legatus
368 2475 472 2509 ipsius,
497 2475 528 2501 in
553 2475 628 2501 villa
651 2474 753 2501 Sancti
783 2473 949 2500 Eadmuudi
976 2477 1025 2499 aut
1051 2474 1129 2499 iufra

122 2531 138 2548 1)
159 2526 283 2557 quatuor
305 2532 404 2550 cruces
425 2532 482 2549 uno
504 2523 633 2549 miliario
659 2531 693 2549 ex
719 2526 842 2556 quatuor
865 2521 997 2555 partilms
1018 2531 1032 2547 a
1055 2522 1127 2548 vitta

124 2579 137 2596 11
158 2571 303 2598 distantes
328 2579 353 2603 »‚
384 2575 467 2605 prout
496 2571 532 2598 ab
555 2579 568 2596 (1
591 2571 761 2597 Alexandro
788 2570 929 2596 secundo.
959 2570 1048 2596 Lucio
1073 2569 1129 2604 [se-

123 2627 138 2645 »
159 2618 294 2654 cund0]¹,
324 2620 457 2646 Adriano
485 2617 610 2654 [quarto]
636 2622 664 2645 et
684 2619 854 2645 Alexandro
877 2618 978 2646 tertio.
1010 2617 1129 2645 Urbano

123 2675 138 2693 »
159 2666 279 2702 [tertio].
302 2668 451 2695 Celestino
474 2666 596 2702 [tertio],
624 2667 795 2694 Innocentio
819 2665 926 2701 [tertio]
949 2670 975 2692 ot
1001 2666 1129 2692 Honorio

123 2724 138 2742 n
159 2715 280 2751 [tertio],
299 2717 440 2744 Romanis
458 2716 653 2743 Pontificibus
665 2724 690 2743 υ.
706 2715 906 2750 propouebaut
926 2715 980 2748 ipsi
999 2715 1127 2749 ipsorum

125 2766 302 2792 monasterio
323 2766 413 2792 fuisse
432 2774 613 2797 concessum,
638 2773 651 2790 (<
674 2768 845 2798 potestatem
871 2767 920 2789 aut
943 2764 988 2796 jus
1011 2763 1129 2797 aliquod

124 2822 139 2839 ))
160 2813 216 2841 sibi
234 2815 332 2842 valeat
348 2814 518 2846 vendicare,
535 2815 582 2840 vel
607 2813 711 2839 missas
728 2813 860 2847 publicas
878 2816 926 2838 aut
949 2815 1127 2838 conventum

699 2315 819 2346 Latrau,
837 2315 869 2341 16
886 2315 961 2341 avril
978 2315 1056 2341 1238.
1073 2345 1076 2348 ,

157 2927 176 2950 1.
197 2927 239 2952 On
261 2928 319 2951 doit
335 2934 471 2958 supposer
487 2935 503 2950 a
518 2929 609 2956 priori
631 2933 683 2957 quc
700 2927 737 2949 les
757 2932 840 2956 papcs
858 2925 976 2948 &numer
989 2931 1001 2947 s
1017 2923 1050 2947 ici
1068 2927 1131 2947 sont

124 2972 223 3002 ranges
235 2972 312 2995 selon
328 2972 387 2995 leur
404 2972 485 2996 ordre
502 2971 728 3001 chronologiquo⁴

1226 384 1240 401 1)
1261 375 1440 411 [celebrari-L
1453 383 1501 404 aut
1515 380 1671 405 oratorium
1690 390 1736 406 wu
1756 383 1896 414 rapt—llam
1916 383 2059 410 edificare.
2077 388 2122 410 aut
2140 393 2225 417 syno-

1226 433 1239 449 1)
1259 424 1328 450 dum
1344 434 1392 451 scu
1406 426 1535 459 qiielilwt
1549 428 1640 453 officia
1657 428 1831 462 ··1›i‹··‹.1›:1ti:·
1848 438 1979 456 cxi-rcvre
1996 440 2019 456 ι),
2037 446 2066 449 -
2082 432 2166 458 ‘Itum
2180 433 2223 464 19,

1225 473 1244 499 f.
1260 473 1289 499 11
1307 476 1348 504 v'';
1366 482 1434 500 aun.
1458 475 1522 505 XII,
1541 484 1564 501 c.
1582 477 1638 502 fill.»

1265 585 1278 599 «
1305 595 1324 602 ,,
1348 574 1447 602 abbati
1470 580 1495 602 νι
1518 578 1681 604 concentui
1701 577 1804 606 Sum-li
1821 579 2007 613 Emlmuntli,
2026 581 2224 610 Noa-wirensis

1222 625 1356 655 diocesis.
1386 627 1513 656 Vestris
1541 627 1665 657 devotis
1694 629 1844 666 precibus
1871 648 1918 659 —.
1952 632 2023 660 Dat.
2057 633 2220 662 Laterani.

1224 678 1299 708 XVI
1315 677 1472 709 kalendas
1491 680 1581 715 maii,
1601 690 1686 710 anno
1704 682 1905 712 duodecimo.
1927 696 1937 709 ‚2

1290 877 1406 905 4²38

1254 939 1362 966 Abbati
1377 940 1412 965 (11Δ
1428 940 1574 968 Masei-iis.
1591 941 1795 968 Cabilonvnsis
1809 943 1960 970 dioecesis.
1979 952 2029 969 nec
2047 953 2100 970 non
2119 944 2216 971 abbati

1792 882 1910 908 Lati-an.
1929 883 1960 908 15
1977 883 2050 908 avril
2070 884 2146 909 12:38.

1218 991 1245 1014 ct
1263 988 1351 1021 priori
1363 988 1398 1014 ds»
1416 989 1532 1016 Iniecta.
1551 989 1722 1015 PBt-<iliensis
1738 991 1888 1017 dioecesis.
1901 992 2172 1025 manrlatquatcnus
2182 993 2218 1019 ab

1217 1036 1365 1062 universis
1381 1036 1546 1064 abbatibus,
1564 1038 1708 1071 prioribus
1725 1041 1751 1064 et
1766 1039 1959 1065 ‹·==nx·11=ntib11s
1975 1041 2215 1067 inunxisti-riorum

1216 1085 1328 1111 ordinis
1355 1085 1560 1111 cluniacensis
1587 1086 1614 1111 iu
1642 1087 1818 1113 Alamannia
1848 1088 1956 1113 tas-iant
1986 1088 2041 1113 sibi
2071 1089 2215 1114 ulos-imam

1216 1134 1349 1160 omnium
1365 1142 1481 1159 suorum
1505 1138 1700 1167 proventuum
1720 1139 1745 1159 ct
1771 1135 1937 1161 reddituum
1961 1144 2051 1169 usque
2073 1137 2107 1161 arl
2130 1137 2217 1162 trien<

1217 1182 1298 1208 nium
1315 1182 1459 1210 exhiberi.
1482 1190 1530 1216 per
1547 1182 1622 1216 ipsos
1639 1183 1758 1209 abbates
1772 1184 1807 1209 de
1823 1184 1959 1210 Masei-iis
1976 1188 2000 1209 ret
2017 1185 2051 1210 *lc
2068 1185 2172 1211 Lucu-la
2190 1189 2217 1211 ct

1216 1231 1340 1264 priorem
1363 1231 1398 1256 «le
1423 1231 1526 1257 lau-cla
1551 1232 1778 1257 convertentiam
1803 1232 1830 1257 in
1854 1233 2027 1258 solution-*m
2052 1233 2214 1259 Anba-mum

1216 1279 1321 1312 quibus
1338 1279 1457 1305 ecclesia
1477 1279 1683 1306 Cluuiacensis
1700 1288 1790 1313 usquc
1807 1280 1841 1306 ad
1857 1281 2088 1307 exinanitionom
2108 1289 2217 1314 preme-

1215 1327 1310 1354 batur.
1327 1342 1357 1345 ——
1372 1328 1458 1356 (lieo.
1475 1328 1517 1355 19,
1532 1328 1550 1353 s.
1566 1328 1593 1353 11
1612 1331 1655 1358 x·“;
1673 1336 1741 1354 ann.
1757 1328 1824 1355 XII.
1837 1336 1861 1354 0.
1879 1328 1926 1359 64ς
1945 1343 1975 1346 —
1990 1329 2014 1355 J.
2034 1329 2216 1356 Bt-:Rsorrnn

1214 1377 1279 1401 Acta
1296 1376 1455 1407 Potasti-um
1474 1376 1616 1402 [lan-eccm,
1635 1379 1655 1401 t,
1674 1376 1695 1405 Ι,
1711 1384 1737 1409 p,
1757 1376 1817 1403 128,
1835 1380 1863 1402 n⁰
1880 1376 1953 1407 19²2.)

1255 1487 1269 1517 ‘f
1289 1498 1307 1504 ..
1329 1476 1362 1505 de
1383 1476 1520 1505 Maseriis
1541 1481 1566 1505 et
1586 1499 1604 1504 ..
1622 1476 1655 1505 de
1675 1477 1780 1505 Lucela
1800 1477 1954 1505 abbatibus
1974 1482 2000 1505 et
2020 1499 2041 1504 ..
2062 1477 2161 1514 priori
2183 1478 2217 1505 de

1214 1529 1331 1564 Lucelo,
1364 1530 1569 1559 Cabilonensis
1599 1535 1625 1558 el
1655 1530 1831 1559 Basiliensis
1859 1529 2020 1559 diocesani.
2052 1530 2095 1559 Ex
2126 1534 2216 1567 parte

1214 1581 1408 1612 dilectorum
1427 1581 1571 1611 tiliorum
1588 1605 1608 1610 ..
1627 1581 1756 1611 abbatis
1774 1586 1803 1611 et
1821 1586 2001 1612 conventus
2017 1582 2215 1613 Cluniacen-

1214 1635 1260 1664 sis
1276 1634 1414 1665 ecclesie
1431 1635 1492 1664 suit
1515 1635 1610 1665 nohis
1631 1634 1803 1664 humiliter
1820 1635 2039 1673 supplicatum
2055 1639 2089 1664 ut
2109 1635 2215 1665 eidem

1214 1686 1363 1721 ecclesie.
1391 1696 1453 1725 que
1477 1691 1568 1717 tanto
1593 1687 1754 1726 premitur
1774 1696 1873 1716 onere
1899 1687 2094 1719 debitorum,
2117 1687 2213 1726 quod,

1213 1740 1281 1769 nisi
1297 1740 1327 1770 ei
1346 1740 1498 1770 celeriter
1517 1744 1739 1770 succurratur.
1765 1739 1943 1769 verendum
1968 1744 2014 1769 est
2042 1749 2081 1769 ne
2102 1740 2216 1770 absor-

1212 1792 1329 1822 beatur
1345 1792 1501 1830 voragine
1522 1802 1710 1822 usurarum.
1729 1792 1767 1821 ad
1785 1801 1867 1830 quas
1880 1792 2053 1822 solvendas
2066 1792 2215 1822 universi

1213 1844 1284 1883 ejus
1297 1844 1445 1875 redditus
1459 1845 1511 1873 vix
1529 1844 1678 1874 sufficere
1695 1848 1899 1879 asseruntur,
1915 1853 1988 1873 cum
2002 1845 2069 1882 Jam
2086 1845 2154 1874 sere
2171 1845 2213 1874 sit

1213 1897 1252 1927 ad
1268 1901 1447 1927 extremam
1467 1897 1726 1927 exinanitionem
1751 1896 1892 1931 redacta.
1913 1896 2021 1926 debita
2043 1897 2213 1934 providere

1213 1949 1436 1979 sollicitudine
1455 1958 1658 1979 curaremus.
1677 1949 1745 1979 Nos
1762 1950 1884 1988 itaque.
1904 1949 1969 1987 ipsi
1988 1949 2124 1979 ecclesie
2142 1954 2214 1978 tan-

1213 2011 1310 2040 quam
1336 2001 1471 2040 speciali
1494 2001 1638 2031 Ecclesie
1665 2003 1811 2032 Romane
1836 2001 1903 2031 filie
1926 2006 2062 2039 paterno
2084 2011 2215 2040 compa-

1213 2055 1332 2084 tientes
1349 2055 1478 2084 affectu.
1498 2063 1533 2084 ac
1555 2054 1761 2084 attendentes
1784 2054 1880 2092 quod,
1901 2054 1929 2084 si
1948 2054 2092 2092 patiatur
2112 2063 2213 2084 unum

1212 2107 1408 2142 membrum.
1427 2111 1534 2137 cetera
1554 2107 1699 2136 membra
1724 2107 1754 2136 ei
1772 2106 1891 2136 debent
1914 2107 2055 2145 compati
2077 2111 2106 2136 ct
2123 2107 2214 2137 illius

1213 2160 1421 2190 necessitatis
1438 2168 1537 2189 onera
1555 2164 1757 2198 supportare,
1775 2165 1810 2190 ut
1827 2160 1872 2189 sic
1895 2159 2094 2197 adimpleant
2110 2159 2214 2197 legem

1212 2212 1353 2247 Christi,
1376 2212 1572 2242 mandamus
1598 2217 1761 2251 quatenus
1785 2212 1824 2242 al)
1848 2212 2015 2242 universis
2040 2211 2214 2241 abhatibus

1213 2269 1243 2295 et
1265 2265 1431 2304 prioribus
1450 2274 1628 2304 eorumque
1651 2265 1867 2295 conventibus
1888 2265 2163 2295 monasteriorum
2185 2268 2215 2294 et

1212 2317 1293 2347 locis
1319 2317 1394 2347 aliis
1427 2317 1622 2347 Alemannie
1653 2317 1705 2347 sui
1735 2317 1861 2347 ordinis
1891 2317 2022 2347 faciatis
2054 2316 2212 2346 decimam

1212 2371 1360 2400 omnium
1383 2380 1518 2400 suorum
1543 2375 1760 2408 proventuum
1783 2374 1811 2399 et
1838 2370 2026 2400 reddituum
2049 2377 2153 2407 usque
2175 2368 2213 2398 ad

1213 2424 1395 2454 triennium
1417 2424 1578 2454 exhiberi.
1600 2433 1656 2462 per
1680 2432 1797 2452 manus
1818 2427 1943 2453 vestras
1962 2423 1996 2451 in
2016 2421 2212 2451 solutionem

1212 2475 1397 2505 debitorum
1412 2475 1613 2514 hujusmodi.
1633 2476 1670 2505 de
1686 2475 1831 2513 ipsorum
1847 2474 1974 2504 abbatis
1992 2478 2020 2503 et
2033 2478 2212 2503 conventus

1212 2528 1426 2562 conscientia,
1442 2528 1569 2566 integre
1581 2528 1845 2558 convertendam.
1857 2535 1911 2556 eos
1924 2526 1964 2556 ad
1978 2526 2213 2555 exhil··itionen1

1212 2581 1330 2619 ipsius.
1357 2581 1385 2610 si
1411 2590 1492 2619 opus
1522 2581 1633 2610 suerit.
1660 2589 1717 2618 per
1742 2588 1914 2609 censuram
1943 2578 2211 2608 ecclesiasticam.

1213 2634 1431 2672 appellatione
1457 2633 1648 2671 postposita.
1678 2631 1922 2670 compellendo:
1952 2630 2109 2669 quicquid
2138 2629 2213 2658 inde³

1212 2686 1370 2716 feceritis.
1394 2686 1488 2715 nobis
1511 2685 1652 2714 fideliter
1674 2683 1877 2720 rescripturi.
1906 2681 2150 2712 Constitutione
2177 2681 2214 2709 det·

1213 2738 1340 2768 duabus
1359 2738 1456 2768 dictis
1473 2738 1507 2766 in
1524 2736 1669 2775 generali
1692 2735 1832 2764 concilio
1850 2734 1949 2769 edita,
1967 2742 2031 2762 non
2051 2733 2213 2762 obstante.

1213 2790 1306 2826 Quod
1322 2790 1350 2819 si
1367 2799 1431 2819 non
1450 2798 1563 2819 omncs
1587 2793 1646 2818 etc.
1667 2789 1738 2817 Dat.
1757 2786 1922 2820 Laterani,
1944 2786 2039 2814 XVII
2059 2784 2214 2814 kalendas

1214 2842 1305 2877 maii,
1323 2851 1409 2872 anno
1426 2842 1629 2871 duodecimo.
1652 2854 1662 2865 υ

1249 2966 1348 2989 4299.
1366 2977 1396 2980 —-
1413 2963 1442 2988 Iu
1459 2962 1581 2988 cun-lum
1598 2959 1713 2985 uio-‘lum
1729 2979 1745 2984 ..
1764 2958 1855 2982 obbitt'
1868 2960 1889 2981 ct
1909 2978 1925 2982 ..
1938 2957 2027 2988 prior-1·
2045 2955 2138 2979 Spu-,¹1
2159 2956 2214 2979 ‚in-
