2519 3518
147 290 207 319 επ
1011 282 1203 321 οΝΖιΕΜΕ
1226 290 1385 320 ANNffl-J.
2189 292 2248 321 826

151 360 244 386 ueste
260 365 389 395 semper
402 361 433 387 et
450 357 630 387 honorifice
648 358 861 396 recepissent,
878 362 1030 396 parentes
1048 357 1107 389 eis.
1123 355 1157 384 in

147 409 306 439 omnibus
322 409 361 439 ad
377 410 521 439 officium
541 410 743 440 visitationis
763 410 1000 448 spectantibus,
1022 409 1159 439 humili-

151 467 200 491 ter
219 465 250 491 et
265 462 391 495 devote.
409 462 473 500 ipsi
494 466 616 498 tamen,
636 462 729 498 falso,
751 471 816 492 non
840 463 912 492 sine
933 461 1159 491 diffamatione

148 514 357 549 monasterii,
387 520 603 553 suggerentes
632 515 729 554 quod,
754 515 990 545 monachorum
1018 514 1159 543 faciente

149 566 289 602 malitia,
308 567 522 597 commissum
544 568 609 597 sibi
635 568 803 605 negotium
825 568 981 606 perficere
1002 567 1159 605 nequive-

150 623 239 653 runt,
261 629 317 657 per
339 621 587 658 suggestionem
609 620 766 650 falsitatis
790 620 978 659 hujusmodi
1000 619 1157 658 quasdam

149 682 170 702 a>
193 672 288 702 nobis
309 672 482 703 obtinuere
502 672 648 704 litteras.
670 673 878 703 continentes
904 677 938 702 ut
961 672 1100 702 electum
1124 682 1159 701 ac

151 728 306 766 priorem⁷
325 732 355 758 et
372 737 427 758 sex
442 728 490 758 vel
505 733 577 758 octo
591 728 629 758 de
646 728 830 766 potioribus
843 727 1015 757 monachis
1033 735 1159 757 monas-

152 781 228 810 terii
249 781 434 816 memorati,
457 781 495 811 ad
519 782 687 812 civitatem
711 782 984 812 Cameracensem
1006 781 1159 811 accedere

152 835 241 864 iufra
258 835 436 865 terminum
456 835 713 873 peremptorium
735 838 985 872 competentem,
1008 843 1063 872 per
1082 842 1159 863 cen-

150 897 264 917 suram
281 887 541 917 ecclesiasticam
559 887 788 922 cohercerem,
807 887 882 917 illos
904 896 940 917 ex
964 887 1046 925 ipsis
1063 895 1156 925 quos,

150 940 223 970 suis
248 939 354 978 culpis
381 940 602 978 exigentibus,
630 940 779 970 viderent
802 950 820 970 a
842 940 1043 970 monasterio
1069 949 1158 969 amo-

150 993 285 1028 vendos,
305 993 345 1022 ad
358 997 484 1023 remota
502 993 572 1022 loca
586 993 734 1032 ejusdem
751 993 878 1022 ordinis
896 993 1135 1022 transferentes
1151 1003 1156 1021 :

148 1047 208 1085 qui
225 1055 298 1076 cum
316 1046 455 1077 electum
474 1051 504 1076 et
525 1047 667 1085 priorem
687 1056 761 1076 cum
779 1051 850 1076 octo
867 1047 1038 1076 monachis
1055 1046 1094 1075 ad
1112 1046 1159 1076 ci-

150 1100 287 1129 vitatem
310 1099 459 1134 eandem,
479 1109 541 1138 que
560 1100 688 1129 duabus
709 1100 807 1129 dietis
828 1109 845 1128 a
866 1099 1067 1129 monasterio
1088 1099 1158 1137 ipso

148 1153 262 1187 distat7
291 1153 351 1183 ire,
385 1161 448 1182 non
477 1153 549 1182 sine
578 1153 708 1190 magnis
733 1153 886 1190 expensis
918 1157 947 1182 et
975 1152 1155 1182 laboribus,

149 1205 400 1244 compulissent,
421 1206 618 1244 quibusdam
638 1206 832 1244 presbiteris
849 1210 879 1235 et
895 1205 1025 1235 clericis
1043 1214 1078 1235 ac
1097 1205 1159 1234 lai-

149 1260 198 1289 cis
224 1259 411 1289 Gandensis
441 1259 551 1297 oppidi
579 1259 617 1288 ad
645 1259 887 1289 testificandum
920 1258 1159 1287 nichilominus

149 1312 308 1347 evocatis,
326 1312 413 1350 quod
427 1321 463 1342 ex
483 1312 641 1350 rescripto
658 1311 837 1350 apostolico
854 1321 918 1341 non
936 1311 1113 1345 habebant,
1130 1317 1156 1341 et

149 1365 309 1395 exhibitis
327 1369 403 1394 tunc
428 1365 533 1403 primo
554 1364 674 1395 litteris
696 1365 906 1402 supradictis,
925 1373 963 1394 ex
980 1370 1070 1402 parte
1087 1373 1160 1402 pre-

149 1418 314 1447 dictorum
328 1417 423 1447 electi
438 1422 659 1447 etconventus
675 1417 737 1447 fuit
749 1417 942 1455 excipiendo
957 1417 1160 1455 propositum

150 1479 260 1501 coram
279 1470 327 1500 eis
347 1470 538 1509 hujusmodi
555 1470 683 1499 litteras
701 1479 765 1499 non
781 1469 902 1501 valere.
919 1479 978 1500 nec
995 1478 1066 1500 esse
1084 1478 1161 1499 auc-

152 1523 285 1553 toritate
307 1523 455 1561 ipsarum
479 1523 513 1552 in
537 1523 669 1561 negotio
689 1523 944 1561 procedendum,
968 1527 1079 1560 utpote
1098 1532 1161 1561 que

152 1576 316 1614 premissa
345 1575 492 1605 falsitate
519 1580 675 1613 suggesta
704 1576 836 1606 obtente
862 1576 1012 1610 suerant3
1043 1584 1105 1614 que
1134 1575 1161 1605 si

151 1633 309 1667 suggesta
329 1637 395 1658 non
421 1633 518 1661 esset,
545 1628 689 1659 obtineri
713 1629 849 1658 minime
873 1629 1070 1667 potuissent,
1088 1637 1161 1658 cum

151 1682 351 1712 intentionis
373 1686 484 1711 nostre
511 1690 574 1711 non
594 1682 696 1711 fuerit
714 1690 768 1712 eos
786 1682 824 1711 ad
846 1681 916 1711 loca
933 1681 1080 1720 protrahi
1098 1685 1161 1710 tam

152 1739 289 1769 remota,
308 1735 374 1764 nisi
392 1744 448 1773 per
465 1735 710 1773 suggestionem
730 1734 920 1774 hujusmodi
938 1734 1106 1764 falsitatis.
1125 1735 1162 1764 Et

150 1788 232 1827 quia
245 1788 325 1818 dicti
340 1788 469 1827 judices
489 1787 573 1817 hanc
591 1788 816 1826 exceptionem
834 1796 947 1817 eorum
966 1787 1160 1824 legitimamv

150 1850 252 1880 quam
283 1850 317 1871 se
348 1841 544 1879 probaturos
576 1840 725 1878 legitime
758 1840 956 1875 offerebant,
989 1840 1162 1870 admittere

150 1899 266 1924 contra.
279 1894 446 1933 justitiam
462 1894 678 1931 denegarunt,
698 1894 846 1932 prefatus
862 1893 997 1928 electus,
1014 1893 1162 1923 sentiens

150 1947 300 1978 indebite
316 1956 350 1977 se
368 1947 509 1984 gravari,
527 1955 591 1976 non
610 1951 643 1975 ut
663 1946 899 1976 correctionem
917 1946 1087 1983 effugeret,
1106 1946 1162 1976 sed

151 2005 197 2036 ut,
220 2004 344 2030 remoto
365 1999 568 2038 gravamine,
588 1999 672 2038 apud
697 1999 784 2029 idem
807 1999 1046 2028 monasterium
1066 2008 1163 2037 expe-

150 2054 280 2084 diretur
297 2053 466 2091 negotium
482 2053 575 2091 juxta
593 2052 746 2082 traditam
761 2052 853 2089 prius
870 2052 1020 2086 formam,
1037 2051 1077 2080 ad
1090 2060 1164 2081 nos-

154 2112 237 2137 tram
252 2105 457 2136 audientiam
477 2104 664 2143 appellavit.
686 2104 835 2142 Cumque
852 2104 1074 2142 postmodum,
1093 2103 1162 2133 illis

150 2159 370 2189 offerentibus
388 2167 421 2188 se
439 2158 522 2188 velle
542 2166 687 2187 errorem
707 2166 803 2186 suum
823 2157 998 2194 corrigere,
1018 2157 1046 2186 si
1062 2157 1162 2187 forsi-

153 2216 209 2242 tan
229 2211 424 2246 erraverint,
450 2210 573 2240 electus
598 2215 628 2239 et
652 2209 806 2239 monachi
830 2209 1011 2247 supradicti
1032 2214 1163 2248 propter

154 2266 215 2296 hoc
232 2265 271 2295 ad
288 2273 401 2295 eorum
425 2264 626 2302 presentiam
649 2262 838 2296 rediissent,
863 2272 928 2292 non
950 2262 1055 2292 solum
1073 2272 1162 2292 erro-

153 2328 224 2349 rem
241 2327 338 2348 suum
357 2317 521 2355 corrigere
546 2304 735 2349 noluerunt,
761 2316 818 2345 sed
837 2316 937 2345 etiam
956 2315 990 2344 in
1010 2315 1161 2346 electum.

155 2371 222 2401 nisi
246 2371 310 2401 sibi
336 2375 366 2401 et
393 2370 532 2400 testibus
561 2369 766 2403 memoratis,
793 2378 886 2407 quos,
910 2369 993 2398 fines
1015 2369 1162 2398 mandati

152 2423 328 2463 apostolici
344 2423 540 2454 excedendo.
560 2432 616 2460 pro
636 2422 718 2451 velle
740 2431 798 2451 suo
819 2426 1027 2456 vocaverant,
1051 2422 1090 2451 de
1108 2431 1162 2451 ex-

153 2478 268 2516 pensis
294 2477 503 2507 satisfaceret
528 2476 600 2514 ipsa
627 2475 689 2510 die,
719 2475 756 2504 de
784 2475 921 2513 quibus.
952 2484 1026 2504 cum
1052 2480 1159 2505 essent

155 2539 273 2569 magne
290 2534 320 2560 et
339 2530 422 2559 hora
436 2530 505 2559 fere
523 2529 589 2558 diei
606 2538 702 2561 nona,
723 2528 787 2557 sihi
805 2527 843 2557 de
860 2527 952 2557 sacili
969 2528 1162 2558 satisfacere

154 2592 221 2613 non
239 2583 380 2618 valebat,
403 2581 756 2612 excommunicationis
781 2580 981 2610 sententiam
1005 2581 1163 2611 fulmina-

153 2640 241 2665 runt.
271 2636 409 2674 Propter
436 2634 537 2673 quod.
561 2634 718 2663 innovata
746 2632 966 2670 appellatione
984 2632 1098 2670 priori,
1124 2633 1162 2662 ad

152 2688 274 2719 Sedem
302 2688 421 2718 iterato
460 2687 551 2716 duxit
581 2685 804 2724 Apostolicam
840 2684 1083 2723 appellandum.
1122 2686 1163 2715 At

155 2741 251 2779 ipsi¹‚
272 2740 492 2779 appellatione
510 2743 707 2777 contempta,
729 2742 759 2768 et
784 2737 928 2767 nondum
947 2738 1164 2776 depositioni-

156 2794 218 2824 bus
240 2798 447 2832 receptorum
470 2793 604 2822 testium
631 2791 818 2829 publicatis,
840 2799 898 2820 nec
918 2791 956 2820 de
981 2791 1086 2828 ipsius
1110 2800 1164 2821 ex-

153 2855 252 2877 cessu
269 2846 321 2876 vel
337 2846 467 2876 defectu
484 2845 631 2883 legitime
656 2843 787 2881 cognita
813 2843 962 2875 veritate,
991 2843 1165 2873 amminis-

191 2960 211 2984 1.
229 2962 278 2984 Ms-
294 2967 302 2982 :
317 2960 385 2987 ipse.

1244 356 1383 387 tratione
1401 358 1464 387 sibi
1483 358 1643 388 honorum
1661 360 1852 389 inormsterii
1871 360 2056 389 interdieta.
2078 360 2246 389 annninis·

1243 409 1417 439 trationem
1443 411 1672 448 temporalium
1694 412 1891 450 quibusdam
1912 422 1968 451 pro
1990 422 2047 442 sue
2068 413 2246 443 voluntatis

1243 461 1380 491 arbitrio
1412 463 1664 493 commiserunt.
1693 464 1843 493 invocato
1868 469 1980 494 wintra
2006 475 2079 494 eum
2106 465 2248 495 nichilo—

1243 514 1353 543 minus
1376 514 1498 545 auxilio
1524 515 1651 545 brachii
1679 516 1849 546 secularis.
1872 518 1979 553 Quare
2007 519 2102 547 tertio
2123 518 2162 547 ad
2189 527 2247 548 nos

1244 575 1353 596 vocem
1371 567 1602 605 appellationis
1622 569 1742 598 emisit.
1765 570 1830 607 Ipsi
1857 579 1944 601 vero,
1972 576 2035 599 tam
2060 571 2122 600 ista
2149 580 2245 609 quani

1244 619 1414 656 premissis
1431 620 1709 658 appellationibus
1728 622 1911 660 vilipensis.
1937 624 2076 652 eundem
2098 629 2167 661 post
2185 624 2248 653 iter

1243 676 1408 710 arreptum
1435 673 1475 702 ad
1501 673 1618 703 Sedent
1646 674 1867 712 Apostolicam
1895 676 2065 705 veniemli.
2087 676 2125 705 de
2149 676 2246 709 sacto,

1242 734 1314 754 cum
1339 725 1377 755 de
1397 725 1471 764 jure
1490 735 1553 756 non
1572 731 1715 765 possent,
1735 728 1774 756 al»
1797 729 2097 758 anuniuistratione
2115 738 2247 758 monas-

1243 778 1317 807 terii
1334 784 1538 815 amoverunt,
1558 790 1594 810 ac
1610 785 1817 811 extorserunt
1835 792 1852 811 a
1868 783 2069 811 monasterio
2083 787 2246 812 trecentas

1242 831 1344 861 libras
1368 833 1612 862 Turonensium
1639 843 1696 872 pro
1716 835 1868 872 expensis
1895 845 1994 873 quas,
2021 840 2053 864 ut
2080 836 2243 870 dicebant,

1242 884 1387 914 fecerant
1404 884 1461 914 illa
1477 885 1556 918 vice,
1578 887 1756 916 asserendo
1775 896 1808 917 sc
1821 887 1859 917 sle
1872 887 1939 917 illis
1960 888 2040 918 velle
2056 894 2186 917 centum
2205 889 2245 917 li-

1241 937 1317 966 hras
1335 938 1574 968 Parisiensium
1592 948 1649 977 pro
1666 940 1859 971 defensione
1877 942 2040 971 sententie
2055 952 2151 980 quam
2167 942 2246 971 tule-

1243 994 1326 1022 rant,
1345 990 1513 1028 deputare.
1534 992 1628 1021 Unde
1652 1002 1669 1021 a
1692 993 1786 1022 nobis
1809 993 2002 1032 suppliciter
2019 995 2195 1032 postulavit
2212 1000 2246 1024 ut

1243 1043 1387 1072 revocari
1404 1053 1595 1081 processum
1611 1054 1723 1075 eorum
1742 1046 1774 1075 in
1792 1047 1935 1077 irritum.
1954 1053 1995 1082 et,
2015 1058 2062 1077 eo.
2082 1049 2167 1077 sicut
2180 1049 2248 1087 jus-

1243 1100 1309 1125 tum
1338 1097 1449 1130 fuerit,
1477 1098 1645 1132 restituto,
1670 1099 1704 1127 in
1732 1100 1863 1137 negotio
1889 1101 2089 1131 visitationis
2117 1102 2245 1139 procedi

1239 1149 1330 1187 juxta
1356 1149 1503 1187 priorum
1529 1150 1770 1180 continentiam
1798 1152 2000 1183 litterarum.
2023 1164 2057 1182 a(-
2083 1154 2244 1191 provideri

1243 1201 1307 1230 sibi
1326 1201 1359 1230 in
1378 1203 1531 1240 expensis
1554 1203 1593 1232 ad
1618 1204 1882 1241 prosecutionem
1907 1206 2029 1243 negotii
2050 1207 2247 1235 necessariis

1243 1254 1281 1283 de
1300 1255 1396 1284 bonis
1413 1256 1618 1289 monasterii,
1637 1266 1710 1286 cum
1729 1266 1793 1286 non
1813 1257 1930 1287 habeat
1956 1259 2134 1296 proprium.
2157 1269 2249 1288 man-

1243 1307 1408 1337 daremus.
1433 1308 1516 1344 Quia
1544 1318 1620 1338 vero
1643 1310 1737 1339 nobis
1757 1320 1820 1339 non
1842 1311 1989 1340 constitit
2008 1312 2046 1341 de
2063 1313 2247 1350 premissis.

1244 1360 1281 1390 de
1302 1361 1476 1399 utriusque
1492 1362 1596 1399 partis
1623 1368 1872 1400 procuratorum
1894 1373 2033 1394 assensu
2055 1366 2249 1395 mandamus

1243 1418 1420 1451 quatenus,
1442 1414 1565 1444 vocatis
1582 1415 1639 1454 qui
1662 1416 1787 1445 suerint
1806 1417 1963 1446 evocandi
1981 1423 2010 1447 et
2031 1418 2153 1447 auditis
2173 1419 2249 1448 hine.

1244 1465 1320 1495 inde
1348 1466 1536 1504 propositis,
1563 1468 1649 1506 quod
1672 1477 1771 1498 causa
1800 1474 1872 1504 eto,
1901 1479 2004 1509 usque
2033 1481 2038 1499 z
2068 1471 2248 1501 observari.

1246 1514 1355 1548 Nullis
1377 1518 1498 1549 litteris
1517 1520 1727 1551 obstantibus
1748 1527 1857 1560 preter
1879 1532 2051 1553 assensum
2072 1525 2215 1562 partium
2233 1535 2251 1554 a

1246 1571 1328 1601 Sede
1350 1572 1539 1609 Apostolica
1564 1573 1788 1613 impet[ratis].
1811 1576 1903 1611 Quod
1921 1576 1949 1605 si
1971 1585 2035 1606 non
2057 1586 2170 1607 omnes
2188 1583 2249 1607 etc.

1246 1624 1318 1652 Dat.
1338 1624 1505 1661 Laterani,
1522 1625 1654 1656 XVIIII
1676 1626 1835 1657 kalendas
1853 1628 2011 1666 Januarii,
2037 1619 2123 1659 anno
2147 1630 2251 1660 unde-

1245 1685 1341 1706 fimo.
1365 1690 1377 1703 n

1316 1901 1432 1929 3329

1281 1964 1419 1997 Capitulo
1443 1965 1634 1997 Ferrariensi,
1661 1981 1690 1983 —
1717 1968 1931 2001 exponentibus
1957 1970 2029 2002 quod
2052 1970 2087 1996 ‹ele
2108 1972 2248 1997 tredecim

1245 2012 1405 2043 canonicis,
1419 2021 1540 2045 quorum
1556 2022 1694 2040 numerus
1709 2015 1738 2041 iu
1753 2024 1852 2041 eorum
1866 2017 1987 2043 eeclesia
2003 2022 2129 2045 statutus
2144 2020 2249 2051 fuerat,

1244 2061 1411 2093 juramento
1426 2061 1573 2094 firmatus,
1598 2072 1652 2089 uon
1676 2063 1731 2090 nisi
1753 2069 1890 2097 quattuor
1907 2066 2073 2093 residebant
2090 2067 2118 2093 in
2136 2069 2248 2099 eadem,

1245 2112 1273 2135 et
1287 2109 1525 2143 supplicantibus
1540 2114 1570 2137 ut
1588 2111 1749 2145 recipiendi
1767 2121 1855 2139 unuln
1872 2114 2088 2147 presln‘terum,
2102 2125 2157 2149 quo
2171 2117 2247 2143 dicta

1747 1905 1866 1933 Latran.
1884 1906 1911 1932 11
1931 1907 2084 1933 decmnbre
2100 1908 2177 1935 1237.

1245 2158 1369 2184 ecclesia
1385 2158 1547 2191 iudigel)at‚
1565 2160 1601 2185 ad
1619 2160 1814 2194 praebendam
1833 2170 1906 2195 qua«-
1919 2164 2010 2189 suerat
2030 2163 2250 2198 Gsravmnliniss.

1245 2207 1384 2240 episcopi,
1407 2210 1477 2233 tunc
1493 2208 1628 2235 canonici
1647 2209 1853 2239 Ferrariensis,
1879 2220 1933 2237 non
1951 2212 2085 2238 obstante
2103 2214 2251 2247 praedit-to

1246 2258 1365 2288 statuto,
1383 2256 1424 2282 eis
1441 2257 1562 2283 lieentia
1579 2259 1797 2290 conce«.loretur,
1823 2275 1852 2277 —
1874 2261 2007 2287 concedit
2030 2266 2059 2288 ut
2081 2271 2131 2296 per
2152 2272 2250 2297 ret-ep—

1246 2304 1356 2330 tionem
1371 2304 1501 2337 ejusdem
1519 2306 1694 2339 presbyteri,
1713 2307 1760 2340 qui
1779 2308 1949 2334 continuam
1968 2309 1994 2335 in
2014 2311 2113 2337 vadem
2128 2312 2251 2338 ert-lesia

1246 2353 1436 2379 residentiam
1462 2354 1562 2385 faeiatv
1585 2356 1699 2381 nullum
1725 2356 1818 2382 eidem
1847 2360 1956 2383 statuto
1983 2360 2194 2392 praeiudicium
2221 2361 2248 2386 iu

1247 2404 1392 2434 posterum
1408 2405 1570 2435 generetur.
1588 2418 1617 2421 —
1636 2404 1721 2435 (Bao.
1743 2404 1786 2431 18.
1807 2406 1825 2430 t’.
1844 2406 1891 2431 311
1912 2409 1950 2435 r·’:
1969 2415 2038 2433 ann.
2059 2408 2111 2436 XI,
2134 2417 2157 2435 c.
2176 2409 2250 2435 318.)

1288 2528 1300 2542 ι(
1321 2516 1460 2553 Capilulo
1477 2517 1681 2546 Ferrarienss.
1703 2519 1746 2547 Ex
1767 2523 1857 2556 parte
1876 2524 1982 2549 vestra
2002 2538 2050 2549 ——.
2068 2522 2140 2551 Dat.
2162 2523 2251 2552 Late-

1248 2568 1330 2604 rani,
1349 2569 1399 2598 111
1416 2569 1490 2598 idus
1507 2570 1702 2600 decembris.
1721 2580 1807 2600 anno
1824 2572 2006 2602 undecimo.
2034 2588 2044 2599 ι)

1319 2795 1436 2823 3980

1283 2857 1500 2884 Archidiacono
1516 2858 1683 2884 Arelatensi
1705 2862 1731 2883 et
1755 2859 1893 2891 magistro
1915 2861 1957 2887 S.
1981 2862 2161 2893 praecentori
2177 2864 2251 2889 Are-

1789 2797 2179 2826 Latratus&..t-tntae1231

1250 2905 1367 2935 latensi,
1390 2905 1509 2932 mandat
1534 2910 1676 2939 quatenus
1700 2906 1846 2931 invasores
1869 2907 2025 2933 comitatus
2048 2908 2252 2943 ,NIelg-›riensis

1249 2953 1285 2980 ad
1302 2953 1553 2980 transfretandum
1574 2954 1602 2979 in
1620 2954 1737 2980 Terram
1758 2956 1909 2983 Sanctam,
1924 2960 1952 2981 ut
1968 2957 2182 2989 paenitentiam
2199 2959 2254 2985 ibi-
