2519 3518
125 297 181 328 529
990 285 1176 322 mxuma
1198 283 1358 321 ANNEE.
2163 288 2220 320 530

125 372 184 394 cus
215 362 387 402 proposuit
410 370 521 392 coram
547 360 643 391 nohis
672 360 773 399 quod,
803 369 896 396 cum,
924 359 1064 390 ecclesia
1093 358 1131 388 de

126 415 374 453 Einefford[ia]¹
394 414 460 444 sihi
482 414 606 443 dudum
628 413 785 443 canonice
805 413 1001 443 auctoritate
1021 416 1133 442 nostra

127 468 263 503 collata,
284 491 302 497 ..
321 466 473 497 officialis
498 466 764 499 Cantuariensis,
789 466 829 495 ad
852 466 1132 504 presentationem

127 521 299 551 karissimi
319 520 354 549 in
373 519 508 550 Christo
531 518 593 548 filii
615 519 720 548 nostri
744 542 763 547 ..
786 519 905 556 Anglie
926 519 1015 556 regis
1038 518 1133 547 illus-

130 574 201 609 tris,
224 577 296 612 post
318 572 574 611 appellationem
599 572 639 602 ad
664 581 723 602 nos
751 572 934 609 legitimam
956 572 1134 610 interposi-

129 631 207 662 tam,
228 625 438 656 VVillelmum
462 625 500 654 de
522 625 629 655 Plessi
651 625 818 660 clericum,
844 625 939 663 plura
961 624 1135 654 ecclesias-

129 680 196 711 tica
211 678 373 709 beneficia
393 677 514 717 quibus
531 686 610 707 cura
626 681 676 707 est
691 677 878 706 animarum
899 686 1036 711 annexa,
1063 676 1135 706 sine

130 732 378 770 dispensatione
400 729 579 768 apostolica
601 730 815 765 detinentem,
838 730 872 758 in
894 730 965 768 ejus
990 729 1136 768 prejudi-

131 785 231 819 cium,
252 784 287 814 in
305 784 466 822 prefatam
483 782 658 813 ecclesiam
675 783 867 812 intrusisset
886 792 892 811 z
910 782 996 812 idem
1013 782 1137 819 magis-

131 843 192 873 ter,
210 837 251 867 ad
266 836 468 875 presentiam
492 840 639 866 nostram
658 835 828 869 accedens,
853 835 893 864 ad
914 834 1137 864 venerabilem

133 891 270 920 fratrem
288 894 438 919 nostrum
456 912 476 917 ..
493 889 764 926 VVigorniensem
788 888 978 927 episcopum
1000 888 1137 926 ejusque

133 943 276 982 collegas
293 947 422 973 nostras
436 942 616 981 reportavit
631 941 771 975 litteras,
789 942 997 971 continentes
1015 945 1061 976 ut,
1082 949 1138 970 vo-

134 996 217 1028 catis
233 996 290 1035 qui
307 996 432 1026 fuerint
445 995 613 1031 evocandi,
633 999 664 1025 et
685 994 808 1024 auditis
826 994 905 1024 hinc
921 994 998 1024 inde
1021 1003 1138 1032 propo-

136 1049 228 1084 sitis,
261 1049 348 1088 quod
374 1048 571 1078 canonicum
602 1052 706 1082 esset,
738 1051 884 1077 statuere
910 1051 1137 1085 procurarent.

133 1102 258 1132 Verum
269 1110 354 1137 cum,
366 1101 473 1131 medio
486 1104 643 1139 tempore,
657 1100 781 1129 dictum
791 1100 846 1129 W.
860 1099 900 1129 ab
914 1100 986 1138 ipsa
999 1099 1140 1129 ecclesia

135 1154 337 1184 venerabilis
353 1154 456 1183 frater
472 1157 584 1183 noster
601 1176 620 1182 ..
643 1152 896 1184 Cantuariensis
917 1152 1140 1190 archiepisco-

135 1217 197 1246 pus
214 1207 403 1242 amovisset,
427 1206 514 1236 idem
536 1205 817 1244 archiepiscopus,
839 1209 875 1235 ut
897 1205 961 1244 ipsi
982 1205 1140 1243 magistro

136 1259 364 1290 adversarium
388 1259 606 1289 constitueret
629 1258 810 1294 fortiorem,
836 1258 1033 1295 magistrum
1053 1257 1141 1288 Wil-

135 1312 271 1343 lelmum
289 1311 327 1341 de
340 1311 484 1347 Cemeia,
503 1311 667 1341 defectum
684 1310 846 1340 natalium
868 1310 1060 1349 patientem,
1085 1319 1141 1340 su-

137 1373 194 1402 per
221 1373 285 1403 quo
306 1373 370 1393 non
393 1367 462 1394 erat
483 1372 595 1393 secum
615 1372 673 1401 per
694 1363 811 1393 Sedem
832 1363 1056 1401 Apostolicam
1078 1363 1142 1393 dis-

136 1420 322 1455 pensat-um,
342 1416 379 1446 de
396 1416 494 1451 facto,
517 1424 591 1445 cum
614 1415 653 1445 de
668 1415 743 1454 jure
762 1424 827 1444 non
848 1419 970 1453 posset,
994 1415 1144 1445 instituit

136 1469 172 1498 in
190 1469 322 1504 eadem;
341 1469 398 1507 qui
414 1477 486 1498 eam
503 1468 639 1503 detinet,
657 1468 692 1497 in
709 1467 815 1506 ipsius
831 1468 984 1505 magistri
1006 1468 1143 1497 Roberti

136 1522 357 1560 prejudicium
389 1524 420 1551 et
449 1529 638 1559 gravamen.
672 1520 822 1558 Cumque
849 1520 957 1550 dictus
984 1521 1144 1558 magister

136 1575 302 1605 Robertus
322 1574 433 1612 ipsum
459 1574 664 1604 detentorem
692 1582 802 1603 coram
825 1573 950 1603 eisdem
973 1572 1144 1612 judicibus

136 1627 358 1662 convenisset,
384 1626 512 1664 prefato
539 1635 632 1664 rege,
665 1625 706 1655 ad
737 1625 934 1655 instantiam
963 1625 1144 1655 detentoris

137 1679 296 1719 ejusdem,
314 1679 396 1717 ipsis
411 1679 594 1718 judicibus,
612 1687 653 1708 ne
666 1678 893 1717 procederent,
912 1682 942 1708 et
956 1678 1063 1708 eidem
1078 1687 1145 1708 ma-

137 1732 252 1770 gistro,
270 1741 310 1762 ne
335 1736 594 1771 prosequeretur
615 1731 808 1771 hujusmodi
835 1731 1023 1769 negotium,
1053 1731 1145 1761 inhi-

137 1785 248 1820 bente,
266 1794 331 1815 non
345 1789 395 1815 est
411 1785 446 1814 in
463 1786 595 1823 negotio
612 1785 683 1824 ipso
700 1794 903 1823 processum,
924 1785 1010 1815 sicut
1025 1785 1089 1815 duo
1108 1794 1145 1814 ex

135 1837 305 1877 judicibus
331 1837 426 1875 ipsis,
453 1838 551 1867 tertio
580 1837 620 1867 ad
641 1842 741 1867 totam
770 1847 918 1873 causam,
945 1842 981 1867 ut
1005 1838 1144 1873 dicitur,

138 1893 304 1924 excusato,
330 1889 427 1920 nobis
449 1899 507 1928 per
533 1899 610 1920 suas
630 1889 760 1920 litteras
783 1890 993 1925 intimarunt,
1019 1890 1146 1920 nuntiis

135 1942 286 1982 judicum
311 1942 460 1980 ipsorum
484 1942 525 1972 ad
551 1943 718 1981 prefatum
744 1942 949 1972 detentorem
977 1942 1147 1972 citationis

136 1995 267 2025 litteras
293 1995 531 2029 deferentibus.
555 2004 695 2034 quorum
717 2004 805 2025 unus
829 2000 899 2025 erat
925 1995 1083 2030 clericus,
1109 1995 1147 2026 de

139 2048 295 2078 mandato
313 2048 495 2078 detentoris
511 2047 618 2086 ipsius
635 2048 780 2086 graviter
800 2048 997 2078 vulneratis.
1019 2048 1149 2087 Adjecit

140 2101 238 2131 etiam
261 2101 398 2138 insuper
416 2100 505 2130 idem
530 2101 689 2138 magister
705 2101 886 2136 Robertus,
904 2101 1062 2130 adversus
1079 2101 1148 2131 dic-

140 2157 210 2183 tum
227 2152 513 2190 archiepiscopum
533 2152 730 2183 inculcando
749 2153 929 2192 querelam,
953 2153 1039 2191 quod
1061 2153 1149 2182 idem

140 2205 421 2244 archiepiscopus,
439 2205 604 2243 prefatum
620 2206 823 2236 detentorem
843 2215 901 2244 pro
922 2215 1017 2243 posse
1034 2205 1149 2235 defen-

140 2257 233 2292 dens,
252 2257 332 2296 quia
347 2258 418 2296 ipse
435 2257 600 2288 Rohertus
614 2259 669 2297 jus
689 2268 787 2288 suum
802 2259 1016 2297 prosequitur
1033 2259 1068 2287 in
1088 2258 1150 2288 hac

140 2313 233 2348 parte
250 2313 364 2340 contra
383 2319 458 2340 eum
474 2319 612 2340 rancore
631 2315 799 2349 concepto,
817 2319 892 2340 cum
915 2311 1002 2340 idem
1024 2311 1150 2341 Roher-

142 2365 195 2392 tus
211 2371 269 2400 pro
288 2371 323 2392 se
347 2366 378 2392 et
399 2362 570 2392 VVillelmo
591 2372 627 2392 ac
645 2363 718 2398 Ph„
743 2363 903 2393 fratribus
928 2364 1016 2399 suis,
1037 2372 1151 2394 cruce-

143 2414 300 2453 signatis,
327 2419 441 2445 contra
471 2415 630 2454 quosdam
656 2416 780 2446 Judeos
806 2425 905 2454 super
934 2416 1151 2446 immoderato

143 2467 335 2505 gravamine
351 2477 530 2498 usurarum
549 2472 679 2498 nostras
694 2469 734 2498 ad
745 2469 853 2507 ipsum
866 2469 1152 2507 archiepiscopum

141 2519 272 2561 litteras
290 2521 513 2559 impetrasset,
537 2525 579 2556 et,
602 2530 675 2550 curn
699 2521 822 2551 litteris
845 2521 928 2559 ipsis
951 2521 991 2551 ad
1014 2530 1152 2559 presen-

142 2572 224 2603 tiam
240 2574 312 2613 ejus
329 2574 501 2609 accedens,
521 2577 647 2612 peteret
663 2578 699 2603 ut
718 2574 910 2612 procederet
931 2583 989 2612 per
1006 2575 1150 2610 easdem,

143 2623 232 2658 idem
248 2625 540 2665 archiepiscopus²
553 2635 618 2656 non
634 2626 741 2656 solum
754 2627 844 2664 ipsas
858 2626 987 2656 litteras
1004 2626 1151 2664 recipere

144 2677 262 2714 noluit,
282 2678 340 2708 sed
356 2679 457 2709 etiam
479 2679 670 2717 ingressum
687 2679 778 2709 curie
794 2688 852 2709 sue
874 2679 939 2708 sibi
959 2679 1031 2709 sine
1050 2679 1152 2709 ratio—

178 2816 198 2840 ¹.
216 2816 262 2840 W.
277 2815 311 2840 H.
334 2817 431 2847 BLtsS,
447 2819 585 2841 calendar
600 2820 630 2846 of
644 2819 749 2841 enlries
766 2818 795 2840 in
812 2819 855 2841 the
870 2818 954 2846 papa!
973 2819 1152 2847 Registcrs...,

146 2861 230 2889 rapat
246 2862 362 2889 Lenem,
378 2860 399 2891 1,
417 2861 522 2885 158-159
537 2868 543 2885 z
560 2861 717 2890 Einesford;
735 2864 758 2885 et
771 2863 836 2890 plus
850 2862 907 2884 lein
919 2868 928 2884 .·
944 2861 1070 2885 Cei-noia,

176 2903 199 2927 2.
217 2903 269 2927 Les
286 2906 357 2928 mots
373 2912 386 2927 α
402 2905 474 2928 idem
495 2906 722 2936 archiepiscopus
744 2914 755 2927 »
777 2903 839 2929 sont
859 2905 967 2935 repetes
987 2906 1021 2928 ici
1043 2912 1090 2935 par
1111 2905 1152 2928 in-

146 2947 321 2972 advertance.

271 2997 457 3030 GRE'GOIRE
476 3007 527 3033 ix.
546 3011 565 3031 t.
585 3008 619 3031 11.

1216 356 1319 386 nabili
1338 366 1438 386 causa
1454 358 1587 395 penitus
1604 357 1784 387 interdixit.
1806 357 1914 392 Quare
1937 357 2044 387 dictus
2062 356 2220 393 magister

1216 419 1250 439 sc
1270 418 1304 439 ac
1329 409 1459 439 cosdem
1481 410 1600 439 fratres
1617 418 1694 439 suos
1712 409 1910 445 gravissima
1934 409 2074 447 dampna
2100 408 2217 438 asserit

1216 462 1408 498 incurrisse,
1425 471 1498 491 cum
1514 461 1783 500 propter-justitie
1797 461 1959 491 defectum
1976 461 2078 491 libros
2096 470 2172 490 suos
2189 465 2219 490 et

1216 515 1432 545 hereditatem
1471 515 1633 545 dictorum
1675 515 1813 543 fratrum
1855 523 1974 551 vorago
2013 513 2222 543 absorbuerit

1217 577 1406 597 usurarum.
1431 568 1470 597 Et
1496 578 1569 597 cum
1592 568 1660 606 ipse
1684 567 1856 603 magister.v
1884 567 1962 597 olim
1988 567 2072 604 apud
2103 566 2220 596 Sedem

1217 620 1439 658 Apostolicam
1455 620 1667 654 constitutus,
1688 620 1722 648 in
1740 629 1839 649 causa
1855 628 1953 658 quam
1972 619 2079 649 dictus
2094 617 2220 648 willel-

1217 682 1291 702 mus
1310 673 1348 703 de
1372 673 1478 703 Plessi
1502 673 1659 702 adversus
1682 672 1966 710 archiepiscopum
1987 672 2094 709 ipsum
2120 670 2222 700 hahe-

1218 726 1284 760 bat,
1303 735 1402 763 super
1418 734 1455 755 eo
1473 726 1558 764 quod
1574 729 1740 755 amoverat
1753 734 1826 754 eum
1845 734 1861 753 a
1879 725 1965 753 dicta
1979 724 2128 753 ecclesia.
2148 732 2223 761 par-

1220 783 1285 808 tem
1308 778 1386 807 dicti
1411 778 1652 816 archiepiscopi
1679 777 1855 807 defendere
1884 780 2109 815 procurasset,
2134 775 2221 805 idem

1220 831 1500 869 archiepiscopus,
1523 830 1598 860 licet
1622 834 1751 867 gratuiti
1777 834 1806 859 et
1832 834 1938 858 ratum
1960 828 2113 858 habuerit
2137 827 2224 866 quod

1221 884 1349 914 utiliter
1371 888 1499 921 gestum
1526 884 1633 913 suerat
1657 882 1696 911 alt
1725 882 1849 913 eodem,
1872 882 1910 911 de
1937 881 2089 919 expensis
2114 885 2223 910 tamen

1222 941 1352 974 propter
1375 936 1434 965 hoc
1459 935 1554 965 factis
1585 935 1649 964 sihi
1678 935 1870 964 satisfacere
1900 934 2086 971 denegavit.
2116 933 2223 966 Unde,

1221 998 1296 1019 curn
1313 993 1454 1027 nequeat
1472 988 1507 1017 in
1523 988 1673 1026 partibus
1696 987 1764 1016 illis
1786 987 1824 1016 de
1844 987 1914 1024 pari
1937 986 2134 1016 contendere
2151 994 2224 1015 cum

1221 1041 1469 1079 archiepiscopo
1493 1045 1523 1070 et
1549 1041 1679 1069 intruso
1715 1039 1892 1077 predictis,
1926 1039 2020 1068 nobis
2053 1037 2227 1067 humiliter

1222 1093 1420 1132 supplicavit
1442 1097 1477 1122 ut
1500 1101 1598 1130 super
1617 1092 1677 1121 hoc
1694 1091 1865 1129 providere
1885 1091 1949 1121 sihi
1967 1090 2226 1121 misericorditer

1222 1147 1446 1184 dignaremur.
1456 1145 1539 1176 Cum
1551 1145 1720 1182 igiturnos
1730 1144 1797 1182 pati
1806 1153 1870 1173 non
1879 1144 1989 1173 deceat
2001 1148 2035 1172 ut
2045 1143 2152 1173 dictus
2162 1152 2227 1172 ma-

1223 1199 1335 1237 gister,
1346 1202 1492 1227 nostram
1509 1197 1649 1235 gratiam
1666 1196 1905 1235 prosequendo,
1917 1201 2049 1234 propter
2061 1195 2147 1234 quod
2159 1195 2227 1234 jam

1224 1256 1370 1282 extrema
1384 1250 1511 1280 laborat
1527 1250 1651 1287 inopia,
1662 1249 1773 1279 taliter
1787 1249 2021 1282 confundatur,
2033 1248 2230 1277 mandamus

1224 1308 1388 1343 quatenus
1405 1302 1653 1340 archiepiscopo
1670 1306 1701 1331 et
1719 1301 1888 1331 WVillelmo
1904 1301 2072 1340 jamdictis
2089 1300 2230 1338 prefiga-

1225 1357 1267 1386 tis
1287 1356 1467 1386 terminum
1488 1354 1744 1393 peremptorium
1767 1358 2021 1392 competentem.
2041 1363 2104 1391 quo
2122 1362 2178 1390 per
2195 1361 2230 1382 se

1225 1409 1276 1439 vel
1294 1418 1351 1447 per
1370 1413 1598 1446 procuratores
1616 1407 1752 1437 idoneos
1772 1416 1805 1437 se
1828 1411 1940 1436 nostro
1961 1405 2152 1443 conspectui
2178 1414 2232 1434 re-

1225 1467 1434 1502 presentent,
1457 1461 1579 1491 facturi
1600 1466 1631 1491 et
1655 1460 1818 1497 recepturi
1841 1459 1928 1498 quod
1952 1458 2124 1488 dictaret-it
2151 1457 2230 1487 ordo

1222 1516 1320 1554 juris.
1346 1515 1438 1551 Quod
1460 1514 1489 1542 si
1508 1523 1572 1543 non
1594 1522 1708 1543 ornnes
1728 1517 1803 1547 etc.,
1819 1516 1853 1541 tu
1879 1521 1931 1541 ea.
1951 1512 2053 1540 frater
2078 1511 2230 1548 episcope

1227 1572 1288 1598 etc.
1309 1569 1381 1597 Dat.
1401 1569 1601 1601 Inter-amne,
1617 1565 1883 1604 nonisjanuarii.v
1899 1564 2109 1602 pontificatus
2130 1562 2233 1592 nostri

1228 1629 1314 1650 anno
1333 1620 1472 1650 decimo.
1493 1632 1505 1645 n

1298 1777 1416 1805 :3420

1263 1839 1519 1874 Archiepiscopos,
1535 1838 1695 1872 episcopos,
1707 1837 1838 1869 abbates.
1853 1837 1974 1870 priores,
1986 1836 2121 1867 decanos,
2137 1835 2236 1862 archi-

1228 1890 1366 1916 diaconos
1380 1890 1407 1915 et
1419 1888 1492 1915 alios
1508 1886 1699 1914 ecclesiarum
1716 1886 1862 1919 praelatos
1881 1888 1909 1912 et
1925 1885 2045 1911 elericos
2063 1892 2114 1918 per
2133 1883 2236 1910 Sardi-

1229 1938 1310 1964 niam
1330 1940 1358 1964 et
1378 1936 1526 1964 Corsicam
1545 1935 1720 1962 constitutos
1741 1935 1875 1960 hortatur
1895 1936 2039 1967 quatenus
2058 1932 2233 1965 magistrum

1227 1982 1468 2020 Alex[andrun]],
1484 1984 1671 2018 capellanum
1694 1990 1796 2015 suum,
1813 1989 1916 2016 quem,
1933 1981 2089 2008 commisso
2107 1980 2133 2006 ei
2152 1981 2232 2013 lega-

1229 2034 1319 2062 tionis
1342 2033 1446 2066 officio,
1472 2033 1508 2059 ad
1532 2035 1628 2066 partes
1653 2031 1784 2065 ipsorum
1810 2030 1955 2062 destinat,
1980 2030 2123 2055 honorent
2152 2028 2237 2061 eique

1230 2083 1388 2110 intendant
1407 2085 1435 2108 et
1453 2081 1609 2113 obediant-3
1626 2080 1760 2113 alioquin
1781 2079 1959 2106 sententiani
1981 2086 2069 2112 quani
2091 2077 2169 2103 idem
2191 2079 2239 2103 tu-

1231 2132 1299 2159 lerit
1315 2132 1346 2158 in
1362 2131 1496 2163 rebelles,
1516 2130 1579 2164 ipse
1594 2137 1670 2164 papa
1684 2132 1778 2155 ratam
1794 2127 1914 2154 habebit
1932 2130 1959 2154 et
1975 2126 2061 2153 faciet
2078 2125 2238 2152 observari.

1233 2196 1263 2200 -—
1278 2182 1364 2213 (Rae.
1383 2180 1427 2212 18,
1443 2180 1463 2206 f.
1479 2179 1531 2206 214
1545 2182 1586 2211 r⁰;
1602 2186 1672 2205 ann.
1690 2178 1728 2210 X,
1746 2186 1770 2203 e.
1785 2177 1860 2208 301.)

1755 1775 1855 1807 Terni,
1869 1774 1903 1801 29
1919 1773 2073 1800 decembre
2086 1772 2164 1799 1236.

1275 2288 1287 2302 α
1305 2275 1547 2312 Archirpiscopt's
1564 2278 1588 2301 el
1605 2273 1762 2310 episcopis,
1785 2271 1952 2304 abhatibus,
1970 2270 2138 2307 prioribus,
2156 2269 2242 2298 ‹leca-

1233 2330 1293 2363 πίε,
1307 2327 1537 2357 archidiaconis
1553 2331 1578 2354 el
1590 2326 1662 2354 aliis
1678 2325 1874 2353 ecclesiarum
1886 2323 2014 2361 prelatis
2025 2323 2178 2351 elclericis
2188 2330 2242 2358 prr

1233 2381 1416 2411 Sardiniam
1440 2385 1465 2408 ct
1491 2380 1643 2408 Corsicam
1665 2378 1850 2406 constitutis.
1874 2376 1955 2405 Cum
1982 2374 2158 2404 commissa
2183 2382 2242 2402 no-

1233 2435 1286 2464 bis
1306 2452 1353 2462 —.
1374 2434 1446 2463 Dat.
1470 2434 1677 2465 Interamne,
1702 2431 1768 2460 IIII
1791 2429 1949 2459 kalendas
1971 2427 2134 2467 januarii.
2155 2435 2241 2456 anno

1235 2487 1374 2517 decimo.
1397 2499 1409 2512 υ

1270 2595 1374 2619 3421.
1387 2606 1419 2610 ——
1436 2592 1469 2618 In
1485 2590 1610 2617 eunden]
1624 2589 1743 2615 modum
1757 2587 1892 2612 nobilibus
1905 2588 1971 2611 rit-is
1983 2585 2126 2618 jndicibus
2138 2587 2161 2609 ει
2175 2584 2242 2608 uni-

1234 2643 1317 2667 versis
1334 2641 1412 2666 laicis
1425 2647 1475 2672 per
1490 2639 1653 2665 Sardiniam
1670 2640 1694 2661 et
1712 2637 1846 2661 Corsicam
1865 2635 2030 2662 commutis,
2048 2631 2242 2666 usque1ali0-

1235 2690 1307 2724 quin
1330 2697 1435 2723 penam
1458 2687 1643 2722 spiritualem
1661 2686 1708 2711 rel
1730 2684 1921 2718 temporalem
1944 2690 2031 2716 qnam
2055 2680 2190 2707 statuerit
2210 2680 2240 2706 in

1235 2738 1360 2765 rebelles
1375 2740 1443 2770 etc.,
1458 2738 1490 2762 ut
1507 2743 1604 2769 supra.

1307 2883 1426 2911 3422

1271 2946 1414 2980 Magis-tro
1444 2941 1652 2979 AlexffitndroL
1678 2942 1830 2975 capellano
1855 2949 1919 2971 suo,
1943 2938 2131 2972 Apostolicae
2157 2937 2242 2963 Sedis

1817 2877 1916 2909 Terni,
1931 2877 1945 2903 3
1961 2876 2078 2909 janvier
2092 2875 2169 2901 1:237.

2091 2998 2118 3020 33
