<?xml version="1.0" encoding="UTF-8"?>
<!DOCTYPE html PUBLIC "-//W3C//DTD XHTML 1.0 Transitional//EN"
    "http://www.w3.org/TR/xhtml1/DTD/xhtml1-transitional.dtd">
<html xmlns="http://www.w3.org/1999/xhtml" xml:lang="en" lang="en">
 <head>
  <title>
</title>
<meta http-equiv="Content-Type" content="text/html;charset=utf-8" />
  <meta name='ocr-system' content='tesseract 3.04.00' />
  <meta name='ocr-capabilities' content='ocr_page ocr_carea ocr_par ocr_line ocrx_word'/>
</head>
<body>
  <div class='ocr_page' id='page_1' title='image "./lesregistresdale02cathuoft_0421.png"; bbox 0 0 2519 3518; ppageno 0'>
   <div class='ocr_carea' id='block_1_1' title="bbox 114 302 2245 347">
    <p class='ocr_par' dir='ltr' id='par_1_1' title="bbox 114 302 2245 347">
     <span class='ocr_line' id='line_1_1' title="bbox 114 302 2245 347; baseline -0.004 -6"><span class='ocrx_word' id='word_1_1' title='bbox 114 307 168 336; x_wconf 80' lang='grc'>761</span> <span class='ocrx_word' id='word_1_2' title='bbox 973 302 1164 340; x_wconf 65' lang='lat' dir='ltr'>oxziimss</span> <span class='ocrx_word' id='word_1_3' title='bbox 1187 302 1344 339; x_wconf 69' lang='lat' dir='ltr'>ANNEE.</span> <span class='ocrx_word' id='word_1_4' title='bbox 2144 318 2198 347; x_wconf 58' lang='lat'>752,</span> <span class='ocrx_word' id='word_1_5' title='bbox 2242 330 2245 333; x_wconf 89' lang='lat'>.</span> 
     </span>
    </p>
   </div>
   <div class='ocr_carea' id='block_1_2' title="bbox 113 374 1119 699">
    <p class='ocr_par' dir='ltr' id='par_1_2' title="bbox 113 374 1119 699">
     <span class='ocr_line' id='line_1_2' title="bbox 115 374 1119 411; baseline 0.001 -10"><span class='ocrx_word' id='word_1_6' title='bbox 115 374 268 408; x_wconf 80' lang='lat' dir='ltr'>rebellem,</span> <span class='ocrx_word' id='word_1_7' title='bbox 284 378 443 410; x_wconf 83' lang='lat' dir='ltr'>compellat</span> <span class='ocrx_word' id='word_1_8' title='bbox 460 381 489 403; x_wconf 55' lang='lat' dir='ltr'>ut.</span> <span class='ocrx_word' id='word_1_9' title='bbox 507 377 698 410; x_wconf 78' lang='lat' dir='ltr'>personaliter</span> <span class='ocrx_word' id='word_1_10' title='bbox 714 378 748 404; x_wconf 82' lang='lat' dir='ltr'>ad</span> <span class='ocrx_word' id='word_1_11' title='bbox 768 378 958 411; x_wconf 62' lang='lat' dir='ltr'>apostolicam</span> <span class='ocrx_word' id='word_1_12' title='bbox 983 385 1119 411; x_wconf 63' lang='lat' dir='ltr'>prae-svn-</span> 
     </span>
     <span class='ocr_line' id='line_1_3' title="bbox 118 423 1119 459; baseline 0.002 -10"><span class='ocrx_word' id='word_1_13' title='bbox 118 423 190 450; x_wconf 81' lang='lat' dir='ltr'>tiam</span> <span class='ocrx_word' id='word_1_14' title='bbox 207 424 344 455; x_wconf 86' lang='lat' dir='ltr'>veniant;</span> <span class='ocrx_word' id='word_1_15' title='bbox 363 425 515 451; x_wconf 74' lang='lat' dir='ltr'>nonnullis</span> <span class='ocrx_word' id='word_1_16' title='bbox 526 426 593 451; x_wconf 82' lang='lat' dir='ltr'>aliis</span> <span class='ocrx_word' id='word_1_17' title='bbox 607 425 754 452; x_wconf 79' lang='lat' dir='ltr'>mandatis</span> <span class='ocrx_word' id='word_1_18' title='bbox 765 426 900 459; x_wconf 69' lang='lat' dir='ltr'>adjectis,</span> <span class='ocrx_word' id='word_1_19' title='bbox 914 434 1030 452; x_wconf 70' lang='lat' dir='ltr'>calisam</span> <span class='ocrx_word' id='word_1_20' title='bbox 1046 434 1119 459; x_wconf 69' lang='lat' dir='ltr'>quac</span> 
     </span>
     <span class='ocr_line' id='line_1_4' title="bbox 117 471 1118 508; baseline 0.002 -10"><span class='ocrx_word' id='word_1_21' title='bbox 117 471 196 499; x_wconf 79' lang='lat' dir='ltr'>inter</span> <span class='ocrx_word' id='word_1_22' title='bbox 217 473 380 507; x_wconf 79' lang='lat' dir='ltr'>praedictos</span> <span class='ocrx_word' id='word_1_23' title='bbox 399 474 652 508; x_wconf 77' lang='lat' dir='ltr'>archiepiscopum</span> <span class='ocrx_word' id='word_1_24' title='bbox 677 478 705 501; x_wconf 83' lang='lat' dir='ltr'>et</span> <span class='ocrx_word' id='word_1_25' title='bbox 727 480 874 501; x_wconf 67' lang='lat' dir='ltr'>cantor-uu</span> <span class='ocrx_word' id='word_1_26' title='bbox 895 483 981 508; x_wconf 69' lang='lat' dir='ltr'>super</span> <span class='ocrx_word' id='word_1_27' title='bbox 1002 474 1118 500; x_wconf 76' lang='lat' dir='ltr'>caucel-</span> 
     </span>
     <span class='ocr_line' id='line_1_5' title="bbox 116 520 1117 555; baseline 0.002 -9"><span class='ocrx_word' id='word_1_28' title='bbox 116 520 191 547; x_wconf 83' lang='lat' dir='ltr'>laria</span> <span class='ocrx_word' id='word_1_29' title='bbox 215 524 277 548; x_wconf 80' lang='lat' dir='ltr'>erat</span> <span class='ocrx_word' id='word_1_30' title='bbox 301 526 420 550; x_wconf 82' lang='lat' dir='ltr'>exorta.</span> <span class='ocrx_word' id='word_1_31' title='bbox 447 522 696 555; x_wconf 64' lang='lat' dir='ltr'>contingentibus.</span> <span class='ocrx_word' id='word_1_32' title='bbox 720 538 750 541; x_wconf 86' lang='lat'><strong>—</strong></span> <span class='ocrx_word' id='word_1_33' title='bbox 777 524 862 554; x_wconf 71' lang='lat' dir='ltr'>(Rau.</span> <span class='ocrx_word' id='word_1_34' title='bbox 888 524 930 553; x_wconf 76' lang='lat'>1⁸.</span> <span class='ocrx_word' id='word_1_35' title='bbox 955 525 974 549; x_wconf 88' lang='grc'>1“.</span> <span class='ocrx_word' id='word_1_36' title='bbox 999 523 1050 549; x_wconf 78' lang='grc'>322</span> <span class='ocrx_word' id='word_1_37' title='bbox 1075 526 1117 553; x_wconf 85' lang='lat' dir='ltr'>r&#39;&#39;;</span> 
     </span>
     <span class='ocr_line' id='line_1_6' title="bbox 113 569 1116 602; baseline 0.002 -7"><span class='ocrx_word' id='word_1_38' title='bbox 113 577 184 595; x_wconf 82' lang='lat' dir='ltr'>ann.</span> <span class='ocrx_word' id='word_1_39' title='bbox 202 569 255 601; x_wconf 78' lang='lat' dir='ltr'>xl,</span> <span class='ocrx_word' id='word_1_40' title='bbox 273 580 297 596; x_wconf 85' lang='lat' dir='ltr'>c.</span> <span class='ocrx_word' id='word_1_41' title='bbox 310 570 376 601; x_wconf 68' lang='lat'>225:</span> <span class='ocrx_word' id='word_1_42' title='bbox 394 585 424 589; x_wconf 74' lang='lat'>-</span> <span class='ocrx_word' id='word_1_43' title='bbox 442 570 574 598; x_wconf 66' lang='lat' dir='ltr'>Moamu</span> <span class='ocrx_word' id='word_1_44' title='bbox 593 571 671 602; x_wconf 89' lang='grc'>1191,</span> <span class='ocrx_word' id='word_1_45' title='bbox 685 572 704 597; x_wconf 84' lang='lat' dir='ltr'>f.</span> <span class='ocrx_word' id='word_1_46' title='bbox 722 572 789 600; x_wconf 70' lang='lat'>374:</span> <span class='ocrx_word' id='word_1_47' title='bbox 806 586 836 589; x_wconf 98' lang='lat'><strong>—</strong></span> <span class='ocrx_word' id='word_1_48' title='bbox 850 571 1005 598; x_wconf 54' lang='lat' dir='ltr'>Pommw</span> <span class='ocrx_word' id='word_1_49' title='bbox 1018 571 1116 601; x_wconf 76' lang='lat' dir='ltr'>iot-15:</span> 
     </span>
     <span class='ocr_line' id='line_1_7' title="bbox 117 618 1116 651; baseline 0.002 -8"><span class='ocrx_word' id='word_1_50' title='bbox 117 631 148 635; x_wconf 94' lang='lat'>-—</span> <span class='ocrx_word' id='word_1_51' title='bbox 173 618 210 644; x_wconf 82' lang='lat' dir='ltr'>cf.</span> <span class='ocrx_word' id='word_1_52' title='bbox 235 618 259 646; x_wconf 87' lang='lat' dir='ltr'>J.</span> <span class='ocrx_word' id='word_1_53' title='bbox 286 619 468 647; x_wconf 62' lang='lat' dir='ltr'>Baauouma.</span> <span class='ocrx_word' id='word_1_54' title='bbox 495 621 558 644; x_wconf 50' lang='lat' dir='ltr'>„tcta</span> <span class='ocrx_word' id='word_1_55' title='bbox 586 619 744 649; x_wconf 67' lang='lat' dir='ltr'>Pontificum</span> <span class='ocrx_word' id='word_1_56' title='bbox 769 619 911 651; x_wconf 68' lang='lat' dir='ltr'>llelrclira,</span> <span class='ocrx_word' id='word_1_57' title='bbox 934 623 953 645; x_wconf 85' lang='lat' dir='ltr'>t.</span> <span class='ocrx_word' id='word_1_58' title='bbox 980 620 988 645; x_wconf 92' lang='grc'>1</span> <span class='ocrx_word' id='word_1_59' title='bbox 1015 619 1116 651; x_wconf 74' lang='grc'>(1892),</span> 
     </span>
     <span class='ocr_line' id='line_1_8' title="bbox 117 665 356 699; baseline 0.008 -7"><span class='ocrx_word' id='word_1_60' title='bbox 117 673 144 699; x_wconf 85' lang='lat' dir='ltr'>p.</span> <span class='ocrx_word' id='word_1_61' title='bbox 163 665 223 697; x_wconf 79' lang='lat'>125,</span> <span class='ocrx_word' id='word_1_62' title='bbox 239 666 356 695; x_wconf 69' lang='lat'>110187.)</span> 
     </span>
    </p>
   </div>
   <div class='ocr_carea' id='block_1_3' title="bbox 110 781 1117 2605">
    <p class='ocr_par' dir='ltr' id='par_1_3' title="bbox 110 781 1117 2605">
     <span class='ocr_line' id='line_1_9' title="bbox 159 781 1117 820; baseline 0.003 -12"><span class='ocrx_word' id='word_1_63' title='bbox 159 794 170 807; x_wconf 83' lang='lat'>«</span> <span class='ocrx_word' id='word_1_64' title='bbox 190 804 209 809; x_wconf 92' lang='lat'>..</span> <span class='ocrx_word' id='word_1_65' title='bbox 226 783 359 819; x_wconf 83' lang='lat' dir='ltr'>episcopo</span> <span class='ocrx_word' id='word_1_66' title='bbox 375 783 568 819; x_wconf 69' lang='lat' dir='ltr'>Linyonensi.</span> <span class='ocrx_word' id='word_1_67' title='bbox 587 783 691 812; x_wconf 86' lang='lat' dir='ltr'>Draco</span> <span class='ocrx_word' id='word_1_68' title='bbox 711 781 766 811; x_wconf 89' lang='lat' dir='ltr'>ille</span> <span class='ocrx_word' id='word_1_69' title='bbox 790 782 846 820; x_wconf 87' lang='lat' dir='ltr'>qui</span> <span class='ocrx_word' id='word_1_70' title='bbox 870 800 917 810; x_wconf 96' lang='lat'>—.</span> <span class='ocrx_word' id='word_1_71' title='bbox 937 783 1049 820; x_wconf 90' lang='lat' dir='ltr'>Nuper</span> <span class='ocrx_word' id='word_1_72' title='bbox 1067 782 1117 811; x_wconf 88' lang='lat' dir='ltr'>di-</span> 
     </span>
     <span class='ocr_line' id='line_1_10' title="bbox 113 833 1117 873; baseline 0.002 -11"><span class='ocrx_word' id='word_1_73' title='bbox 113 833 202 863; x_wconf 81' lang='lat' dir='ltr'>citur</span> <span class='ocrx_word' id='word_1_74' title='bbox 227 833 386 864; x_wconf 87' lang='lat' dir='ltr'>accidisse</span> <span class='ocrx_word' id='word_1_75' title='bbox 412 834 507 873; x_wconf 84' lang='lat' dir='ltr'>quod,</span> <span class='ocrx_word' id='word_1_76' title='bbox 537 835 623 864; x_wconf 86' lang='lat' dir='ltr'>inter</span> <span class='ocrx_word' id='word_1_77' title='bbox 645 834 865 864; x_wconf 88' lang='lat' dir='ltr'>venerabilem</span> <span class='ocrx_word' id='word_1_78' title='bbox 888 835 1022 864; x_wconf 76' lang='lat' dir='ltr'>fratrem</span> <span class='ocrx_word' id='word_1_79' title='bbox 1041 843 1117 864; x_wconf 89' lang='lat' dir='ltr'>nos-</span> 
     </span>
     <span class='ocr_line' id='line_1_11' title="bbox 116 886 1116 925; baseline 0.001 -10"><span class='ocrx_word' id='word_1_80' title='bbox 116 890 236 915; x_wconf 85' lang='lat' dir='ltr'>trum..</span> <span class='ocrx_word' id='word_1_81' title='bbox 251 886 533 925; x_wconf 89' lang='lat' dir='ltr'>archiepiscopum</span> <span class='ocrx_word' id='word_1_82' title='bbox 547 891 577 916; x_wconf 84' lang='lat' dir='ltr'>ct</span> <span class='ocrx_word' id='word_1_83' title='bbox 593 888 638 921; x_wconf 88' lang='grc' dir='ltr'>Ρ.,</span> <span class='ocrx_word' id='word_1_84' title='bbox 654 892 819 917; x_wconf 88' lang='lat' dir='ltr'>cantorem</span> <span class='ocrx_word' id='word_1_85' title='bbox 833 887 944 917; x_wconf 80' lang='lat' dir='ltr'>Sancti</span> <span class='ocrx_word' id='word_1_86' title='bbox 957 887 1116 925; x_wconf 81' lang='lat' dir='ltr'>Stephani</span> 
     </span>
     <span class='ocr_line' id='line_1_12' title="bbox 117 939 1116 978; baseline 0 -10"><span class='ocrx_word' id='word_1_87' title='bbox 117 939 350 978; x_wconf 85' lang='lat' dir='ltr'>Bisuntin[os].</span> <span class='ocrx_word' id='word_1_88' title='bbox 381 948 478 977; x_wconf 85' lang='lat' dir='ltr'>super</span> <span class='ocrx_word' id='word_1_89' title='bbox 506 939 703 969; x_wconf 86' lang='lat' dir='ltr'>cancellaria</span> <span class='ocrx_word' id='word_1_90' title='bbox 728 943 757 969; x_wconf 90' lang='lat' dir='ltr'>et</span> <span class='ocrx_word' id='word_1_91' title='bbox 779 939 876 969; x_wconf 90' lang='lat' dir='ltr'>rebus</span> <span class='ocrx_word' id='word_1_92' title='bbox 905 939 980 969; x_wconf 86' lang='lat' dir='ltr'>aliis</span> <span class='ocrx_word' id='word_1_93' title='bbox 1005 944 1116 969; x_wconf 84' lang='lat' dir='ltr'>exorta</span> 
     </span>
     <span class='ocr_line' id='line_1_13' title="bbox 117 991 1116 1031; baseline 0.002 -11"><span class='ocrx_word' id='word_1_94' title='bbox 117 991 254 1021; x_wconf 82' lang='lat' dir='ltr'>materia</span> <span class='ocrx_word' id='word_1_95' title='bbox 279 992 481 1030; x_wconf 73' lang='lat' dir='ltr'>questionis,</span> <span class='ocrx_word' id='word_1_96' title='bbox 510 992 595 1022; x_wconf 90' lang='lat' dir='ltr'>idem</span> <span class='ocrx_word' id='word_1_97' title='bbox 627 997 750 1025; x_wconf 73' lang='lat' dir='ltr'>cantor,</span> <span class='ocrx_word' id='word_1_98' title='bbox 770 993 856 1031; x_wconf 88' lang='lat' dir='ltr'>juris</span> <span class='ocrx_word' id='word_1_99' title='bbox 879 992 1038 1022; x_wconf 82' lang='lat' dir='ltr'>beneficio</span> <span class='ocrx_word' id='word_1_100' title='bbox 1059 1001 1116 1030; x_wconf 89' lang='lat' dir='ltr'>per</span> 
     </span>
     <span class='ocr_line' id='line_1_14' title="bbox 115 1044 1114 1084; baseline 0.001 -11"><span class='ocrx_word' id='word_1_101' title='bbox 115 1044 201 1082; x_wconf 89' lang='lat' dir='ltr'>quod</span> <span class='ocrx_word' id='word_1_102' title='bbox 226 1053 346 1083; x_wconf 85' lang='lat' dir='ltr'>equum</span> <span class='ocrx_word' id='word_1_103' title='bbox 364 1045 403 1074; x_wconf 88' lang='lat' dir='ltr'>ab</span> <span class='ocrx_word' id='word_1_104' title='bbox 420 1045 535 1084; x_wconf 85' lang='lat' dir='ltr'>iniquo</span> <span class='ocrx_word' id='word_1_105' title='bbox 551 1045 750 1075; x_wconf 86' lang='lat' dir='ltr'>decernitur.</span> <span class='ocrx_word' id='word_1_106' title='bbox 772 1054 835 1074; x_wconf 94' lang='lat' dir='ltr'>non</span> <span class='ocrx_word' id='word_1_107' title='bbox 855 1049 1040 1080; x_wconf 75' lang='lat' dir='ltr'>contentus,</span> <span class='ocrx_word' id='word_1_108' title='bbox 1058 1045 1114 1075; x_wconf 89' lang='lat' dir='ltr'>sed</span> 
     </span>
     <span class='ocr_line' id='line_1_15' title="bbox 115 1097 1114 1136; baseline 0.001 -10"><span class='ocrx_word' id='word_1_109' title='bbox 115 1097 244 1135; x_wconf 79' lang='lat' dir='ltr'>proprie</span> <span class='ocrx_word' id='word_1_110' title='bbox 269 1106 411 1136; x_wconf 80' lang='lat' dir='ltr'>sequens</span> <span class='ocrx_word' id='word_1_111' title='bbox 437 1098 611 1127; x_wconf 74' lang='lat' dir='ltr'>arbitrium</span> <span class='ocrx_word' id='word_1_112' title='bbox 637 1097 828 1128; x_wconf 84' lang='lat' dir='ltr'>voluntatis.</span> <span class='ocrx_word' id='word_1_113' title='bbox 853 1098 891 1127; x_wconf 90' lang='lat' dir='ltr'>ad</span> <span class='ocrx_word' id='word_1_114' title='bbox 918 1098 1058 1135; x_wconf 82' lang='lat' dir='ltr'>injurias</span> <span class='ocrx_word' id='word_1_115' title='bbox 1080 1106 1114 1127; x_wconf 87' lang='lat' dir='ltr'>se</span> 
     </span>
     <span class='ocr_line' id='line_1_16' title="bbox 111 1149 1115 1188; baseline 0.001 -10"><span class='ocrx_word' id='word_1_116' title='bbox 111 1150 286 1184; x_wconf 86' lang='lat' dir='ltr'>convertit,</span> <span class='ocrx_word' id='word_1_117' title='bbox 312 1149 418 1180; x_wconf 90' lang='lat' dir='ltr'>eidem</span> <span class='ocrx_word' id='word_1_118' title='bbox 444 1150 691 1188; x_wconf 67' lang='lat' dir='ltr'>archiepiscopo</span> <span class='ocrx_word' id='word_1_119' title='bbox 709 1150 816 1179; x_wconf 86' lang='lat' dir='ltr'>minas</span> <span class='ocrx_word' id='word_1_120' title='bbox 842 1150 1007 1180; x_wconf 79' lang='lat' dir='ltr'>terribiles</span> <span class='ocrx_word' id='word_1_121' title='bbox 1029 1150 1115 1180; x_wconf 84' lang='lat' dir='ltr'>infe-</span> 
     </span>
     <span class='ocr_line' id='line_1_17' title="bbox 113 1201 1114 1241; baseline 0 -10"><span class='ocrx_word' id='word_1_122' title='bbox 113 1201 225 1237; x_wconf 85' lang='lat' dir='ltr'>rendo,</span> <span class='ocrx_word' id='word_1_123' title='bbox 237 1211 318 1241; x_wconf 85' lang='lat' dir='ltr'>quas</span> <span class='ocrx_word' id='word_1_124' title='bbox 336 1203 541 1240; x_wconf 83' lang='lat' dir='ltr'>postmodum</span> <span class='ocrx_word' id='word_1_125' title='bbox 554 1203 615 1232; x_wconf 87' lang='lat' dir='ltr'>T.·.</span> <span class='ocrx_word' id='word_1_126' title='bbox 631 1203 732 1232; x_wconf 84' lang='lat' dir='ltr'>frater</span> <span class='ocrx_word' id='word_1_127' title='bbox 748 1203 830 1241; x_wconf 80' lang='lat' dir='ltr'>ejus,</span> <span class='ocrx_word' id='word_1_128' title='bbox 843 1211 906 1232; x_wconf 92' lang='lat' dir='ltr'>non</span> <span class='ocrx_word' id='word_1_129' title='bbox 920 1203 992 1232; x_wconf 86' lang='lat' dir='ltr'>sine</span> <span class='ocrx_word' id='word_1_130' title='bbox 1009 1203 1114 1241; x_wconf 85' lang='lat' dir='ltr'>ipsius</span> 
     </span>
     <span class='ocr_line' id='line_1_18' title="bbox 111 1254 1112 1294; baseline 0.001 -11"><span class='ocrx_word' id='word_1_131' title='bbox 111 1254 300 1284; x_wconf 80' lang='lat' dir='ltr'>coniventia</span> <span class='ocrx_word' id='word_1_132' title='bbox 318 1254 367 1284; x_wconf 90' lang='lat' dir='ltr'>vel</span> <span class='ocrx_word' id='word_1_133' title='bbox 384 1255 551 1285; x_wconf 85' lang='lat' dir='ltr'>mandato.</span> <span class='ocrx_word' id='word_1_134' title='bbox 574 1255 607 1284; x_wconf 92' lang='lat' dir='ltr'>in</span> <span class='ocrx_word' id='word_1_135' title='bbox 628 1255 784 1294; x_wconf 87' lang='lat' dir='ltr'>injuriam</span> <span class='ocrx_word' id='word_1_136' title='bbox 801 1255 905 1285; x_wconf 68' lang='grc' dir='ltr'>ι1110511</span> <span class='ocrx_word' id='word_1_137' title='bbox 922 1254 1048 1285; x_wconf 75' lang='lat' dir='ltr'>Christi</span> <span class='ocrx_word' id='word_1_138' title='bbox 1064 1272 1112 1287; x_wconf 77' lang='lat'>-—.</span> 
     </span>
     <span class='ocr_line' id='line_1_19' title="bbox 115 1307 1114 1345; baseline 0.001 -10"><span class='ocrx_word' id='word_1_139' title='bbox 115 1307 267 1336; x_wconf 78' lang='lat' dir='ltr'>nefandis</span> <span class='ocrx_word' id='word_1_140' title='bbox 283 1312 331 1337; x_wconf 90' lang='lat' dir='ltr'>est</span> <span class='ocrx_word' id='word_1_141' title='bbox 349 1307 476 1337; x_wconf 88' lang='lat' dir='ltr'>actibus</span> <span class='ocrx_word' id='word_1_142' title='bbox 493 1312 698 1345; x_wconf 87' lang='lat' dir='ltr'>prosecutus.</span> <span class='ocrx_word' id='word_1_143' title='bbox 721 1307 802 1337; x_wconf 92' lang='lat' dir='ltr'>Cum</span> <span class='ocrx_word' id='word_1_144' title='bbox 820 1307 907 1337; x_wconf 92' lang='lat' dir='ltr'>enim</span> <span class='ocrx_word' id='word_1_145' title='bbox 932 1307 1114 1345; x_wconf 82' lang='lat' dir='ltr'>archicpis-</span> 
     </span>
     <span class='ocr_line' id='line_1_20' title="bbox 111 1346 1114 1396; baseline 0.001 -8"><span class='ocrx_word' id='word_1_146' title='bbox 111 1346 212 1396; x_wconf 82' lang='lat' dir='ltr'>copus</span> <span class='ocrx_word' id='word_1_147' title='bbox 229 1359 298 1396; x_wconf 89' lang='lat' dir='ltr'>ipse</span> <span class='ocrx_word' id='word_1_148' title='bbox 316 1359 355 1389; x_wconf 88' lang='lat' dir='ltr'>ad</span> <span class='ocrx_word' id='word_1_149' title='bbox 372 1359 538 1389; x_wconf 83' lang='lat' dir='ltr'>civitatem</span> <span class='ocrx_word' id='word_1_150' title='bbox 565 1359 776 1389; x_wconf 85' lang='lat' dir='ltr'>Bisuntinam</span> <span class='ocrx_word' id='word_1_151' title='bbox 793 1359 831 1389; x_wconf 88' lang='lat' dir='ltr'>de</span> <span class='ocrx_word' id='word_1_152' title='bbox 848 1359 972 1389; x_wconf 87' lang='lat' dir='ltr'>diocesi</span> <span class='ocrx_word' id='word_1_153' title='bbox 987 1369 1114 1389; x_wconf 89' lang='lat' dir='ltr'>remea-</span> 
     </span>
     <span class='ocr_line' id='line_1_21' title="bbox 114 1411 1114 1450; baseline 0.002 -10"><span class='ocrx_word' id='word_1_154' title='bbox 114 1415 172 1445; x_wconf 78' lang='lat' dir='ltr'>ret,</span> <span class='ocrx_word' id='word_1_155' title='bbox 191 1411 277 1441; x_wconf 89' lang='lat' dir='ltr'>idem</span> <span class='ocrx_word' id='word_1_156' title='bbox 293 1412 328 1441; x_wconf 92' lang='lat' dir='ltr'>T.</span> <span class='ocrx_word' id='word_1_157' title='bbox 347 1417 378 1442; x_wconf 87' lang='lat' dir='ltr'>et</span> <span class='ocrx_word' id='word_1_158' title='bbox 398 1412 573 1450; x_wconf 84' lang='lat' dir='ltr'>complices</span> <span class='ocrx_word' id='word_1_159' title='bbox 591 1413 672 1450; x_wconf 88' lang='lat' dir='ltr'>ejus.</span> <span class='ocrx_word' id='word_1_160' title='bbox 691 1421 790 1441; x_wconf 85' lang='lat' dir='ltr'>manu</span> <span class='ocrx_word' id='word_1_161' title='bbox 807 1412 841 1441; x_wconf 91' lang='lat' dir='ltr'>in</span> <span class='ocrx_word' id='word_1_162' title='bbox 858 1412 965 1450; x_wconf 87' lang='lat' dir='ltr'>ipsum</span> <span class='ocrx_word' id='word_1_163' title='bbox 983 1413 1114 1442; x_wconf 87' lang='lat' dir='ltr'>irruen—</span> 
     </span>
     <span class='ocr_line' id='line_1_22' title="bbox 112 1465 1114 1503; baseline 0.002 -10"><span class='ocrx_word' id='word_1_164' title='bbox 112 1468 161 1493; x_wconf 81' lang='lat' dir='ltr'>tes</span> <span class='ocrx_word' id='word_1_165' title='bbox 178 1468 314 1498; x_wconf 75' lang='lat' dir='ltr'>armata.</span> <span class='ocrx_word' id='word_1_166' title='bbox 330 1473 404 1494; x_wconf 88' lang='lat' dir='ltr'>eum</span> <span class='ocrx_word' id='word_1_167' title='bbox 421 1469 452 1494; x_wconf 91' lang='lat' dir='ltr'>et</span> <span class='ocrx_word' id='word_1_168' title='bbox 472 1465 578 1494; x_wconf 90' lang='lat' dir='ltr'>socios</span> <span class='ocrx_word' id='word_1_169' title='bbox 595 1473 672 1494; x_wconf 87' lang='lat' dir='ltr'>suos</span> <span class='ocrx_word' id='word_1_170' title='bbox 689 1469 753 1494; x_wconf 89' lang='lat' dir='ltr'>tam</span> <span class='ocrx_word' id='word_1_171' title='bbox 776 1465 884 1494; x_wconf 85' lang='lat' dir='ltr'>verbis</span> <span class='ocrx_word' id='word_1_172' title='bbox 903 1474 1001 1503; x_wconf 88' lang='lat' dir='ltr'>quam</span> <span class='ocrx_word' id='word_1_173' title='bbox 1018 1465 1114 1495; x_wconf 85' lang='lat' dir='ltr'>factis</span> 
     </span>
     <span class='ocr_line' id='line_1_23' title="bbox 115 1516 1113 1555; baseline 0.002 -10"><span class='ocrx_word' id='word_1_174' title='bbox 115 1516 253 1554; x_wconf 77' lang='lat' dir='ltr'>turpiter</span> <span class='ocrx_word' id='word_1_175' title='bbox 267 1521 297 1546; x_wconf 87' lang='lat' dir='ltr'>et</span> <span class='ocrx_word' id='word_1_176' title='bbox 315 1516 491 1546; x_wconf 83' lang='lat' dir='ltr'>inhoneste</span> <span class='ocrx_word' id='word_1_177' title='bbox 509 1521 647 1546; x_wconf 84' lang='lat' dir='ltr'>tractare</span> <span class='ocrx_word' id='word_1_178' title='bbox 665 1526 701 1546; x_wconf 84' lang='lat' dir='ltr'>ae</span> <span class='ocrx_word' id='word_1_179' title='bbox 718 1517 756 1546; x_wconf 92' lang='lat' dir='ltr'>de</span> <span class='ocrx_word' id='word_1_180' title='bbox 774 1517 843 1546; x_wconf 81' lang='lat' dir='ltr'>suis</span> <span class='ocrx_word' id='word_1_181' title='bbox 860 1518 954 1555; x_wconf 81' lang='lat' dir='ltr'>equis</span> <span class='ocrx_word' id='word_1_182' title='bbox 974 1518 1063 1555; x_wconf 84' lang='lat' dir='ltr'>ipsos</span> <span class='ocrx_word' id='word_1_183' title='bbox 1079 1518 1113 1547; x_wconf 95' lang='lat' dir='ltr'>in</span> 
     </span>
     <span class='ocr_line' id='line_1_24' title="bbox 111 1568 1115 1607; baseline 0.003 -10"><span class='ocrx_word' id='word_1_184' title='bbox 111 1572 234 1598; x_wconf 83' lang='lat' dir='ltr'>terram</span> <span class='ocrx_word' id='word_1_185' title='bbox 249 1568 377 1599; x_wconf 85' lang='lat' dir='ltr'>deicere</span> <span class='ocrx_word' id='word_1_186' title='bbox 399 1574 687 1607; x_wconf 82' lang='lat' dir='ltr'>presumpserunt;</span> <span class='ocrx_word' id='word_1_187' title='bbox 706 1578 765 1599; x_wconf 88' lang='lat' dir='ltr'>nec</span> <span class='ocrx_word' id='word_1_188' title='bbox 783 1569 888 1598; x_wconf 87' lang='lat' dir='ltr'>solum</span> <span class='ocrx_word' id='word_1_189' title='bbox 905 1569 1115 1607; x_wconf 89' lang='lat' dir='ltr'>diripuerunt</span> 
     </span>
     <span class='ocr_line' id='line_1_25' title="bbox 112 1622 1115 1661; baseline 0.002 -11"><span class='ocrx_word' id='word_1_190' title='bbox 112 1625 307 1651; x_wconf 87' lang='lat' dir='ltr'>ornamenta</span> <span class='ocrx_word' id='word_1_191' title='bbox 323 1622 532 1660; x_wconf 87' lang='lat' dir='ltr'>episcopalia.</span> <span class='ocrx_word' id='word_1_192' title='bbox 551 1622 705 1660; x_wconf 89' lang='lat' dir='ltr'>palleum.</span> <span class='ocrx_word' id='word_1_193' title='bbox 723 1622 825 1652; x_wconf 87' lang='lat' dir='ltr'>libros</span> <span class='ocrx_word' id='word_1_194' title='bbox 837 1627 867 1652; x_wconf 90' lang='lat' dir='ltr'>et</span> <span class='ocrx_word' id='word_1_195' title='bbox 880 1622 945 1652; x_wconf 84' lang='lat' dir='ltr'>alia</span> <span class='ocrx_word' id='word_1_196' title='bbox 961 1632 1023 1661; x_wconf 86' lang='lat' dir='ltr'>que</span> <span class='ocrx_word' id='word_1_197' title='bbox 1038 1632 1115 1653; x_wconf 85' lang='lat' dir='ltr'>sau-</span> 
     </span>
     <span class='ocr_line' id='line_1_26' title="bbox 113 1673 1111 1714; baseline 0.003 -12"><span class='ocrx_word' id='word_1_198' title='bbox 113 1673 211 1703; x_wconf 86' lang='lat' dir='ltr'>marii</span> <span class='ocrx_word' id='word_1_199' title='bbox 227 1673 433 1705; x_wconf 79' lang='lat' dir='ltr'>deferebant.</span> <span class='ocrx_word' id='word_1_200' title='bbox 451 1684 488 1704; x_wconf 86' lang='lat' dir='ltr'>ac</span> <span class='ocrx_word' id='word_1_201' title='bbox 503 1683 617 1704; x_wconf 80' lang='lat' dir='ltr'>omues</span> <span class='ocrx_word' id='word_1_202' title='bbox 639 1684 740 1713; x_wconf 86' lang='lat' dir='ltr'>equos</span> <span class='ocrx_word' id='word_1_203' title='bbox 762 1676 937 1705; x_wconf 73' lang='lat' dir='ltr'>comitatus</span> <span class='ocrx_word' id='word_1_204' title='bbox 954 1676 1111 1714; x_wconf 72' lang='lat' dir='ltr'>ejusdem,</span> 
     </span>
     <span class='ocr_line' id='line_1_27' title="bbox 110 1726 1113 1766; baseline 0.002 -10"><span class='ocrx_word' id='word_1_205' title='bbox 110 1726 169 1756; x_wconf 84' lang='lat' dir='ltr'>sed</span> <span class='ocrx_word' id='word_1_206' title='bbox 186 1727 285 1756; x_wconf 85' lang='lat' dir='ltr'>etiam</span> <span class='ocrx_word' id='word_1_207' title='bbox 302 1736 367 1757; x_wconf 91' lang='grc'>11011</span> <span class='ocrx_word' id='word_1_208' title='bbox 390 1727 611 1761; x_wconf 72' lang='lat' dir='ltr'>erubuerunt.</span> <span class='ocrx_word' id='word_1_209' title='bbox 631 1736 694 1757; x_wconf 91' lang='lat' dir='ltr'>non</span> <span class='ocrx_word' id='word_1_210' title='bbox 715 1728 891 1757; x_wconf 84' lang='lat' dir='ltr'>deserendo</span> <span class='ocrx_word' id='word_1_211' title='bbox 908 1737 1046 1766; x_wconf 83' lang='lat' dir='ltr'>persone</span> <span class='ocrx_word' id='word_1_212' title='bbox 1064 1729 1113 1758; x_wconf 87' lang='lat' dir='ltr'>vel</span> 
     </span>
     <span class='ocr_line' id='line_1_28' title="bbox 111 1778 1112 1819; baseline 0.002 -11"><span class='ocrx_word' id='word_1_213' title='bbox 111 1778 232 1814; x_wconf 67' lang='lat' dir='ltr'>ordini.</span> <span class='ocrx_word' id='word_1_214' title='bbox 262 1779 369 1817; x_wconf 90' lang='lat' dir='ltr'>ipsum</span> <span class='ocrx_word' id='word_1_215' title='bbox 395 1779 696 1818; x_wconf 82' lang='lat' dir='ltr'>archiepiscopum.</span> <span class='ocrx_word' id='word_1_216' title='bbox 723 1780 919 1810; x_wconf 87' lang='lat' dir='ltr'>dimittendo</span> <span class='ocrx_word' id='word_1_217' title='bbox 945 1781 973 1810; x_wconf 86' lang='lat' dir='ltr'>ei</span> <span class='ocrx_word' id='word_1_218' title='bbox 999 1790 1112 1819; x_wconf 87' lang='lat' dir='ltr'>capam</span> 
     </span>
     <span class='ocr_line' id='line_1_29' title="bbox 113 1832 1113 1873; baseline 0.003 -12"><span class='ocrx_word' id='word_1_219' title='bbox 113 1832 291 1870; x_wconf 83' lang='lat' dir='ltr'>pluvialem</span> <span class='ocrx_word' id='word_1_220' title='bbox 307 1837 338 1862; x_wconf 84' lang='lat' dir='ltr'>et</span> <span class='ocrx_word' id='word_1_221' title='bbox 357 1833 526 1862; x_wconf 78' lang='lat' dir='ltr'>camisiam</span> <span class='ocrx_word' id='word_1_222' title='bbox 548 1837 690 1864; x_wconf 81' lang='lat' dir='ltr'>tantum.</span> <span class='ocrx_word' id='word_1_223' title='bbox 713 1833 855 1871; x_wconf 82' lang='lat' dir='ltr'>propriis</span> <span class='ocrx_word' id='word_1_224' title='bbox 872 1834 1020 1864; x_wconf 85' lang='lat' dir='ltr'>vestibus</span> <span class='ocrx_word' id='word_1_225' title='bbox 1039 1843 1113 1873; x_wconf 87' lang='lat' dir='ltr'>spo-</span> 
     </span>
     <span class='ocr_line' id='line_1_30' title="bbox 111 1884 1113 1925; baseline 0.002 -11"><span class='ocrx_word' id='word_1_226' title='bbox 111 1884 204 1918; x_wconf 76' lang='lat' dir='ltr'>liare.</span> <span class='ocrx_word' id='word_1_227' title='bbox 229 1885 423 1923; x_wconf 81' lang='lat' dir='ltr'>magistrum</span> <span class='ocrx_word' id='word_1_228' title='bbox 447 1886 639 1916; x_wconf 81' lang='lat' dir='ltr'>Nicolaum.</span> <span class='ocrx_word' id='word_1_229' title='bbox 664 1886 790 1915; x_wconf 82' lang='lat' dir='ltr'>socium</span> <span class='ocrx_word' id='word_1_230' title='bbox 810 1887 896 1925; x_wconf 84' lang='lat' dir='ltr'>ejus.</span> <span class='ocrx_word' id='word_1_231' title='bbox 917 1887 1113 1917; x_wconf 88' lang='lat' dir='ltr'>canonicum</span> 
     </span>
     <span class='ocr_line' id='line_1_31' title="bbox 113 1937 1110 1976; baseline 0.002 -9"><span class='ocrx_word' id='word_1_232' title='bbox 113 1937 339 1969; x_wconf 74' lang='lat' dir='ltr'>Bisuntinum,</span> <span class='ocrx_word' id='word_1_233' title='bbox 358 1938 390 1967; x_wconf 91' lang='lat' dir='ltr'>in</span> <span class='ocrx_word' id='word_1_234' title='bbox 410 1938 633 1976; x_wconf 86' lang='lat' dir='ltr'>captivitatem</span> <span class='ocrx_word' id='word_1_235' title='bbox 648 1938 885 1968; x_wconf 81' lang='lat' dir='ltr'>nichilominus</span> <span class='ocrx_word' id='word_1_236' title='bbox 901 1939 1110 1975; x_wconf 85' lang='lat' dir='ltr'>abducentes,</span> 
     </span>
     <span class='ocr_line' id='line_1_32' title="bbox 110 1990 1113 2029; baseline 0.003 -10"><span class='ocrx_word' id='word_1_237' title='bbox 110 1999 209 2028; x_wconf 80' lang='lat' dir='ltr'>quem</span> <span class='ocrx_word' id='word_1_238' title='bbox 227 1990 312 2020; x_wconf 86' lang='lat' dir='ltr'>idem</span> <span class='ocrx_word' id='word_1_239' title='bbox 329 1991 364 2020; x_wconf 93' lang='lat' dir='ltr'>T.</span> <span class='ocrx_word' id='word_1_240' title='bbox 390 2000 473 2020; x_wconf 85' lang='lat' dir='ltr'>ausu</span> <span class='ocrx_word' id='word_1_241' title='bbox 492 1991 652 2029; x_wconf 80' lang='lat' dir='ltr'>sacrilego</span> <span class='ocrx_word' id='word_1_242' title='bbox 677 1991 815 2021; x_wconf 81' lang='lat' dir='ltr'>detinet.</span> <span class='ocrx_word' id='word_1_243' title='bbox 835 1991 985 2029; x_wconf 85' lang='lat' dir='ltr'>pluribus</span> <span class='ocrx_word' id='word_1_244' title='bbox 1015 1993 1113 2022; x_wconf 82' lang='lat' dir='ltr'>assec-</span> 
     </span>
     <span class='ocr_line' id='line_1_33' title="bbox 114 2042 1114 2082; baseline 0.003 -11"><span class='ocrx_word' id='word_1_245' title='bbox 114 2047 182 2072; x_wconf 90' lang='lat' dir='ltr'>tum</span> <span class='ocrx_word' id='word_1_246' title='bbox 199 2042 391 2072; x_wconf 87' lang='lat' dir='ltr'>verberibus</span> <span class='ocrx_word' id='word_1_247' title='bbox 411 2052 447 2072; x_wconf 86' lang='lat' dir='ltr'>ac</span> <span class='ocrx_word' id='word_1_248' title='bbox 464 2043 598 2082; x_wconf 87' lang='lat' dir='ltr'>injuriis</span> <span class='ocrx_word' id='word_1_249' title='bbox 615 2043 817 2073; x_wconf 82' lang='lat' dir='ltr'>lacessitum.</span> <span class='ocrx_word' id='word_1_250' title='bbox 833 2044 981 2082; x_wconf 85' lang='lat' dir='ltr'>Cumque</span> <span class='ocrx_word' id='word_1_251' title='bbox 995 2045 1114 2074; x_wconf 87' lang='lat' dir='ltr'>Radul-</span> 
     </span>
     <span class='ocr_line' id='line_1_34' title="bbox 114 2095 1113 2134; baseline 0.002 -10"><span class='ocrx_word' id='word_1_252' title='bbox 114 2095 178 2130; x_wconf 81' lang='lat' dir='ltr'>fus,</span> <span class='ocrx_word' id='word_1_253' title='bbox 201 2095 344 2125; x_wconf 84' lang='lat' dir='ltr'>decanus</span> <span class='ocrx_word' id='word_1_254' title='bbox 367 2096 478 2126; x_wconf 82' lang='lat' dir='ltr'>Sancti</span> <span class='ocrx_word' id='word_1_255' title='bbox 502 2096 661 2134; x_wconf 82' lang='lat' dir='ltr'>Stephani</span> <span class='ocrx_word' id='word_1_256' title='bbox 692 2096 872 2126; x_wconf 85' lang='lat' dir='ltr'>Bisuntini.</span> <span class='ocrx_word' id='word_1_257' title='bbox 900 2096 985 2126; x_wconf 87' lang='lat' dir='ltr'>dicto</span> <span class='ocrx_word' id='word_1_258' title='bbox 1005 2097 1113 2126; x_wconf 87' lang='lat' dir='ltr'>archi-</span> 
     </span>
     <span class='ocr_line' id='line_1_35' title="bbox 113 2147 1113 2185; baseline 0.001 -8"><span class='ocrx_word' id='word_1_259' title='bbox 113 2147 266 2185; x_wconf 86' lang='lat' dir='ltr'>episcopo</span> <span class='ocrx_word' id='word_1_260' title='bbox 286 2147 403 2177; x_wconf 81' lang='lat' dir='ltr'>fuisset</span> <span class='ocrx_word' id='word_1_261' title='bbox 421 2148 565 2185; x_wconf 78' lang='lat' dir='ltr'>graviter</span> <span class='ocrx_word' id='word_1_262' title='bbox 587 2148 806 2177; x_wconf 84' lang='lat' dir='ltr'>comminatus</span> <span class='ocrx_word' id='word_1_263' title='bbox 823 2152 853 2177; x_wconf 87' lang='lat' dir='ltr'>et</span> <span class='ocrx_word' id='word_1_264' title='bbox 870 2157 933 2178; x_wconf 91' lang='lat' dir='ltr'>non</span> <span class='ocrx_word' id='word_1_265' title='bbox 953 2149 1113 2178; x_wconf 79' lang='lat' dir='ltr'>modicam</span> 
     </span>
     <span class='ocr_line' id='line_1_36' title="bbox 114 2199 1113 2238; baseline 0.002 -10"><span class='ocrx_word' id='word_1_266' title='bbox 114 2199 271 2238; x_wconf 86' lang='lat' dir='ltr'>injuriam</span> <span class='ocrx_word' id='word_1_267' title='bbox 288 2199 456 2229; x_wconf 80' lang='lat' dir='ltr'>intulisset</span> <span class='ocrx_word' id='word_1_268' title='bbox 475 2200 595 2230; x_wconf 80' lang='lat' dir='ltr'>eidem.</span> <span class='ocrx_word' id='word_1_269' title='bbox 621 2199 802 2229; x_wconf 87' lang='lat' dir='ltr'>inhibendo</span> <span class='ocrx_word' id='word_1_270' title='bbox 819 2201 1044 2230; x_wconf 85' lang='lat' dir='ltr'>sacerdotibus</span> <span class='ocrx_word' id='word_1_271' title='bbox 1061 2210 1113 2230; x_wconf 89' lang='lat' dir='ltr'>ar-</span> 
     </span>
     <span class='ocr_line' id='line_1_37' title="bbox 113 2251 1113 2291; baseline 0.001 -10"><span class='ocrx_word' id='word_1_272' title='bbox 113 2251 363 2282; x_wconf 87' lang='lat' dir='ltr'>chidiaconatus</span> <span class='ocrx_word' id='word_1_273' title='bbox 392 2252 430 2282; x_wconf 77' lang='lat' dir='ltr'>do</span> <span class='ocrx_word' id='word_1_274' title='bbox 454 2253 615 2291; x_wconf 68' lang='lat' dir='ltr'>Anjoys2.</span> <span class='ocrx_word' id='word_1_275' title='bbox 645 2261 683 2281; x_wconf 88' lang='lat' dir='ltr'>ne</span> <span class='ocrx_word' id='word_1_276' title='bbox 709 2253 816 2290; x_wconf 90' lang='lat' dir='ltr'>ipsum</span> <span class='ocrx_word' id='word_1_277' title='bbox 839 2253 1049 2283; x_wconf 80' lang='lat' dir='ltr'>admitterent</span> <span class='ocrx_word' id='word_1_278' title='bbox 1074 2254 1113 2283; x_wconf 85' lang='lat' dir='ltr'>ad</span> 
     </span>
     <span class='ocr_line' id='line_1_38' title="bbox 112 2304 1114 2343; baseline 0.001 -9"><span class='ocrx_word' id='word_1_279' title='bbox 112 2313 227 2334; x_wconf 81' lang='lat' dir='ltr'>eorum</span> <span class='ocrx_word' id='word_1_280' title='bbox 249 2304 406 2334; x_wconf 84' lang='lat' dir='ltr'>ecclesias</span> <span class='ocrx_word' id='word_1_281' title='bbox 432 2305 614 2334; x_wconf 82' lang='lat' dir='ltr'>visitandas</span> <span class='ocrx_word' id='word_1_282' title='bbox 637 2314 695 2334; x_wconf 88' lang='lat' dir='ltr'>nec</span> <span class='ocrx_word' id='word_1_283' title='bbox 719 2305 748 2334; x_wconf 89' lang='lat' dir='ltr'>ei</span> <span class='ocrx_word' id='word_1_284' title='bbox 771 2306 1032 2343; x_wconf 81' lang='lat' dir='ltr'>procurationem</span> <span class='ocrx_word' id='word_1_285' title='bbox 1053 2306 1114 2335; x_wconf 91' lang='lat' dir='ltr'>ali-</span> 
     </span>
     <span class='ocr_line' id='line_1_39' title="bbox 111 2357 1113 2396; baseline 0.001 -9"><span class='ocrx_word' id='word_1_286' title='bbox 111 2366 212 2395; x_wconf 85' lang='lat' dir='ltr'>quam</span> <span class='ocrx_word' id='word_1_287' title='bbox 230 2357 433 2387; x_wconf 76' lang='lat' dir='ltr'>exhiberent.</span> <span class='ocrx_word' id='word_1_288' title='bbox 458 2357 676 2396; x_wconf 70' lang='lat' dir='ltr'>Ricc[artlus].</span> <span class='ocrx_word' id='word_1_289' title='bbox 704 2358 805 2387; x_wconf 80' lang='lat' dir='ltr'>frater</span> <span class='ocrx_word' id='word_1_290' title='bbox 828 2358 909 2396; x_wconf 86' lang='lat' dir='ltr'>ejus.</span> <span class='ocrx_word' id='word_1_291' title='bbox 928 2358 994 2388; x_wconf 86' lang='lat' dir='ltr'>hiis</span> <span class='ocrx_word' id='word_1_292' title='bbox 1010 2360 1113 2388; x_wconf 93' lang='lat' dir='ltr'>omni-</span> 
     </span>
     <span class='ocr_line' id='line_1_40' title="bbox 113 2409 1112 2448; baseline 0.003 -10"><span class='ocrx_word' id='word_1_293' title='bbox 113 2409 186 2444; x_wconf 74' lang='lat' dir='ltr'>bus,</span> <span class='ocrx_word' id='word_1_294' title='bbox 205 2410 299 2448; x_wconf 83' lang='lat' dir='ltr'>quasi</span> <span class='ocrx_word' id='word_1_295' title='bbox 317 2410 356 2438; x_wconf 89' lang='lat' dir='ltr'>ad</span> <span class='ocrx_word' id='word_1_296' title='bbox 372 2410 531 2439; x_wconf 78' lang='lat' dir='ltr'>offensam</span> <span class='ocrx_word' id='word_1_297' title='bbox 549 2418 612 2438; x_wconf 91' lang='lat' dir='ltr'>non</span> <span class='ocrx_word' id='word_1_298' title='bbox 630 2410 828 2440; x_wconf 84' lang='lat' dir='ltr'>sufficerent.</span> <span class='ocrx_word' id='word_1_299' title='bbox 848 2419 911 2440; x_wconf 89' lang='lat' dir='ltr'>nou</span> <span class='ocrx_word' id='word_1_300' title='bbox 926 2416 1112 2448; x_wconf 81' lang='lat' dir='ltr'>contentus,</span> 
     </span>
     <span class='ocr_line' id='line_1_41' title="bbox 112 2462 1113 2501; baseline 0.002 -10"><span class='ocrx_word' id='word_1_301' title='bbox 112 2471 187 2492; x_wconf 92' lang='lat' dir='ltr'>cum</span> <span class='ocrx_word' id='word_1_302' title='bbox 207 2462 320 2492; x_wconf 90' lang='lat' dir='ltr'>multis</span> <span class='ocrx_word' id='word_1_303' title='bbox 346 2462 546 2492; x_wconf 84' lang='lat' dir='ltr'>satellitibus</span> <span class='ocrx_word' id='word_1_304' title='bbox 569 2462 775 2500; x_wconf 84' lang='lat' dir='ltr'>depredando</span> <span class='ocrx_word' id='word_1_305' title='bbox 798 2462 908 2491; x_wconf 82' lang='lat' dir='ltr'>villam</span> <span class='ocrx_word' id='word_1_306' title='bbox 931 2463 1037 2501; x_wconf 83' lang='lat' dir='ltr'>ipsius</span> <span class='ocrx_word' id='word_1_307' title='bbox 1061 2473 1113 2493; x_wconf 90' lang='lat' dir='ltr'>ar-</span> 
     </span>
     <span class='ocr_line' id='line_1_42' title="bbox 110 2514 1112 2553; baseline 0.001 -9"><span class='ocrx_word' id='word_1_308' title='bbox 110 2514 326 2553; x_wconf 84' lang='lat' dir='ltr'>chiepiscopi.</span> <span class='ocrx_word' id='word_1_309' title='bbox 344 2523 406 2552; x_wconf 84' lang='lat' dir='ltr'>que</span> <span class='ocrx_word' id='word_1_310' title='bbox 423 2514 554 2552; x_wconf 73' lang='lat' dir='ltr'>Noeroy</span> <span class='ocrx_word' id='word_1_311' title='bbox 571 2514 954 2552; x_wconf 78' lang='lat' dir='ltr'>vulgariterappellatur.</span> <span class='ocrx_word' id='word_1_312' title='bbox 969 2515 1112 2546; x_wconf 89' lang='lat' dir='ltr'>nobilem</span> 
     </span>
     <span class='ocr_line' id='line_1_43' title="bbox 112 2566 1113 2605; baseline 0.001 -9"><span class='ocrx_word' id='word_1_313' title='bbox 112 2567 219 2596; x_wconf 87' lang='lat' dir='ltr'>virum</span> <span class='ocrx_word' id='word_1_314' title='bbox 238 2568 273 2597; x_wconf 88' lang='lat' dir='ltr'>P.</span> <span class='ocrx_word' id='word_1_315' title='bbox 292 2567 493 2605; x_wconf 86' lang='lat' dir='ltr'>prepositum</span> <span class='ocrx_word' id='word_1_316' title='bbox 516 2566 683 2596; x_wconf 78' lang='lat' dir='ltr'>interfecit</span> <span class='ocrx_word' id='word_1_317' title='bbox 705 2571 735 2595; x_wconf 87' lang='lat' dir='ltr'>ct</span> <span class='ocrx_word' id='word_1_318' title='bbox 751 2567 910 2605; x_wconf 84' lang='lat' dir='ltr'>quosdam</span> <span class='ocrx_word' id='word_1_319' title='bbox 928 2567 1113 2598; x_wconf 83' lang='lat' dir='ltr'>vulneravit</span> 
     </span>
    </p>
   </div>
   <div class='ocr_carea' id='block_1_4' title="bbox 110 2738 1114 2988">
    <p class='ocr_par' dir='ltr' id='par_1_4' title="bbox 110 2738 1113 2900">
     <span class='ocr_line' id='line_1_44' title="bbox 145 2738 1113 2769; baseline 0 -7"><span class='ocrx_word' id='word_1_320' title='bbox 145 2738 166 2762; x_wconf 88' lang='lat'>1.</span> <span class='ocrx_word' id='word_1_321' title='bbox 182 2738 299 2769; x_wconf 74' lang='lat' dir='ltr'>Trompe</span> <span class='ocrx_word' id='word_1_322' title='bbox 323 2746 371 2769; x_wconf 86' lang='lat' dir='ltr'>par</span> <span class='ocrx_word' id='word_1_323' title='bbox 393 2739 418 2762; x_wconf 81' lang='lat' dir='ltr'>la</span> <span class='ocrx_word' id='word_1_324' title='bbox 441 2739 526 2762; x_wconf 82' lang='lat' dir='ltr'>forme</span> <span class='ocrx_word' id='word_1_325' title='bbox 547 2739 595 2761; x_wconf 77' lang='lat' dir='ltr'>des</span> <span class='ocrx_word' id='word_1_326' title='bbox 613 2741 632 2762; x_wconf 81' lang='lat' dir='ltr'><em>T</em></span> <span class='ocrx_word' id='word_1_327' title='bbox 651 2738 718 2761; x_wconf 80' lang='lat' dir='ltr'>dans</span> <span class='ocrx_word' id='word_1_328' title='bbox 740 2738 875 2762; x_wconf 69' lang='lat' dir='ltr'>l&#39;ccriture</span> <span class='ocrx_word' id='word_1_329' title='bbox 896 2738 932 2761; x_wconf 90' lang='lat' dir='ltr'>du</span> <span class='ocrx_word' id='word_1_330' title='bbox 953 2739 1057 2769; x_wconf 80' lang='lat' dir='ltr'>copiste</span> <span class='ocrx_word' id='word_1_331' title='bbox 1079 2739 1113 2762; x_wconf 81' lang='lat' dir='ltr'>de</span> 
     </span>
     <span class='ocr_line' id='line_1_45' title="bbox 111 2782 1113 2811; baseline 0 -5"><span class='ocrx_word' id='word_1_332' title='bbox 111 2783 152 2806; x_wconf 77' lang='lat' dir='ltr'>La</span> <span class='ocrx_word' id='word_1_333' title='bbox 173 2783 254 2806; x_wconf 74' lang='lat' dir='ltr'>Porto</span> <span class='ocrx_word' id='word_1_334' title='bbox 275 2783 311 2806; x_wconf 90' lang='lat' dir='ltr'>du</span> <span class='ocrx_word' id='word_1_335' title='bbox 333 2783 419 2810; x_wconf 82' lang='lat' dir='ltr'>Theil,</span> <span class='ocrx_word' id='word_1_336' title='bbox 445 2782 581 2806; x_wconf 57' lang='lat' dir='ltr'>{nummu</span> <span class='ocrx_word' id='word_1_337' title='bbox 604 2784 700 2811; x_wconf 68' lang='lat' dir='ltr'>(Gallia</span> <span class='ocrx_word' id='word_1_338' title='bbox 721 2783 885 2810; x_wconf 66' lang='lat' dir='ltr'>christiana,</span> <span class='ocrx_word' id='word_1_339' title='bbox 909 2786 926 2805; x_wconf 84' lang='lat' dir='ltr'>t.</span> <span class='ocrx_word' id='word_1_340' title='bbox 950 2782 1008 2806; x_wconf 76' lang='lat' dir='ltr'>XV.</span> <span class='ocrx_word' id='word_1_341' title='bbox 1025 2783 1113 2811; x_wconf 63' lang='lat' dir='ltr'>iustu,</span> 
     </span>
     <span class='ocr_line' id='line_1_46' title="bbox 110 2826 1113 2857; baseline 0 -7"><span class='ocrx_word' id='word_1_342' title='bbox 110 2827 165 2851; x_wconf 76' lang='lat' dir='ltr'>col.</span> <span class='ocrx_word' id='word_1_343' title='bbox 179 2827 210 2851; x_wconf 83' lang='lat'>80</span> <span class='ocrx_word' id='word_1_344' title='bbox 224 2830 250 2851; x_wconf 78' lang='lat' dir='ltr'>et</span> <span class='ocrx_word' id='word_1_345' title='bbox 269 2828 318 2856; x_wconf 78' lang='lat'>81),</span> <span class='ocrx_word' id='word_1_346' title='bbox 338 2828 382 2856; x_wconf 81' lang='lat' dir='ltr'>ici,</span> <span class='ocrx_word' id='word_1_347' title='bbox 397 2831 423 2850; x_wconf 80' lang='lat' dir='ltr'>et</span> <span class='ocrx_word' id='word_1_348' title='bbox 444 2830 553 2857; x_wconf 86' lang='lat' dir='ltr'>partout</span> <span class='ocrx_word' id='word_1_349' title='bbox 575 2827 609 2850; x_wconf 84' lang='lat' dir='ltr'>oii</span> <span class='ocrx_word' id='word_1_350' title='bbox 633 2827 755 2849; x_wconf 80' lang='lat' dir='ltr'>l&#39;initiale</span> <span class='ocrx_word' id='word_1_351' title='bbox 778 2829 796 2849; x_wconf 83' lang='lat' dir='ltr'><em>T</em></span> <span class='ocrx_word' id='word_1_352' title='bbox 818 2826 936 2856; x_wconf 71' lang='lat' dir='ltr'>repat-ait</span> <span class='ocrx_word' id='word_1_353' title='bbox 957 2826 1024 2850; x_wconf 84' lang='lat' dir='ltr'>dans</span> <span class='ocrx_word' id='word_1_354' title='bbox 1042 2830 1113 2850; x_wconf 82' lang='lat' dir='ltr'>cette</span> 
     </span>
     <span class='ocr_line' id='line_1_47' title="bbox 114 2871 311 2900; baseline 0 -6"><span class='ocrx_word' id='word_1_355' title='bbox 114 2871 198 2900; x_wconf 78' lang='lat' dir='ltr'>butte,</span> <span class='ocrx_word' id='word_1_356' title='bbox 213 2879 228 2894; x_wconf 81' lang='lat' dir='ltr'>a</span> <span class='ocrx_word' id='word_1_357' title='bbox 244 2872 270 2894; x_wconf 94' lang='lat' dir='ltr'>lu</span> <span class='ocrx_word' id='word_1_358' title='bbox 286 2873 311 2895; x_wconf 82' lang='lat' dir='ltr'>J.</span> 
     </span>
    </p>

    <p class='ocr_par' dir='ltr' id='par_1_5' title="bbox 111 2914 1114 2988">
     <span class='ocr_line' id='line_1_48' title="bbox 143 2914 1114 2945; baseline -0.001 -6"><span class='ocrx_word' id='word_1_359' title='bbox 143 2915 167 2939; x_wconf 70' lang='lat'>2.</span> <span class='ocrx_word' id='word_1_360' title='bbox 182 2914 421 2943; x_wconf 68' lang='lat' dir='ltr'>Hwna’w‚1bn1.,</span> <span class='ocrx_word' id='word_1_361' title='bbox 433 2917 482 2939; x_wconf 89' lang='lat' dir='ltr'>col.</span> <span class='ocrx_word' id='word_1_362' title='bbox 496 2916 521 2938; x_wconf 74' lang='lat' dir='ltr'>Sl</span> <span class='ocrx_word' id='word_1_363' title='bbox 537 2922 542 2938; x_wconf 76' lang='grc' dir='ltr'>ε</span> <span class='ocrx_word' id='word_1_364' title='bbox 557 2917 670 2945; x_wconf 75' lang='lat' dir='ltr'>Amoys.</span> <span class='ocrx_word' id='word_1_365' title='bbox 685 2915 767 2945; x_wconf 83' lang='lat' dir='ltr'>—qui</span> <span class='ocrx_word' id='word_1_366' title='bbox 782 2915 882 2938; x_wconf 79' lang='lat' dir='ltr'>semble</span> <span class='ocrx_word' id='word_1_367' title='bbox 894 2921 926 2937; x_wconf 87' lang='lat' dir='ltr'>cu</span> <span class='ocrx_word' id='word_1_368' title='bbox 937 2915 1000 2938; x_wconf 77' lang='lat' dir='ltr'>effct</span> <span class='ocrx_word' id='word_1_369' title='bbox 1012 2921 1042 2938; x_wconf 86' lang='lat' dir='ltr'>ce</span> <span class='ocrx_word' id='word_1_370' title='bbox 1053 2915 1114 2945; x_wconf 79' lang='lat' dir='ltr'>qu&#39;a</span> 
     </span>
     <span class='ocr_line' id='line_1_49' title="bbox 111 2959 632 2988; baseline -0.002 -6"><span class='ocrx_word' id='word_1_371' title='bbox 111 2959 197 2982; x_wconf 82' lang='lat' dir='ltr'>voulu</span> <span class='ocrx_word' id='word_1_372' title='bbox 213 2959 299 2983; x_wconf 59' lang='lat' dir='ltr'>&amp;crire</span> <span class='ocrx_word' id='word_1_373' title='bbox 315 2960 338 2983; x_wconf 83' lang='lat' dir='ltr'>le</span> <span class='ocrx_word' id='word_1_374' title='bbox 353 2960 442 2983; x_wconf 83' lang='lat' dir='ltr'>scribe</span> <span class='ocrx_word' id='word_1_375' title='bbox 459 2959 493 2982; x_wconf 82' lang='lat' dir='ltr'>du</span> <span class='ocrx_word' id='word_1_376' title='bbox 509 2962 632 2988; x_wconf 60' lang='lat' dir='ltr'>maistre</span> 
     </span>
    </p>
   </div>
   <div class='ocr_carea' id='block_1_5' title="bbox 1195 374 2199 2781">
    <p class='ocr_par' dir='ltr' id='par_1_6' title="bbox 1195 374 2199 2781">
     <span class='ocr_line' id='line_1_50' title="bbox 1201 374 2199 418; baseline 0.009 -15"><span class='ocrx_word' id='word_1_377' title='bbox 1201 374 1239 404; x_wconf 88' lang='lat' dir='ltr'>de</span> <span class='ocrx_word' id='word_1_378' title='bbox 1257 375 1448 406; x_wconf 89' lang='lat' dir='ltr'>hominibus</span> <span class='ocrx_word' id='word_1_379' title='bbox 1465 377 1548 407; x_wconf 81' lang='lat' dir='ltr'>dicto</span> <span class='ocrx_word' id='word_1_380' title='bbox 1567 378 1652 408; x_wconf 83' lang='lat' dir='ltr'>ville.</span> <span class='ocrx_word' id='word_1_381' title='bbox 1671 379 1717 408; x_wconf 77' lang='lat' dir='ltr'>Ad</span> <span class='ocrx_word' id='word_1_382' title='bbox 1733 379 1802 411; x_wconf 71' lang='lat' dir='ltr'>hec.</span> <span class='ocrx_word' id='word_1_383' title='bbox 1817 380 2014 418; x_wconf 70' lang='lat' dir='ltr'>Stephanus.</span> <span class='ocrx_word' id='word_1_384' title='bbox 2034 382 2199 412; x_wconf 87' lang='lat' dir='ltr'>archidia-</span> 
     </span>
     <span class='ocr_line' id='line_1_51' title="bbox 1200 428 2198 465; baseline 0.009 -9"><span class='ocrx_word' id='word_1_385' title='bbox 1200 435 1302 457; x_wconf 90' lang='lat' dir='ltr'>conus</span> <span class='ocrx_word' id='word_1_386' title='bbox 1326 428 1527 465; x_wconf 76' lang='lat' dir='ltr'>salinensis,</span> <span class='ocrx_word' id='word_1_387' title='bbox 1548 430 1689 459; x_wconf 72' lang='lat' dir='ltr'>similem</span> <span class='ocrx_word' id='word_1_388' title='bbox 1715 432 1948 462; x_wconf 81' lang='lat' dir='ltr'>inhibitionem</span> <span class='ocrx_word' id='word_1_389' title='bbox 1974 435 2198 465; x_wconf 81' lang='lat' dir='ltr'>sacerdotibus</span> 
     </span>
     <span class='ocr_line' id='line_1_52' title="bbox 1201 479 2197 525; baseline 0.009 -17"><span class='ocrx_word' id='word_1_390' title='bbox 1201 479 1252 508; x_wconf 87' lang='lat' dir='ltr'>sui</span> <span class='ocrx_word' id='word_1_391' title='bbox 1274 479 1562 511; x_wconf 84' lang='lat' dir='ltr'>archidiaconatus</span> <span class='ocrx_word' id='word_1_392' title='bbox 1588 483 1712 513; x_wconf 81' lang='lat' dir='ltr'>faciens</span> <span class='ocrx_word' id='word_1_393' title='bbox 1737 484 1894 514; x_wconf 76' lang='lat' dir='ltr'>adversus</span> <span class='ocrx_word' id='word_1_394' title='bbox 1916 486 2197 525; x_wconf 77' lang='lat' dir='ltr'>archiepiscopum</span> 
     </span>
     <span class='ocr_line' id='line_1_53' title="bbox 1201 532 2198 570; baseline 0.01 -10"><span class='ocrx_word' id='word_1_395' title='bbox 1201 532 1437 570; x_wconf 79' lang='lat' dir='ltr'>supradictum.</span> <span class='ocrx_word' id='word_1_396' title='bbox 1463 535 1645 564; x_wconf 77' lang='lat' dir='ltr'>sententias</span> <span class='ocrx_word' id='word_1_397' title='bbox 1674 536 1713 564; x_wconf 88' lang='lat' dir='ltr'>ab</span> <span class='ocrx_word' id='word_1_398' title='bbox 1739 546 1776 566; x_wconf 89' lang='lat' dir='ltr'>eo</span> <span class='ocrx_word' id='word_1_399' title='bbox 1803 536 1885 567; x_wconf 83' lang='lat' dir='ltr'>latas</span> <span class='ocrx_word' id='word_1_400' title='bbox 1912 538 1945 567; x_wconf 88' lang='lat' dir='ltr'>in</span> <span class='ocrx_word' id='word_1_401' title='bbox 1972 539 2035 568; x_wconf 85' lang='lat' dir='ltr'>sibi</span> <span class='ocrx_word' id='word_1_402' title='bbox 2060 539 2198 570; x_wconf 77' lang='lat' dir='ltr'>rebelles</span> 
     </span>
     <span class='ocr_line' id='line_1_54' title="bbox 1199 583 2198 630; baseline 0.009 -18"><span class='ocrx_word' id='word_1_403' title='bbox 1199 583 1312 613; x_wconf 87' lang='lat' dir='ltr'>irritas</span> <span class='ocrx_word' id='word_1_404' title='bbox 1329 593 1400 614; x_wconf 83' lang='lat' dir='ltr'>esse</span> <span class='ocrx_word' id='word_1_405' title='bbox 1416 585 1507 616; x_wconf 84' lang='lat' dir='ltr'>dixit.</span> <span class='ocrx_word' id='word_1_406' title='bbox 1526 588 1736 625; x_wconf 71' lang='lat' dir='ltr'>precipiendo</span> <span class='ocrx_word' id='word_1_407' title='bbox 1753 589 1819 618; x_wconf 81' lang='lat' dir='ltr'>illis</span> <span class='ocrx_word' id='word_1_408' title='bbox 1837 599 1875 619; x_wconf 81' lang='lat' dir='ltr'>ne</span> <span class='ocrx_word' id='word_1_409' title='bbox 1889 591 1976 628; x_wconf 75' lang='lat' dir='ltr'>ipsas</span> <span class='ocrx_word' id='word_1_410' title='bbox 1989 591 2198 630; x_wconf 75' lang='lat' dir='ltr'>aliquatenus</span> 
     </span>
     <span class='ocr_line' id='line_1_55' title="bbox 1199 636 2197 683; baseline 0.009 -18"><span class='ocrx_word' id='word_1_411' title='bbox 1199 636 1423 667; x_wconf 86' lang='lat' dir='ltr'>observarent.</span> <span class='ocrx_word' id='word_1_412' title='bbox 1441 638 1523 669; x_wconf 91' lang='lat' dir='ltr'>Cum</span> <span class='ocrx_word' id='word_1_413' title='bbox 1544 639 1647 677; x_wconf 78' lang='lat' dir='ltr'>igitur</span> <span class='ocrx_word' id='word_1_414' title='bbox 1664 641 1702 670; x_wconf 80' lang='lat' dir='ltr'>ad</span> <span class='ocrx_word' id='word_1_415' title='bbox 1724 641 1783 671; x_wconf 89' lang='lat' dir='ltr'>hoc</span> <span class='ocrx_word' id='word_1_416' title='bbox 1805 643 1908 672; x_wconf 71' lang='lat' dir='ltr'>simus</span> <span class='ocrx_word' id='word_1_417' title='bbox 1928 644 1960 672; x_wconf 91' lang='lat' dir='ltr'>in</span> <span class='ocrx_word' id='word_1_418' title='bbox 1980 644 2197 683; x_wconf 82' lang='lat' dir='ltr'>sedejustitie</span> 
     </span>
     <span class='ocr_line' id='line_1_56' title="bbox 1199 690 2196 735; baseline 0.01 -17"><span class='ocrx_word' id='word_1_419' title='bbox 1199 690 1381 726; x_wconf 79' lang='lat' dir='ltr'>constituti,</span> <span class='ocrx_word' id='word_1_420' title='bbox 1401 696 1435 720; x_wconf 90' lang='lat' dir='ltr'>ut</span> <span class='ocrx_word' id='word_1_421' title='bbox 1452 692 1630 723; x_wconf 88' lang='lat' dir='ltr'>vindictam</span> <span class='ocrx_word' id='word_1_422' title='bbox 1648 694 1681 723; x_wconf 93' lang='lat' dir='ltr'>in</span> <span class='ocrx_word' id='word_1_423' title='bbox 1699 695 1888 725; x_wconf 87' lang='lat' dir='ltr'>nationibus</span> <span class='ocrx_word' id='word_1_424' title='bbox 1905 701 1934 725; x_wconf 77' lang='lat' dir='ltr'>et</span> <span class='ocrx_word' id='word_1_425' title='bbox 1955 697 2196 735; x_wconf 74' lang='lat' dir='ltr'>increpationes</span> 
     </span>
     <span class='ocr_line' id='line_1_57' title="bbox 1199 742 2197 785; baseline 0.009 -14"><span class='ocrx_word' id='word_1_426' title='bbox 1199 742 1233 771; x_wconf 92' lang='lat' dir='ltr'>in</span> <span class='ocrx_word' id='word_1_427' title='bbox 1247 743 1376 781; x_wconf 89' lang='lat' dir='ltr'>populis</span> <span class='ocrx_word' id='word_1_428' title='bbox 1394 744 1586 778; x_wconf 84' lang='lat' dir='ltr'>saciamus¹.</span> <span class='ocrx_word' id='word_1_429' title='bbox 1606 746 1754 777; x_wconf 81' lang='lat' dir='ltr'>nolentes</span> <span class='ocrx_word' id='word_1_430' title='bbox 1774 753 1806 777; x_wconf 91' lang='lat' dir='ltr'>ut</span> <span class='ocrx_word' id='word_1_431' title='bbox 1828 754 1890 778; x_wconf 85' lang='lat' dir='ltr'>tam</span> <span class='ocrx_word' id='word_1_432' title='bbox 1908 758 2022 785; x_wconf 66' lang='lat' dir='ltr'>graves</span> <span class='ocrx_word' id='word_1_433' title='bbox 2047 755 2075 779; x_wconf 79' lang='lat' dir='ltr'>et</span> <span class='ocrx_word' id='word_1_434' title='bbox 2105 759 2197 780; x_wconf 84' lang='lat' dir='ltr'>enor-</span> 
     </span>
     <span class='ocr_line' id='line_1_58' title="bbox 1199 797 2196 838; baseline 0.008 -14"><span class='ocrx_word' id='word_1_435' title='bbox 1199 804 1267 824; x_wconf 88' lang='lat' dir='ltr'>mes</span> <span class='ocrx_word' id='word_1_436' title='bbox 1285 804 1456 831; x_wconf 77' lang='lat' dir='ltr'>excessus,</span> <span class='ocrx_word' id='word_1_437' title='bbox 1477 797 1510 826; x_wconf 92' lang='lat' dir='ltr'>in</span> <span class='ocrx_word' id='word_1_438' title='bbox 1530 798 1651 836; x_wconf 86' lang='lat' dir='ltr'>quibus</span> <span class='ocrx_word' id='word_1_439' title='bbox 1674 799 1768 838; x_wconf 80' lang='lat' dir='ltr'>culpa</span> <span class='ocrx_word' id='word_1_440' title='bbox 1793 806 1877 830; x_wconf 75' lang='lat' dir='ltr'>essct</span> <span class='ocrx_word' id='word_1_441' title='bbox 1902 801 2047 832; x_wconf 75' lang='lat' dir='ltr'>relaxare</span> <span class='ocrx_word' id='word_1_442' title='bbox 2074 803 2196 832; x_wconf 77' lang='lat' dir='ltr'>vindic-</span> 
     </span>
     <span class='ocr_line' id='line_1_59' title="bbox 1199 851 2195 895; baseline 0.009 -19"><span class='ocrx_word' id='word_1_443' title='bbox 1199 851 1273 883; x_wconf 78' lang='lat' dir='ltr'>tam,</span> <span class='ocrx_word' id='word_1_444' title='bbox 1294 855 1486 879; x_wconf 89' lang='lat' dir='ltr'>remaneant</span> <span class='ocrx_word' id='word_1_445' title='bbox 1505 851 1671 889; x_wconf 86' lang='lat' dir='ltr'>impuniti.</span> <span class='ocrx_word' id='word_1_446' title='bbox 1691 861 1730 882; x_wconf 77' lang='lat' dir='ltr'>ne</span> <span class='ocrx_word' id='word_1_447' title='bbox 1748 853 1796 883; x_wconf 86' lang='lat' dir='ltr'>vel</span> <span class='ocrx_word' id='word_1_448' title='bbox 1820 861 2061 892; x_wconf 81' lang='lat' dir='ltr'>presumptorcs</span> <span class='ocrx_word' id='word_1_449' title='bbox 2079 855 2195 895; x_wconf 86' lang='lat' dir='ltr'>hujus-</span> 
     </span>
     <span class='ocr_line' id='line_1_60' title="bbox 1198 900 2195 942; baseline 0.01 -14"><span class='ocrx_word' id='word_1_450' title='bbox 1198 900 1284 930; x_wconf 89' lang='lat' dir='ltr'>modi</span> <span class='ocrx_word' id='word_1_451' title='bbox 1311 901 1349 931; x_wconf 89' lang='lat' dir='ltr'>de</span> <span class='ocrx_word' id='word_1_452' title='bbox 1377 910 1436 931; x_wconf 87' lang='lat' dir='ltr'>sua</span> <span class='ocrx_word' id='word_1_453' title='bbox 1462 904 1616 940; x_wconf 84' lang='lat' dir='ltr'>superbia</span> <span class='ocrx_word' id='word_1_454' title='bbox 1641 904 1824 942; x_wconf 75' lang='lat' dir='ltr'>glorientur</span> <span class='ocrx_word' id='word_1_455' title='bbox 1847 906 1895 935; x_wconf 78' lang='lat' dir='ltr'>vel</span> <span class='ocrx_word' id='word_1_456' title='bbox 1926 907 2000 936; x_wconf 81' lang='lat' dir='ltr'>aliis</span> <span class='ocrx_word' id='word_1_457' title='bbox 2031 908 2195 937; x_wconf 79' lang='lat' dir='ltr'>tribuatur</span> 
     </span>
     <span class='ocr_line' id='line_1_61' title="bbox 1198 953 2194 994; baseline 0.008 -12"><span class='ocrx_word' id='word_1_458' title='bbox 1198 953 1335 983; x_wconf 88' lang='lat' dir='ltr'>audacia</span> <span class='ocrx_word' id='word_1_459' title='bbox 1352 954 1475 985; x_wconf 87' lang='lat' dir='ltr'>similia</span> <span class='ocrx_word' id='word_1_460' title='bbox 1494 958 1714 994; x_wconf 77' lang='lat' dir='ltr'>perpetrandi,</span> <span class='ocrx_word' id='word_1_461' title='bbox 1727 959 1784 988; x_wconf 82' lang='lat' dir='ltr'>sed</span> <span class='ocrx_word' id='word_1_462' title='bbox 1801 959 1945 989; x_wconf 78' lang='lat' dir='ltr'>volentes</span> <span class='ocrx_word' id='word_1_463' title='bbox 1957 960 2067 989; x_wconf 88' lang='lat' dir='ltr'>stultis</span> <span class='ocrx_word' id='word_1_464' title='bbox 2081 970 2194 991; x_wconf 80' lang='lat' dir='ltr'>secun-</span> 
     </span>
     <span class='ocr_line' id='line_1_62' title="bbox 1197 1006 2195 1051; baseline 0.009 -16"><span class='ocrx_word' id='word_1_465' title='bbox 1197 1006 1273 1035; x_wconf 90' lang='lat' dir='ltr'>dum</span> <span class='ocrx_word' id='word_1_466' title='bbox 1292 1016 1404 1037; x_wconf 86' lang='lat' dir='ltr'>eorum</span> <span class='ocrx_word' id='word_1_467' title='bbox 1429 1008 1601 1038; x_wconf 83' lang='lat' dir='ltr'>stultitiam</span> <span class='ocrx_word' id='word_1_468' title='bbox 1627 1012 1834 1048; x_wconf 82' lang='lat' dir='ltr'>respondere,</span> <span class='ocrx_word' id='word_1_469' title='bbox 1857 1022 1894 1042; x_wconf 80' lang='lat' dir='ltr'>nc</span> <span class='ocrx_word' id='word_1_470' title='bbox 1918 1022 1951 1042; x_wconf 87' lang='lat' dir='ltr'>sc</span> <span class='ocrx_word' id='word_1_471' title='bbox 1974 1018 2123 1051; x_wconf 69' lang='lat' dir='ltr'>reputent</span> <span class='ocrx_word' id='word_1_472' title='bbox 2147 1023 2195 1044; x_wconf 86' lang='lat' dir='ltr'>sa-</span> 
     </span>
     <span class='ocr_line' id='line_1_63' title="bbox 1199 1055 2194 1100; baseline 0.009 -14"><span class='ocrx_word' id='word_1_473' title='bbox 1199 1055 1355 1095; x_wconf 77' lang='lat' dir='ltr'>pientcs².</span> <span class='ocrx_word' id='word_1_474' title='bbox 1389 1060 1584 1091; x_wconf 84' lang='lat' dir='ltr'>mandamus</span> <span class='ocrx_word' id='word_1_475' title='bbox 1615 1067 1788 1100; x_wconf 78' lang='lat' dir='ltr'>quatenus.</span> <span class='ocrx_word' id='word_1_476' title='bbox 1817 1064 1855 1093; x_wconf 80' lang='lat' dir='ltr'>dc</span> <span class='ocrx_word' id='word_1_477' title='bbox 1883 1066 2194 1096; x_wconf 80' lang='lat' dir='ltr'>comminationibus</span> 
     </span>
     <span class='ocr_line' id='line_1_64' title="bbox 1196 1111 2194 1156; baseline 0.01 -17"><span class='ocrx_word' id='word_1_478' title='bbox 1196 1111 1292 1140; x_wconf 82' lang='lat' dir='ltr'>factis</span> <span class='ocrx_word' id='word_1_479' title='bbox 1312 1111 1375 1149; x_wconf 90' lang='lat' dir='ltr'>ipsi</span> <span class='ocrx_word' id='word_1_480' title='bbox 1393 1112 1640 1152; x_wconf 85' lang='lat' dir='ltr'>archiepiscopo</span> <span class='ocrx_word' id='word_1_481' title='bbox 1657 1124 1673 1144; x_wconf 91' lang='lat' dir='ltr'>a</span> <span class='ocrx_word' id='word_1_482' title='bbox 1691 1116 1813 1145; x_wconf 89' lang='lat' dir='ltr'>decano</span> <span class='ocrx_word' id='word_1_483' title='bbox 1834 1121 1863 1146; x_wconf 82' lang='lat' dir='ltr'>et</span> <span class='ocrx_word' id='word_1_484' title='bbox 1884 1122 2015 1147; x_wconf 53' lang='lat' dir='ltr'>(uiatore</span> <span class='ocrx_word' id='word_1_485' title='bbox 2040 1119 2194 1156; x_wconf 82' lang='lat' dir='ltr'>predictis</span> 
     </span>
     <span class='ocr_line' id='line_1_65' title="bbox 1197 1163 2195 1206; baseline 0.01 -14"><span class='ocrx_word' id='word_1_486' title='bbox 1197 1163 1359 1202; x_wconf 88' lang='lat' dir='ltr'>inquisita</span> <span class='ocrx_word' id='word_1_487' title='bbox 1378 1164 1508 1202; x_wconf 87' lang='lat' dir='ltr'>plenius</span> <span class='ocrx_word' id='word_1_488' title='bbox 1528 1167 1675 1202; x_wconf 80' lang='lat' dir='ltr'>veritate,</span> <span class='ocrx_word' id='word_1_489' title='bbox 1699 1169 1784 1206; x_wconf 82' lang='lat' dir='ltr'>quod</span> <span class='ocrx_word' id='word_1_490' title='bbox 1806 1170 1985 1200; x_wconf 76' lang='lat' dir='ltr'>inveneris.</span> <span class='ocrx_word' id='word_1_491' title='bbox 2008 1172 2102 1200; x_wconf 85' lang='lat' dir='ltr'>nobis</span> <span class='ocrx_word' id='word_1_492' title='bbox 2121 1173 2195 1202; x_wconf 82' lang='lat' dir='ltr'>tide-</span> 
     </span>
     <span class='ocr_line' id='line_1_66' title="bbox 1197 1215 2195 1258; baseline 0.01 -14"><span class='ocrx_word' id='word_1_493' title='bbox 1197 1215 1273 1245; x_wconf 87' lang='lat' dir='ltr'>liter</span> <span class='ocrx_word' id='word_1_494' title='bbox 1290 1225 1346 1254; x_wconf 87' lang='lat' dir='ltr'>per</span> <span class='ocrx_word' id='word_1_495' title='bbox 1362 1221 1434 1247; x_wconf 89' lang='lat' dir='ltr'>tuas</span> <span class='ocrx_word' id='word_1_496' title='bbox 1449 1217 1576 1247; x_wconf 79' lang='lat' dir='ltr'>litteras</span> <span class='ocrx_word' id='word_1_497' title='bbox 1595 1220 1764 1250; x_wconf 83' lang='lat' dir='ltr'>intimans.</span> <span class='ocrx_word' id='word_1_498' title='bbox 1783 1222 1886 1251; x_wconf 89' lang='lat' dir='ltr'>dictos</span> <span class='ocrx_word' id='word_1_499' title='bbox 1902 1223 2073 1258; x_wconf 83' lang='lat' dir='ltr'>decanum,</span> <span class='ocrx_word' id='word_1_500' title='bbox 2091 1225 2195 1254; x_wconf 88' lang='lat' dir='ltr'>archi-</span> 
     </span>
     <span class='ocr_line' id='line_1_67' title="bbox 1197 1268 2195 1306; baseline 0.01 -10"><span class='ocrx_word' id='word_1_501' title='bbox 1197 1268 1369 1298; x_wconf 83' lang='lat' dir='ltr'>diaconum</span> <span class='ocrx_word' id='word_1_502' title='bbox 1394 1274 1422 1298; x_wconf 84' lang='lat' dir='ltr'>et</span> <span class='ocrx_word' id='word_1_503' title='bbox 1447 1275 1631 1305; x_wconf 83' lang='lat' dir='ltr'>cantorem,</span> <span class='ocrx_word' id='word_1_504' title='bbox 1657 1273 1683 1301; x_wconf 84' lang='lat' dir='ltr'>si</span> <span class='ocrx_word' id='word_1_505' title='bbox 1710 1283 1778 1303; x_wconf 89' lang='lat' dir='ltr'>rem</span> <span class='ocrx_word' id='word_1_506' title='bbox 1801 1274 1968 1304; x_wconf 88' lang='lat' dir='ltr'>inveneris</span> <span class='ocrx_word' id='word_1_507' title='bbox 1987 1276 2031 1304; x_wconf 86' lang='lat' dir='ltr'>ita</span> <span class='ocrx_word' id='word_1_508' title='bbox 2050 1286 2132 1305; x_wconf 82' lang='lat' dir='ltr'>esse.</span> <span class='ocrx_word' id='word_1_509' title='bbox 2157 1278 2195 1306; x_wconf 86' lang='lat' dir='ltr'>ad</span> 
     </span>
     <span class='ocr_line' id='line_1_68' title="bbox 1198 1323 2195 1366; baseline 0.01 -16"><span class='ocrx_word' id='word_1_510' title='bbox 1198 1326 1342 1350; x_wconf 84' lang='lat' dir='ltr'>nostram</span> <span class='ocrx_word' id='word_1_511' title='bbox 1356 1323 1574 1360; x_wconf 84' lang='lat' dir='ltr'>personaliter</span> <span class='ocrx_word' id='word_1_512' title='bbox 1587 1325 1697 1355; x_wconf 86' lang='lat' dir='ltr'>venire</span> <span class='ocrx_word' id='word_1_513' title='bbox 1710 1327 1919 1363; x_wconf 82' lang='lat' dir='ltr'>presentiam.</span> <span class='ocrx_word' id='word_1_514' title='bbox 1935 1333 2063 1366; x_wconf 85' lang='lat' dir='ltr'>arrepto</span> <span class='ocrx_word' id='word_1_515' title='bbox 2078 1329 2195 1359; x_wconf 75' lang='lat' dir='ltr'>itinero:-</span> 
     </span>
     <span class='ocr_line' id='line_1_69' title="bbox 1197 1374 2196 1420; baseline 0.01 -19"><span class='ocrx_word' id='word_1_516' title='bbox 1197 1374 1284 1403; x_wconf 81' lang='lat' dir='ltr'>infra</span> <span class='ocrx_word' id='word_1_517' title='bbox 1303 1383 1447 1404; x_wconf 85' lang='lat' dir='ltr'>mensem</span> <span class='ocrx_word' id='word_1_518' title='bbox 1469 1380 1540 1413; x_wconf 86' lang='lat' dir='ltr'>post</span> <span class='ocrx_word' id='word_1_519' title='bbox 1561 1377 1750 1407; x_wconf 85' lang='lat' dir='ltr'>citationem</span> <span class='ocrx_word' id='word_1_520' title='bbox 1770 1383 1874 1410; x_wconf 88' lang='lat' dir='ltr'>tuam.</span> <span class='ocrx_word' id='word_1_521' title='bbox 1898 1389 2113 1418; x_wconf 72' lang='lat' dir='ltr'>responsuros</span> <span class='ocrx_word' id='word_1_522' title='bbox 2134 1382 2196 1420; x_wconf 87' lang='lat' dir='ltr'>ipsi</span> 
     </span>
     <span class='ocr_line' id='line_1_70' title="bbox 1196 1426 2195 1470; baseline 0.009 -16"><span class='ocrx_word' id='word_1_523' title='bbox 1196 1426 1443 1464; x_wconf 86' lang='lat' dir='ltr'>archiepiscopo</span> <span class='ocrx_word' id='word_1_524' title='bbox 1483 1437 1581 1466; x_wconf 87' lang='lat' dir='ltr'>super</span> <span class='ocrx_word' id='word_1_525' title='bbox 1615 1431 1786 1467; x_wconf 84' lang='lat' dir='ltr'>premissis</span> <span class='ocrx_word' id='word_1_526' title='bbox 1825 1431 1977 1470; x_wconf 87' lang='lat' dir='ltr'>injuriis.</span> <span class='ocrx_word' id='word_1_527' title='bbox 2015 1434 2195 1463; x_wconf 79' lang='lat' dir='ltr'>monitione</span> 
     </span>
     <span class='ocr_line' id='line_1_71' title="bbox 1197 1478 2195 1522; baseline 0.01 -16"><span class='ocrx_word' id='word_1_528' title='bbox 1197 1478 1368 1515; x_wconf 87' lang='lat' dir='ltr'>premissa.</span> <span class='ocrx_word' id='word_1_529' title='bbox 1390 1488 1446 1517; x_wconf 90' lang='lat' dir='ltr'>per</span> <span class='ocrx_word' id='word_1_530' title='bbox 1465 1489 1639 1510; x_wconf 85' lang='lat' dir='ltr'>censuram</span> <span class='ocrx_word' id='word_1_531' title='bbox 1659 1482 1886 1519; x_wconf 83' lang='lat' dir='ltr'>apostolicam,</span> <span class='ocrx_word' id='word_1_532' title='bbox 1909 1485 2126 1522; x_wconf 69' lang='lat' dir='ltr'>appellatione</span> <span class='ocrx_word' id='word_1_533' title='bbox 2144 1496 2195 1515; x_wconf 82' lang='lat' dir='ltr'>re-</span> 
     </span>
     <span class='ocr_line' id='line_1_72' title="bbox 1197 1531 2194 1569; baseline 0.008 -10"><span class='ocrx_word' id='word_1_534' title='bbox 1197 1536 1301 1566; x_wconf 70' lang='lat' dir='ltr'>mota,</span> <span class='ocrx_word' id='word_1_535' title='bbox 1332 1531 1518 1569; x_wconf 83' lang='lat' dir='ltr'>compellas.</span> <span class='ocrx_word' id='word_1_536' title='bbox 1549 1533 1637 1569; x_wconf 86' lang='lat' dir='ltr'>Quos</span> <span class='ocrx_word' id='word_1_537' title='bbox 1663 1535 1761 1564; x_wconf 87' lang='lat' dir='ltr'>etiam</span> <span class='ocrx_word' id='word_1_538' title='bbox 1789 1536 2026 1566; x_wconf 80' lang='lat' dir='ltr'>nichilominus</span> <span class='ocrx_word' id='word_1_539' title='bbox 2053 1538 2132 1568; x_wconf 82' lang='lat' dir='ltr'>cites</span> <span class='ocrx_word' id='word_1_540' title='bbox 2158 1548 2194 1568; x_wconf 80' lang='lat' dir='ltr'>ex</span> 
     </span>
     <span class='ocr_line' id='line_1_73' title="bbox 1197 1579 2195 1628; baseline 0.008 -16"><span class='ocrx_word' id='word_1_541' title='bbox 1197 1579 1286 1621; x_wconf 82' lang='lat' dir='ltr'>parte</span> <span class='ocrx_word' id='word_1_542' title='bbox 1300 1588 1422 1614; x_wconf 86' lang='lat' dir='ltr'>nostra.</span> <span class='ocrx_word' id='word_1_543' title='bbox 1441 1590 1679 1623; x_wconf 87' lang='lat' dir='ltr'>competentem</span> <span class='ocrx_word' id='word_1_544' title='bbox 1691 1587 1738 1617; x_wconf 89' lang='lat' dir='ltr'>eis</span> <span class='ocrx_word' id='word_1_545' title='bbox 1752 1588 1927 1618; x_wconf 90' lang='lat' dir='ltr'>terminum</span> <span class='ocrx_word' id='word_1_546' title='bbox 1940 1591 2195 1628; x_wconf 83' lang='lat' dir='ltr'>peremptorium</span> 
     </span>
     <span class='ocr_line' id='line_1_74' title="bbox 1197 1636 2197 1680; baseline 0.008 -16"><span class='ocrx_word' id='word_1_547' title='bbox 1197 1636 1396 1673; x_wconf 72' lang='lat' dir='ltr'>prefigendo.</span> <span class='ocrx_word' id='word_1_548' title='bbox 1418 1637 1452 1666; x_wconf 91' lang='lat' dir='ltr'>in</span> <span class='ocrx_word' id='word_1_549' title='bbox 1469 1646 1544 1676; x_wconf 77' lang='lat' dir='ltr'>quo.</span> <span class='ocrx_word' id='word_1_550' title='bbox 1564 1638 1663 1667; x_wconf 89' lang='lat' dir='ltr'>etiam</span> <span class='ocrx_word' id='word_1_551' title='bbox 1683 1639 1710 1668; x_wconf 88' lang='lat' dir='ltr'>si</span> <span class='ocrx_word' id='word_1_552' title='bbox 1728 1649 1792 1668; x_wconf 91' lang='lat' dir='ltr'>non</span> <span class='ocrx_word' id='word_1_553' title='bbox 1809 1642 1992 1671; x_wconf 82' lang='lat' dir='ltr'>constiterit</span> <span class='ocrx_word' id='word_1_554' title='bbox 2009 1643 2046 1671; x_wconf 85' lang='lat' dir='ltr'>de</span> <span class='ocrx_word' id='word_1_555' title='bbox 2065 1644 2197 1680; x_wconf 61' lang='lat' dir='ltr'>premis&lt;</span> 
     </span>
     <span class='ocr_line' id='line_1_75' title="bbox 1197 1689 2198 1728; baseline 0.008 -11"><span class='ocrx_word' id='word_1_556' title='bbox 1197 1689 1254 1721; x_wconf 85' lang='grc'>515,</span> <span class='ocrx_word' id='word_1_557' title='bbox 1272 1698 1378 1727; x_wconf 85' lang='lat' dir='ltr'>perse</span> <span class='ocrx_word' id='word_1_558' title='bbox 1396 1690 1446 1720; x_wconf 83' lang='lat' dir='ltr'>vel</span> <span class='ocrx_word' id='word_1_559' title='bbox 1463 1696 1691 1728; x_wconf 85' lang='lat' dir='ltr'>procuratores</span> <span class='ocrx_word' id='word_1_560' title='bbox 1706 1693 1852 1723; x_wconf 85' lang='lat' dir='ltr'>idoneos.</span> <span class='ocrx_word' id='word_1_561' title='bbox 1871 1703 1944 1723; x_wconf 90' lang='lat' dir='ltr'>cum</span> <span class='ocrx_word' id='word_1_562' title='bbox 1961 1696 2113 1725; x_wconf 85' lang='lat' dir='ltr'>omnibus</span> <span class='ocrx_word' id='word_1_563' title='bbox 2131 1706 2198 1726; x_wconf 91' lang='lat' dir='ltr'>mu-</span> 
     </span>
     <span class='ocr_line' id='line_1_76' title="bbox 1198 1742 2194 1785; baseline 0.009 -15"><span class='ocrx_word' id='word_1_564' title='bbox 1198 1742 1355 1772; x_wconf 89' lang='lat' dir='ltr'>nimentis</span> <span class='ocrx_word' id='word_1_565' title='bbox 1375 1748 1405 1773; x_wconf 89' lang='lat' dir='ltr'>et</span> <span class='ocrx_word' id='word_1_566' title='bbox 1425 1744 1610 1774; x_wconf 82' lang='lat' dir='ltr'>rationibus</span> <span class='ocrx_word' id='word_1_567' title='bbox 1628 1745 1713 1780; x_wconf 79' lang='lat' dir='ltr'>suis.</span> <span class='ocrx_word' id='word_1_568' title='bbox 1739 1753 1947 1785; x_wconf 87' lang='lat' dir='ltr'>compareant</span> <span class='ocrx_word' id='word_1_569' title='bbox 1964 1758 2070 1778; x_wconf 86' lang='lat' dir='ltr'>coram</span> <span class='ocrx_word' id='word_1_570' title='bbox 2090 1750 2194 1779; x_wconf 84' lang='lat' dir='ltr'>nobis.</span> 
     </span>
     <span class='ocr_line' id='line_1_77' title="bbox 1197 1796 2197 1836; baseline 0.008 -13"><span class='ocrx_word' id='word_1_571' title='bbox 1197 1796 1402 1832; x_wconf 85' lang='lat' dir='ltr'>prosecuturi</span> <span class='ocrx_word' id='word_1_572' title='bbox 1417 1796 1594 1834; x_wconf 88' lang='lat' dir='ltr'>justitiam.</span> <span class='ocrx_word' id='word_1_573' title='bbox 1613 1798 1640 1826; x_wconf 85' lang='lat' dir='ltr'>si</span> <span class='ocrx_word' id='word_1_574' title='bbox 1663 1808 1761 1836; x_wconf 81' lang='lat' dir='ltr'>quam</span> <span class='ocrx_word' id='word_1_575' title='bbox 1785 1799 1916 1835; x_wconf 75' lang='lat' dir='ltr'>habenty</span> <span class='ocrx_word' id='word_1_576' title='bbox 1937 1801 2094 1831; x_wconf 79' lang='lat' dir='ltr'>adversus</span> <span class='ocrx_word' id='word_1_577' title='bbox 2116 1812 2197 1831; x_wconf 69' lang='lat' dir='ltr'>etin-</span> 
     </span>
     <span class='ocr_line' id='line_1_78' title="bbox 1196 1847 2196 1887; baseline 0.009 -12"><span class='ocrx_word' id='word_1_578' title='bbox 1196 1847 1268 1876; x_wconf 85' lang='lat' dir='ltr'>dem</span> <span class='ocrx_word' id='word_1_579' title='bbox 1281 1847 1576 1886; x_wconf 82' lang='lat' dir='ltr'>archiepiscopum.</span> <span class='ocrx_word' id='word_1_580' title='bbox 1591 1858 1689 1887; x_wconf 85' lang='lat' dir='ltr'>super</span> <span class='ocrx_word' id='word_1_581' title='bbox 1701 1851 1896 1881; x_wconf 85' lang='lat' dir='ltr'>cancellaria</span> <span class='ocrx_word' id='word_1_582' title='bbox 1910 1858 1938 1882; x_wconf 85' lang='lat' dir='ltr'>et</span> <span class='ocrx_word' id='word_1_583' title='bbox 1952 1854 2196 1884; x_wconf 78' lang='lat' dir='ltr'>archidiacona-</span> 
     </span>
     <span class='ocr_line' id='line_1_79' title="bbox 1197 1899 2196 1943; baseline 0.008 -15"><span class='ocrx_word' id='word_1_584' title='bbox 1197 1899 1284 1929; x_wconf 85' lang='lat' dir='ltr'>tibus</span> <span class='ocrx_word' id='word_1_585' title='bbox 1301 1900 1382 1929; x_wconf 83' lang='lat' dir='ltr'>suis.</span> <span class='ocrx_word' id='word_1_586' title='bbox 1402 1909 1438 1929; x_wconf 88' lang='lat' dir='ltr'>ac</span> <span class='ocrx_word' id='word_1_587' title='bbox 1455 1901 1588 1939; x_wconf 84' lang='lat' dir='ltr'>juribus</span> <span class='ocrx_word' id='word_1_588' title='bbox 1612 1907 1641 1931; x_wconf 87' lang='lat' dir='ltr'>et</span> <span class='ocrx_word' id='word_1_589' title='bbox 1665 1904 1874 1940; x_wconf 79' lang='lat' dir='ltr'>pertinentiis</span> <span class='ocrx_word' id='word_1_590' title='bbox 1898 1906 2196 1943; x_wconf 63' lang='grc'>0011111110111.(,)11011</span> 
     </span>
     <span class='ocr_line' id='line_1_80' title="bbox 1197 1952 2195 1996; baseline 0.009 -16"><span class='ocrx_word' id='word_1_591' title='bbox 1197 1952 1224 1981; x_wconf 85' lang='lat' dir='ltr'>si</span> <span class='ocrx_word' id='word_1_592' title='bbox 1247 1952 1306 1981; x_wconf 84' lang='lat' dir='ltr'>tibi</span> <span class='ocrx_word' id='word_1_593' title='bbox 1326 1953 1511 1983; x_wconf 87' lang='lat' dir='ltr'>constiterit</span> <span class='ocrx_word' id='word_1_594' title='bbox 1535 1955 1698 1991; x_wconf 82' lang='lat' dir='ltr'>prefatum</span> <span class='ocrx_word' id='word_1_595' title='bbox 1722 1956 1756 1985; x_wconf 92' lang='lat' dir='ltr'>T.</span> <span class='ocrx_word' id='word_1_596' title='bbox 1788 1956 1874 1985; x_wconf 87' lang='lat' dir='ltr'>dicto</span> <span class='ocrx_word' id='word_1_597' title='bbox 1899 1957 2145 1996; x_wconf 79' lang='lat' dir='ltr'>archiepiscopo</span> <span class='ocrx_word' id='word_1_598' title='bbox 2166 1965 2195 1989; x_wconf 84' lang='lat' dir='ltr'>et</span> 
     </span>
     <span class='ocr_line' id='line_1_81' title="bbox 1197 2005 2195 2049; baseline 0.007 -15"><span class='ocrx_word' id='word_1_599' title='bbox 1197 2005 1266 2034; x_wconf 86' lang='lat' dir='ltr'>suis</span> <span class='ocrx_word' id='word_1_600' title='bbox 1288 2006 1466 2043; x_wconf 83' lang='lat' dir='ltr'>premissas</span> <span class='ocrx_word' id='word_1_601' title='bbox 1489 2006 1628 2044; x_wconf 85' lang='lat' dir='ltr'>injurias</span> <span class='ocrx_word' id='word_1_602' title='bbox 1652 2007 1822 2038; x_wconf 82' lang='lat' dir='ltr'>intulisse.</span> <span class='ocrx_word' id='word_1_603' title='bbox 1848 2010 1954 2047; x_wconf 86' lang='lat' dir='ltr'>ipsum</span> <span class='ocrx_word' id='word_1_604' title='bbox 1972 2015 2001 2039; x_wconf 83' lang='lat' dir='ltr'>et</span> <span class='ocrx_word' id='word_1_605' title='bbox 2021 2012 2195 2049; x_wconf 80' lang='lat' dir='ltr'>complices</span> 
     </span>
     <span class='ocr_line' id='line_1_82' title="bbox 1197 2058 2194 2098; baseline 0.007 -12"><span class='ocrx_word' id='word_1_606' title='bbox 1197 2058 1279 2096; x_wconf 73' lang='lat' dir='ltr'>ejus,</span> <span class='ocrx_word' id='word_1_607' title='bbox 1301 2067 1359 2087; x_wconf 91' lang='lat' dir='ltr'>nec</span> <span class='ocrx_word' id='word_1_608' title='bbox 1377 2067 1440 2087; x_wconf 89' lang='lat' dir='ltr'>non</span> <span class='ocrx_word' id='word_1_609' title='bbox 1458 2067 1571 2088; x_wconf 83' lang='lat' dir='ltr'>omues</span> <span class='ocrx_word' id='word_1_610' title='bbox 1589 2059 1646 2098; x_wconf 84' lang='lat' dir='ltr'>qui</span> <span class='ocrx_word' id='word_1_611' title='bbox 1667 2060 1715 2089; x_wconf 88' lang='lat' dir='ltr'>eis</span> <span class='ocrx_word' id='word_1_612' title='bbox 1739 2061 1934 2092; x_wconf 88' lang='lat' dir='ltr'>consilium.</span> <span class='ocrx_word' id='word_1_613' title='bbox 1962 2063 2121 2092; x_wconf 85' lang='lat' dir='ltr'>auxilium</span> <span class='ocrx_word' id='word_1_614' title='bbox 2147 2064 2194 2093; x_wconf 79' lang='lat' dir='ltr'>vel</span> 
     </span>
     <span class='ocr_line' id='line_1_83' title="bbox 1197 2110 2196 2153; baseline 0.007 -14"><span class='ocrx_word' id='word_1_615' title='bbox 1197 2110 1340 2140; x_wconf 80' lang='lat' dir='ltr'>favorem</span> <span class='ocrx_word' id='word_1_616' title='bbox 1358 2111 1392 2139; x_wconf 95' lang='lat' dir='ltr'>in</span> <span class='ocrx_word' id='word_1_617' title='bbox 1413 2116 1502 2142; x_wconf 82' lang='lat' dir='ltr'>tanto</span> <span class='ocrx_word' id='word_1_618' title='bbox 1518 2111 1664 2141; x_wconf 78' lang='lat' dir='ltr'>facinore</span> <span class='ocrx_word' id='word_1_619' title='bbox 1676 2113 1901 2150; x_wconf 85' lang='lat' dir='ltr'>prestiterunt.</span> <span class='ocrx_word' id='word_1_620' title='bbox 1917 2115 2039 2145; x_wconf 88' lang='lat' dir='ltr'>tamdiu</span> <span class='ocrx_word' id='word_1_621' title='bbox 2054 2117 2196 2153; x_wconf 64' lang='lat' dir='ltr'>singulis</span> 
     </span>
     <span class='ocr_line' id='line_1_84' title="bbox 1196 2163 2195 2206; baseline 0.008 -15"><span class='ocrx_word' id='word_1_622' title='bbox 1196 2163 1312 2193; x_wconf 87' lang='lat' dir='ltr'>diebus</span> <span class='ocrx_word' id='word_1_623' title='bbox 1329 2164 1504 2198; x_wconf 87' lang='lat' dir='ltr'>dominicis</span> <span class='ocrx_word' id='word_1_624' title='bbox 1522 2169 1551 2193; x_wconf 80' lang='lat' dir='ltr'>ct</span> <span class='ocrx_word' id='word_1_625' title='bbox 1571 2165 1712 2195; x_wconf 78' lang='lat' dir='ltr'>festivis.</span> <span class='ocrx_word' id='word_1_626' title='bbox 1731 2166 1870 2203; x_wconf 78' lang='lat' dir='ltr'>pulsatis</span> <span class='ocrx_word' id='word_1_627' title='bbox 1890 2170 2058 2206; x_wconf 86' lang='lat' dir='ltr'>campanis</span> <span class='ocrx_word' id='word_1_628' title='bbox 2075 2174 2103 2198; x_wconf 80' lang='lat' dir='ltr'>et</span> <span class='ocrx_word' id='word_1_629' title='bbox 2122 2179 2195 2199; x_wconf 89' lang='lat' dir='ltr'>can-</span> 
     </span>
     <span class='ocr_line' id='line_1_85' title="bbox 1196 2215 2195 2254; baseline 0.007 -10"><span class='ocrx_word' id='word_1_630' title='bbox 1196 2215 1278 2245; x_wconf 83' lang='lat' dir='ltr'>delis</span> <span class='ocrx_word' id='word_1_631' title='bbox 1296 2216 1455 2245; x_wconf 80' lang='lat' dir='ltr'>accensis.</span> <span class='ocrx_word' id='word_1_632' title='bbox 1476 2225 1532 2254; x_wconf 88' lang='lat' dir='ltr'>per</span> <span class='ocrx_word' id='word_1_633' title='bbox 1553 2217 1756 2254; x_wconf 78' lang='lat' dir='ltr'>provinciam</span> <span class='ocrx_word' id='word_1_634' title='bbox 1780 2219 1990 2249; x_wconf 89' lang='lat' dir='ltr'>Bisuntinam</span> <span class='ocrx_word' id='word_1_635' title='bbox 2009 2230 2195 2251; x_wconf 81' lang='lat' dir='ltr'>excommu-</span> 
     </span>
     <span class='ocr_line' id='line_1_86' title="bbox 1197 2269 2194 2307; baseline 0.007 -10"><span class='ocrx_word' id='word_1_636' title='bbox 1197 2269 1322 2298; x_wconf 86' lang='lat' dir='ltr'>nicatos</span> <span class='ocrx_word' id='word_1_637' title='bbox 1344 2269 1474 2307; x_wconf 82' lang='lat' dir='ltr'>publice</span> <span class='ocrx_word' id='word_1_638' title='bbox 1501 2270 1634 2299; x_wconf 83' lang='lat' dir='ltr'>nunties</span> <span class='ocrx_word' id='word_1_639' title='bbox 1660 2275 1689 2299; x_wconf 91' lang='lat' dir='ltr'>et</span> <span class='ocrx_word' id='word_1_640' title='bbox 1718 2271 1819 2300; x_wconf 83' lang='lat' dir='ltr'>facias</span> <span class='ocrx_word' id='word_1_641' title='bbox 1845 2272 1885 2301; x_wconf 85' lang='lat' dir='ltr'>ab</span> <span class='ocrx_word' id='word_1_642' title='bbox 1912 2274 2065 2303; x_wconf 87' lang='lat' dir='ltr'>omnibus</span> <span class='ocrx_word' id='word_1_643' title='bbox 2091 2275 2194 2304; x_wconf 82' lang='lat' dir='ltr'>artius</span> 
     </span>
     <span class='ocr_line' id='line_1_87' title="bbox 1195 2322 2193 2362; baseline 0.007 -12"><span class='ocrx_word' id='word_1_644' title='bbox 1195 2322 1323 2352; x_wconf 88' lang='lat' dir='ltr'>evitari.</span> <span class='ocrx_word' id='word_1_645' title='bbox 1341 2322 1442 2351; x_wconf 85' lang='lat' dir='ltr'>donec</span> <span class='ocrx_word' id='word_1_646' title='bbox 1460 2322 1545 2351; x_wconf 83' lang='lat' dir='ltr'>‹licto</span> <span class='ocrx_word' id='word_1_647' title='bbox 1563 2323 1809 2362; x_wconf 86' lang='lat' dir='ltr'>archiepiscopo</span> <span class='ocrx_word' id='word_1_648' title='bbox 1832 2329 1861 2355; x_wconf 83' lang='lat' dir='ltr'>ct</span> <span class='ocrx_word' id='word_1_649' title='bbox 1881 2326 1950 2354; x_wconf 87' lang='lat' dir='ltr'>suis</span> <span class='ocrx_word' id='word_1_650' title='bbox 1972 2327 2193 2357; x_wconf 82' lang='lat' dir='ltr'>satisfecerint</span> 
     </span>
     <span class='ocr_line' id='line_1_88' title="bbox 1195 2379 2192 2416; baseline 0.006 -13"><span class='ocrx_word' id='word_1_651' title='bbox 1195 2379 1427 2412; x_wconf 88' lang='lat' dir='ltr'>competenter.</span> <span class='ocrx_word' id='word_1_652' title='bbox 1452 2379 1481 2404; x_wconf 82' lang='lat' dir='ltr'>et</span> <span class='ocrx_word' id='word_1_653' title='bbox 1499 2384 1571 2404; x_wconf 85' lang='lat' dir='ltr'>cum</span> <span class='ocrx_word' id='word_1_654' title='bbox 1595 2380 1724 2405; x_wconf 89' lang='lat' dir='ltr'>tuarum</span> <span class='ocrx_word' id='word_1_655' title='bbox 1742 2382 1815 2408; x_wconf 85' lang='lat' dir='ltr'>etc..</span> <span class='ocrx_word' id='word_1_656' title='bbox 1840 2387 1943 2416; x_wconf 81' lang='lat' dir='ltr'>usque</span> <span class='ocrx_word' id='word_1_657' title='bbox 1963 2389 1969 2407; x_wconf 80' lang='lat' dir='ltr'><em>z</em></span> <span class='ocrx_word' id='word_1_658' title='bbox 1990 2379 2192 2409; x_wconf 79' lang='lat' dir='ltr'>absolvendi.</span> 
     </span>
     <span class='ocr_line' id='line_1_89' title="bbox 1196 2428 2192 2469; baseline 0.004 -12"><span class='ocrx_word' id='word_1_659' title='bbox 1196 2428 1279 2457; x_wconf 89' lang='lat' dir='ltr'>Loca</span> <span class='ocrx_word' id='word_1_660' title='bbox 1296 2428 1393 2457; x_wconf 87' lang='lat' dir='ltr'>etiam</span> <span class='ocrx_word' id='word_1_661' title='bbox 1411 2428 1449 2457; x_wconf 87' lang='lat' dir='ltr'>ad</span> <span class='ocrx_word' id='word_1_662' title='bbox 1469 2438 1531 2466; x_wconf 81' lang='lat' dir='ltr'>que</span> <span class='ocrx_word' id='word_1_663' title='bbox 1548 2428 1683 2457; x_wconf 87' lang='lat' dir='ltr'>interim</span> <span class='ocrx_word' id='word_1_664' title='bbox 1700 2430 1867 2459; x_wconf 80' lang='lat' dir='ltr'>devenerit</span> <span class='ocrx_word' id='word_1_665' title='bbox 1885 2431 1919 2460; x_wconf 94' lang='lat' dir='ltr'>T.</span> <span class='ocrx_word' id='word_1_666' title='bbox 1939 2433 2095 2469; x_wconf 75' lang='lat' dir='ltr'>prefatus.</span> <span class='ocrx_word' id='word_1_667' title='bbox 2114 2438 2142 2461; x_wconf 77' lang='lat' dir='ltr'>et</span> <span class='ocrx_word' id='word_1_668' title='bbox 2159 2433 2192 2461; x_wconf 91' lang='lat' dir='ltr'>in</span> 
     </span>
     <span class='ocr_line' id='line_1_90' title="bbox 1195 2480 2194 2518; baseline 0.005 -9"><span class='ocrx_word' id='word_1_669' title='bbox 1195 2480 1315 2518; x_wconf 86' lang='lat' dir='ltr'>quibus</span> <span class='ocrx_word' id='word_1_670' title='bbox 1334 2481 1419 2510; x_wconf 79' lang='lat' dir='ltr'>idem</span> <span class='ocrx_word' id='word_1_671' title='bbox 1443 2482 1622 2511; x_wconf 80' lang='lat' dir='ltr'>canonicus</span> <span class='ocrx_word' id='word_1_672' title='bbox 1646 2482 1812 2512; x_wconf 85' lang='lat' dir='ltr'>detinetur</span> <span class='ocrx_word' id='word_1_673' title='bbox 1832 2483 1880 2513; x_wconf 76' lang='lat' dir='ltr'>vel</span> <span class='ocrx_word' id='word_1_674' title='bbox 1903 2485 2085 2514; x_wconf 80' lang='lat' dir='ltr'>constiterit</span> <span class='ocrx_word' id='word_1_675' title='bbox 2110 2485 2194 2514; x_wconf 83' lang='lat' dir='ltr'>deti·</span> 
     </span>
     <span class='ocr_line' id='line_1_91' title="bbox 1196 2533 2193 2573; baseline 0.005 -11"><span class='ocrx_word' id='word_1_676' title='bbox 1196 2533 1276 2568; x_wconf 72' lang='lat' dir='ltr'>neri,</span> <span class='ocrx_word' id='word_1_677' title='bbox 1305 2533 1462 2572; x_wconf 79' lang='lat' dir='ltr'>quamdiu</span> <span class='ocrx_word' id='word_1_678' title='bbox 1483 2533 1529 2562; x_wconf 90' lang='lat' dir='ltr'>ibi</span> <span class='ocrx_word' id='word_1_679' title='bbox 1551 2535 1687 2568; x_wconf 84' lang='lat' dir='ltr'>fuerint,</span> <span class='ocrx_word' id='word_1_680' title='bbox 1716 2544 1880 2573; x_wconf 86' lang='lat' dir='ltr'>supponas</span> <span class='ocrx_word' id='word_1_681' title='bbox 1901 2536 2125 2567; x_wconf 76' lang='lat' dir='ltr'>ecclesiastico</span> <span class='ocrx_word' id='word_1_682' title='bbox 2143 2539 2193 2567; x_wconf 89' lang='lat' dir='ltr'>in-</span> 
     </span>
     <span class='ocr_line' id='line_1_92' title="bbox 1195 2586 2193 2627; baseline 0.005 -13"><span class='ocrx_word' id='word_1_683' title='bbox 1195 2586 1342 2615; x_wconf 89' lang='lat' dir='ltr'>terdicto.</span> <span class='ocrx_word' id='word_1_684' title='bbox 1362 2587 1433 2615; x_wconf 79' lang='lat' dir='ltr'>Non</span> <span class='ocrx_word' id='word_1_685' title='bbox 1450 2586 1658 2616; x_wconf 81' lang='lat' dir='ltr'>obstantibus</span> <span class='ocrx_word' id='word_1_686' title='bbox 1680 2587 1801 2617; x_wconf 89' lang='lat' dir='ltr'>litteris</span> <span class='ocrx_word' id='word_1_687' title='bbox 1827 2597 1924 2626; x_wconf 89' lang='lat' dir='ltr'>super</span> <span class='ocrx_word' id='word_1_688' title='bbox 1943 2590 2099 2627; x_wconf 81' lang='lat' dir='ltr'>predictis</span> <span class='ocrx_word' id='word_1_689' title='bbox 2117 2599 2193 2619; x_wconf 90' lang='lat' dir='ltr'>can-</span> 
     </span>
     <span class='ocr_line' id='line_1_93' title="bbox 1195 2638 2192 2678; baseline 0.003 -11"><span class='ocrx_word' id='word_1_690' title='bbox 1195 2638 1327 2668; x_wconf 84' lang='lat' dir='ltr'>cellaria</span> <span class='ocrx_word' id='word_1_691' title='bbox 1351 2643 1381 2668; x_wconf 87' lang='lat' dir='ltr'>et</span> <span class='ocrx_word' id='word_1_692' title='bbox 1418 2638 1754 2674; x_wconf 79' lang='lat' dir='ltr'>archidiaconatibus.</span> <span class='ocrx_word' id='word_1_693' title='bbox 1786 2649 1821 2668; x_wconf 87' lang='lat' dir='ltr'>ac</span> <span class='ocrx_word' id='word_1_694' title='bbox 1854 2641 1986 2678; x_wconf 86' lang='lat' dir='ltr'>juribus</span> <span class='ocrx_word' id='word_1_695' title='bbox 2020 2647 2049 2671; x_wconf 88' lang='lat' dir='ltr'>et</span> <span class='ocrx_word' id='word_1_696' title='bbox 2081 2651 2192 2672; x_wconf 82' lang='grc'>00111111</span> 
     </span>
     <span class='ocr_line' id='line_1_94' title="bbox 1195 2691 2195 2730; baseline 0.002 -10"><span class='ocrx_word' id='word_1_697' title='bbox 1195 2691 1416 2728; x_wconf 87' lang='lat' dir='ltr'>pertinentiis.</span> <span class='ocrx_word' id='word_1_698' title='bbox 1435 2701 1450 2720; x_wconf 87' lang='lat' dir='ltr'>a</span> <span class='ocrx_word' id='word_1_699' title='bbox 1472 2691 1553 2720; x_wconf 76' lang='lat' dir='ltr'>Sede</span> <span class='ocrx_word' id='word_1_700' title='bbox 1571 2691 1757 2729; x_wconf 77' lang='lat' dir='ltr'>Apostolica</span> <span class='ocrx_word' id='word_1_701' title='bbox 1779 2692 1972 2730; x_wconf 83' lang='lat' dir='ltr'>impetratis.</span> <span class='ocrx_word' id='word_1_702' title='bbox 1993 2695 2064 2723; x_wconf 83' lang='lat' dir='ltr'>Dat.</span> <span class='ocrx_word' id='word_1_703' title='bbox 2085 2695 2195 2724; x_wconf 74' lang='lat' dir='ltr'>Viter-</span> 
     </span>
     <span class='ocr_line' id='line_1_95' title="bbox 1196 2743 1984 2781; baseline 0.004 -10"><span class='ocrx_word' id='word_1_704' title='bbox 1196 2743 1252 2775; x_wconf 84' lang='lat' dir='ltr'>bii.</span> <span class='ocrx_word' id='word_1_705' title='bbox 1269 2744 1331 2773; x_wconf 67' lang='lat' dir='ltr'>Vll</span> <span class='ocrx_word' id='word_1_706' title='bbox 1348 2744 1422 2773; x_wconf 83' lang='lat' dir='ltr'>idus</span> <span class='ocrx_word' id='word_1_707' title='bbox 1439 2744 1646 2781; x_wconf 81' lang='lat' dir='ltr'>septembris,</span> <span class='ocrx_word' id='word_1_708' title='bbox 1666 2753 1752 2773; x_wconf 87' lang='lat' dir='ltr'>anno</span> <span class='ocrx_word' id='word_1_709' title='bbox 1767 2745 1950 2774; x_wconf 87' lang='lat' dir='ltr'>undecimo.</span> <span class='ocrx_word' id='word_1_710' title='bbox 1973 2759 1984 2771; x_wconf 72' lang='grc'>1)</span> 
     </span>
    </p>
   </div>
   <div class='ocr_carea' id='block_1_6' title="bbox 1225 2913 1592 2981">
    <p class='ocr_par' dir='ltr' id='par_1_7' title="bbox 1225 2913 1592 2981">
     <span class='ocr_line' id='line_1_96' title="bbox 1229 2913 1581 2939; baseline -0.003 -2"><span class='ocrx_word' id='word_1_711' title='bbox 1229 2914 1248 2937; x_wconf 87' lang='lat'>1.</span> <span class='ocrx_word' id='word_1_712' title='bbox 1266 2913 1306 2938; x_wconf 87' lang='lat' dir='ltr'>Cs.</span> <span class='ocrx_word' id='word_1_713' title='bbox 1325 2914 1404 2937; x_wconf 57' lang='lat' dir='ltr'>Psst„</span> <span class='ocrx_word' id='word_1_714' title='bbox 1422 2914 1540 2939; x_wconf 73' lang='lat' dir='ltr'>CXLIX.</span> <span class='ocrx_word' id='word_1_715' title='bbox 1559 2914 1581 2937; x_wconf 77' lang='lat'>7.</span> 
     </span>
     <span class='ocr_line' id='line_1_97' title="bbox 1225 2957 1592 2981; baseline -0.003 -1"><span class='ocrx_word' id='word_1_716' title='bbox 1225 2957 1249 2980; x_wconf 83' lang='lat'>‘.’.</span> <span class='ocrx_word' id='word_1_717' title='bbox 1265 2957 1305 2981; x_wconf 73' lang='lat' dir='ltr'>Cf.</span> <span class='ocrx_word' id='word_1_718' title='bbox 1324 2957 1411 2980; x_wconf 78' lang='lat' dir='ltr'>Pnov.</span> <span class='ocrx_word' id='word_1_719' title='bbox 1430 2957 1526 2981; x_wconf 78' lang='lat' dir='ltr'>xxvt.</span> <span class='ocrx_word' id='word_1_720' title='bbox 1542 2958 1592 2981; x_wconf 70' lang='lat'>4-5.</span> 
     </span>
    </p>
   </div>
  </div>
 </body>
</html>
