2519 3518
91 309 147 339 753
948 299 1138 337 (mxuma
1162 298 1318 334 ANNEE.
2119 307 2174 335 τη

94 374 256 413 postulato
274 384 336 405 non
355 379 441 405 esset
454 375 507 414 jus
528 374 659 414 aliquod
678 374 887 413 acquisitum,
907 378 934 403 et
953 373 1092 411 priorem

94 427 215 465 eligere
239 427 475 466 supradictum.
502 427 595 463 Quod
618 427 645 456 si
671 427 770 457 etiam
794 426 944 463 eligendo
970 426 1092 454 dictum

94 479 254 518 priorem.
287 489 350 510 non
379 484 545 518 expectato
572 488 727 518 responso
748 478 936 517 apostolico.
955 478 1093 507 forsitan

94 532 304 570 peccassetis,
323 542 395 562 eum
414 533 446 561 in
464 532 523 562 hoc
541 541 576 561 ex
595 531 805 570 simplicitate:
823 532 956 563 suisset,
976 539 1038 560 non
1057 540 1093 560 ex

94 584 300 623 malignitate
330 589 509 623 peccatum,
540 593 603 614 non
635 584 735 614 eratis
763 588 893 622 propter
920 584 994 616 boc,
1024 583 1094 621 ipso

95 637 190 673 sacto,
210 637 353 674 eligendi
371 642 530 676 potestate
551 637 681 675 privati.
703 637 766 673 Qui
788 637 815 666 si
839 636 957 675 privati
977 636 1094 666 essetis

95 690 193 720 etiam
211 694 370 728 potestate
389 690 589 729 hujusmodi.
609 689 679 727 ipso
695 689 796 723 sacto,
815 689 968 727 potuistis
986 693 1093 718 tamen

94 751 168 772 cum
185 743 290 773 tribus
313 743 369 782 qui
388 751 451 772 non
476 742 658 780 elegerant.
682 746 711 771 et
729 742 804 771 aliis
821 742 877 780 qui
902 750 964 770 non
983 746 1094 779 postu-

95 795 254 829 laverant.
285 795 341 825 sed
374 796 407 824 in
439 795 697 824 contradictione
727 794 905 829 durabant,
937 793 1004 823 illis
1038 802 1094 824 vos

97 848 364 883 admittentibus,
384 857 483 886 penes
506 856 587 887 quos
607 852 707 877 totum
728 848 782 886 jus
803 847 946 885 eligendi
964 856 1094 876 reman-

96 905 194 933 serat.
218 901 463 931 thesaurarium
485 901 606 938 eligere
626 904 852 930 memoratum.
876 901 943 930 Nec
966 900 1094 930 videtur

95 953 210 984 obesse
227 954 312 992 quod
327 954 364 983 de
377 953 469 992 lapsu
486 954 640 991 temporis
653 953 824 990 allegatur,
837 962 910 982 cum
926 962 1093 991 nunquam

96 1006 227 1036 fueritis
254 1006 458 1044 negligentes
483 1016 488 1035 z
512 1015 601 1040 nam,
620 1015 693 1035 cum
719 1007 804 1035 sacta
830 1005 1006 1044 postulatio
1030 1014 1092 1034 non

96 1063 183 1089 esset
200 1059 378 1093 unanimis,
399 1058 454 1088 sed
468 1058 503 1088 in
519 1058 777 1088 contradictione
796 1058 903 1096 potius
918 1058 1092 1091 celebrata,

96 1115 127 1141 et
143 1115 330 1149 presentata
352 1111 446 1141 nobis
463 1111 560 1141 etiam
586 1120 648 1140 uon
668 1111 800 1144 suisset,
819 1111 942 1149 absque
965 1114 1094 1148 peccato

96 1164 279 1194 credebatis
302 1164 341 1194 ab
365 1173 401 1194 ea
426 1164 576 1194 recedere
602 1174 638 1193 ac
666 1164 805 1202 priorem
831 1163 952 1200 eligere
979 1172 1095 1201 supra-

97 1216 235 1246 dictum.
263 1216 441 1255 eodemque
469 1216 597 1246 sublato
623 1216 660 1245 de
687 1216 810 1250 medio,
843 1215 1094 1253 postulationem

97 1278 264 1298 resumere
291 1278 327 1298 ac
356 1278 548 1306 responsum
579 1268 792 1306 apostolicum
821 1273 999 1306 expectare.
1028 1268 1095 1297 Nec

97 1321 294 1359 expectando
321 1321 496 1359 peccastis,
522 1321 578 1351 sed
602 1325 786 1359 peccatum,
811 1321 838 1350 si
860 1321 945 1359 quod
971 1320 1004 1349 in
1030 1330 1094 1350 non

97 1374 295 1412 expectando
325 1374 536 1403 commissum
567 1374 691 1408 suerat,
723 1373 940 1411 purgavistis3
971 1378 1002 1403 et
1029 1373 1091 1409 sic,

97 1426 257 1456 subducto
274 1426 509 1464 expectationis
529 1431 689 1464 tempore„
710 1430 834 1455 tantum
855 1426 1014 1467 *temporis
1031 1434 1095 1455 non

97 1478 230 1513 effluxit,
250 1478 334 1516 quod
352 1483 482 1516 propter
499 1478 560 1507 hoc
572 1478 627 1516 jus
642 1478 822 1507 amiseritis
839 1477 993 1515 eligendi.
1013 1478 1094 1511 Sed,

97 1535 166 1560 esto
184 1530 269 1569 quod
289 1530 338 1560 vel
355 1530 448 1569 lapsu
466 1530 621 1568 temporis
641 1530 689 1560 vel
707 1530 802 1568 culpa
819 1530 950 1568 propria
971 1530 1095 1560 nullam

96 1582 239 1621 eligendi
257 1591 313 1613 seu
332 1582 553 1613 transferendi
572 1583 626 1621 jus
647 1587 792 1612 vestrum
813 1583 846 1612 in
870 1582 971 1612 alium
995 1582 1096 1612 habe-

97 1635 175 1666 retis
199 1635 331 1674 penitus
353 1639 557 1673 potestatem.
585 1635 624 1664 ad
650 1635 789 1665 eundem
813 1635 1095 1674 archiepiscopum

96 1687 240 1726 provisio
256 1687 394 1717 ecclesie
418 1688 530 1717 debuit
548 1688 586 1717 de
599 1688 673 1726 jure
697 1687 842 1723 devolvi;
866 1693 896 1718 et
919 1689 965 1718 sic
987 1688 1096 1718 archi-

97 1741 280 1779 episcopus,
294 1745 324 1770 et
339 1740 367 1769 si
383 1749 447 1770 non
462 1750 498 1770 ex
513 1740 630 1770 collata
646 1750 664 1770 a
682 1740 783 1776 vobis,
799 1741 969 1778 providere
988 1745 1094 1770 tamen

96 1793 200 1832 potuit
220 1802 257 1823 ex
280 1802 434 1823 concessa
460 1793 523 1822 sihi
546 1802 563 1822 a
585 1802 710 1822 canone
737 1798 907 1831 potestate.
930 1794 1093 1827 Ceterum,

95 1846 181 1884 quod
205 1846 243 1876 de
270 1845 485 1875 translatione
508 1846 660 1876 obicitur.
687 1846 771 1874 sarta
793 1845 931 1875 ecclesia
956 1855 1019 1875 non
1042 1855 1097 1875 va—

97 1904 206 1933 cante.
229 1908 292 1928 non
311 1904 420 1929 nocet.
439 1899 516 1937 quia
536 1898 652 1928 electio
675 1898 752 1928 dicti
776 1899 991 1933 thesaurarii,
1012 1900 1096 1928 sacta

97 1960 154 1990 per
190 1951 480 1989 compromissum.
518 1951 761 1980 contradicente
801 1974 820 1979 ..
861 1951 1097 1980 Santaranensi

99 2003 342 2037 archidiacono,
368 2003 459 2032 nulla
483 2003 555 2033 suit.
583 2012 668 2035 cum.
693 2012 730 2032 eo
753 2003 858 2032 invito
881 2008 911 2032 et
933 2003 1099 2033 contradi-

99 2061 203 2092 cente⁷
227 2065 291 2086 non
308 2056 457 2086 debuerit
473 2057 710 2094 compromitti.
729 2061 760 2086 et
776 2065 870 2086 nemo
890 2057 1099 2094 compromit-

99 2109 189 2140 tendi
203 2109 236 2138 in
252 2109 353 2138 alium
369 2118 426 2139 seu
441 2109 582 2146 ponendi
596 2108 795 2138 voluntatem
808 2118 900 2138 suam
915 2109 949 2138 in
962 2109 1098 2139 alterius

100 2162 237 2192 arbitrio
269 2161 500 2199 compellatur;
532 2165 562 2190 et
594 2161 654 2194 ita,
688 2170 760 2190 cum
791 2161 883 2190 nulla
911 2166 997 2191 esset
1029 2162 1099 2200 ejus

101 2214 227 2248 electio,
248 2213 393 2252 predicta
410 2213 546 2243 ecclesia
573 2218 648 2242 tunc
667 2214 815 2245 vacabat,
834 2214 1005 2251 presertim
1026 2223 1098 2243 cum

101 2267 187 2297 idem
202 2265 429 2296 thesaurarius
443 2265 637 2295 elect-ionem
654 2266 692 2295 de
708 2266 779 2303 ipso
796 2266 926 2296 factam.
939 2271 1099 2305 quantum

100 2320 135 2349 in
154 2328 190 2349 eo
209 2319 286 2353 suit,
305 2319 338 2347 in
355 2318 498 2355 capitulo
516 2318 728 2355 resignasset.
748 2318 817 2354 Que
833 2319 860 2347 si
887 2319 997 2353 etiam,
1015 2319 1097 2349 cele-

101 2371 193 2401 brata
217 2371 376 2401 electione
400 2370 568 2400 canonice.
591 2379 654 2400 non
679 2375 822 2404 vacaret,
849 2371 923 2400 talis
945 2376 1100 2401 tractatus

101 2424 321 2463 provisionem
347 2432 410 2452 non
432 2423 563 2452 deberet
586 2422 722 2452 ecclesie
747 2423 920 2461 impedire,
941 2433 1014 2453 cum
1036 2433 1099 2454 non

102 2477 224 2515 passim
245 2475 389 2514 quelibet
410 2475 553 2504 conditio
575 2475 608 2503 in
632 2475 862 2512 spiritualibus
883 2476 1099 2514 reprobetur:

102 2538 177 2560 nam
198 2529 280 2559 bene
305 2533 442 2566 possunt
469 2528 532 2557 duo
560 2528 620 2556 sub
649 2528 705 2557 tali
730 2529 918 2559 conditione
938 2539 994 2567 per
1017 2529 1102 2560 elec-

103 2583 224 2612 tionem
241 2582 368 2615 vocari,
388 2586 440 2616 ut,
459 2582 486 2610 si
503 2590 604 2610 unum
625 2581 792 2618 reprobari
809 2583 994 2619 contingat,
1015 2583 1101 2612 alius

103 2639 302 2665 assumatur.
323 2635 389 2664 Nec
406 2643 479 2663 vere
498 2634 561 2662 dici
582 2638 685 2671 potest
703 2643 759 2671 per
775 2634 877 2663 solam
895 2634 1099 2665 electionem.

102 2691 177 2717 ante
194 2686 476 2717 confirmationem
498 2685 675 2714 obtentam.
697 2685 869 2715 ecelesiam
889 2695 953 2715 non
974 2695 1098 2716 vacare.

103 2740 191 2778 quia,
207 2739 280 2768 licet
300 2748 355 2776 per
372 2746 568 2768 consensum
592 2742 740 2766 mutuum
759 2738 800 2766 sit
818 2738 985 2767 initiatum
1002 2739 1101 2776 spiri-

104 2791 190 2821 tuale
216 2791 417 2829 conjugium.
447 2798 511 2819 non
541 2794 647 2818 tamen
677 2799 733 2827 per
758 2790 1040 2820 contii-mationem
1071 2796 1099 2820 et

103 2843 382 2873 consecrationem
413 2847 641 2871 consumatum
673 2846 719 2870 est
748 2850 853 2880 neque
882 2847 1008 2877 ratum,
1042 2851 1100 2872 nec

104 2895 226 2926 electus
256 2894 588 2925 amministrationem
613 2893 836 2931 spiritualium
863 2893 912 2923 vel
939 2899 1101 2932 tempora-

104 2947 185 2977 lium
202 2952 250 2977 est
267 2947 413 2985 adeptus,
434 2954 633 2984 quamquam
650 2946 684 2974 in
699 2946 843 2975 remotis.
861 2946 900 2975 ad
917 2947 1100 2976 Romanum

226 3006 410 3037 GRssGomE
428 3011 477 3040 ix,
497 3014 514 3036 t.
535 3011 568 3034 11.

1177 371 1368 400 Pontificem
1383 370 1472 400 nullo
1485 371 1590 399 medio
1606 371 1859 408 pcrtinentiluis.
1874 377 2002 409 propter
2015 372 2174 401 utilitates

1176 422 1405 452 ecclesiarum.
1424 423 1645 460 dispensative-
1665 423 1761 451 alita-r
1778 424 1816 451 sit
1837 423 2014 461 provisum.
2042 424 2107 453 Nec
2127 424 2176 452 in·

1175 477 1253 506 cidit
1287 482 1444 507 tractatus
1478 477 1663 515 hujusmodi
1696 478 1742 506 wl
1780 478 1951 507 translatio
1982 479 2012 506 in
2048 484 2174 516 tenipus

1175 529 1312 559 ecclesie
1332 539 1395 559 non
1413 531 1576 559 vacantis.
1596 531 1650 559 sed
1670 530 1701 559 in
1725 535 1851 568 tempus
1875 532 1956 559 sat-te
1982 532 2088 568 potius
2105 540 2177 561 ces-

1177 583 1303 612 sionis:
1325 592 1398 612 nam
1411 606 1417 617 ,
1436 583 1462 611 si
1483 592 1532 613 res
1551 592 1619 613 mea
1638 583 1737 611 mit-lii
1756 584 1816 611 sub
1833 584 2018 612 condition«⁴
2036 583 2173 620 legatur.

1176 635 1208 664 in
1227 635 1414 674 hujusmodi
1432 635 1548 671 legatis
1573 644 1635 664 non
1655 636 1838 664 testamenti
1858 636 1934 665 facti
1954 641 2097 674 tempus.
2118 637 2173 665 scd

1175 688 1374 717 conditionis
1389 688 1512 726 explete
1527 688 1646 725 potius,
1660 693 1706 716 cst
1723 688 1946 725 spectandum,
1964 688 2039 726 quia
2058 689 2172 726 poterit

1176 739 1283 770 valere
1314 740 1473 777 legatum,
1505 741 1550 771 si,
1581 740 1751 769 existentis
1784 740 1982 769 conditionis
2014 745 2175 778 tempore.

1175 793 1309 823 desierit
1330 802 1400 822 esse
1418 802 1508 827 mea;
1535 797 1563 822 et
1582 793 1804 831 ubictdnssque
1821 793 1965 822 conditio
1988 794 2174 831 apponitur.

1177 855 1240 875 non
1260 846 1364 884 ipsius
1381 846 1504 884 adjecte
1526 851 1652 883 tempus
1672 846 1865 876 aua-ndimr.
1885 846 1938 874 scd
1958 851 2111 875 c-vcntus.
2132 847 2174 875 ita

1175 899 1261 937 quod
1277 903 1381 927 cesset
1399 899 1530 927 interim
1548 898 1720 933 (dilig-'atim
1740 898 1896 936 quamdiu
1915 903 1961 926 cst
1980 908 2018 927 an
2038 898 2069 927 id
2087 899 2176 927 futu-

1176 960 1247 981 rum
1265 951 1318 981 sit.
1337 951 1370 979 in
1386 951 1551 988 pendenti.
1571 951 1631 979 Sed
1650 951 1687 979 ad
1709 950 1766 979 boc
1781 951 1838 979 suit
1861 950 1968 979 taliter
1984 950 2174 988 replicatum

1176 1004 1273 1042 quod,
1298 1013 1370 1032 cum
1391 1013 1408 1032 a
1433 1003 1523 1033 vobis
1546 1003 1644 1031 missa
1668 1008 1753 1031 essct
1776 1003 1861 1032 dicta
1887 1003 1980 1032 nobis
2002 1003 2177 1041 postulatio

1176 1055 1407 1094 presentanda,
1428 1065 1485 1085 nee
1506 1055 1621 1084 fuisset
1640 1056 1834 1093 comps-tenti
1855 1060 1996 1093 tempore
2015 1061 2174 1085 revocata.

1177 1109 1216 1138 ab
1233 1118 1271 1138 ea
1287 1108 1503 1146 postmodum,
1521 1117 1584 1137 non
1599 1113 1766 1145 expectato
1783 1117 1938 1145 responso
1955 1113 2075 1141 nostro,
2093 1118 2177 1137 ruwe-

1177 1161 1252 1191 dere
1281 1160 1499 1199 nequivistis;
1529 1160 1675 1198 alioquin
1704 1168 1821 1197 magna
1847 1160 2033 1189 absurditas
2059 1170 2176 1198 sequo-

1176 1218 1278 1247 retur,
1305 1213 1383 1251 quia
1408 1202 1438 1242 et
1463 1222 1480 1241 a
1504 1212 1595 1241 vobis
1620 1212 1783 1241 celebrata
1809 1212 1942 1241 electio,
1970 1212 2044 1241 dum
2069 1218 2175 1241 tamen

1177 1266 1260 1296 alias
1279 1266 1351 1294 sinc
1374 1265 1454 1294 vitio
1475 1265 1607 1294 deberet
1626 1269 1778 1302 tanquam
1797 1265 1954 1294 canonica
1977 1266 2176 1294 contii-mari.

1177 1323 1208 1348 et
1228 1327 1246 1347 a
1270 1318 1363 1347 nobis
1386 1317 1514 1346 admitti
1539 1316 1714 1354 postulatio
1740 1317 1799 1346 rite
1823 1322 1951 1355 posset:
1979 1322 2007 1347 et
2029 1318 2074 1345 sic
2098 1318 2177 1346 duos

1178 1379 1314 1409 sponsos
1337 1370 1470 1399 haberet
1495 1369 1643 1403 ecclesia,
1664 1379 1720 1399 seu
1747 1370 1809 1398 duo
1829 1370 1946 1407 capita.
1966 1370 2059 1408 quasi
2086 1378 2179 1399 mon-

1178 1428 1294 1453 strum.
1316 1424 1383 1452 Nec
1400 1431 1436 1452 ex
1459 1423 1543 1451 sacto
1567 1422 1804 1459 predictorum,
1830 1422 1886 1460 qui
1907 1431 1970 1451 non
1993 1422 2180 1459 postulave-

1178 1480 1251 1505 rant
1268 1475 1318 1505 vel
1335 1475 1513 1511 elegerant,
1531 1479 1633 1512 potest
1651 1474 1767 1503 atl'‹2·1·re
1784 1474 1944 1512 sibijuris
1962 1474 2086 1512 aliquid
2104 1484 2178 1512 pars

1178 1528 1331 1557 adversa.
1351 1527 1428 1565 quia
1447 1536 1501 1556 vos
1521 1527 1560 1555 ad
1577 1526 1769 1556 electionem
1788 1535 1851 1555 nou
1871 1531 2024 1565 tanquam
2043 1527 2178 1556 admissi

1178 1581 1216 1610 de
1234 1578 1350 1617 gratia.
1369 1579 1425 1609 sed
1438 1580 1512 1618 jure
1532 1579 1662 1617 proprio
1682 1579 1901 1616 processistis.
1920 1580 1986 1609 Nec
2003 1584 2047 1607 cst
2068 1589 2179 1609 verum

1179 1642 1238 1663 nec
1256 1632 1436 1662 verisimile
1449 1631 1534 1670 quod
1552 1641 1587 1661 ex
1604 1641 1640 1661 eo
1660 1631 1728 1661 solo
1747 1632 1831 1669 quod
1852 1631 1953 1669 aliqui
1966 1631 2180 1669 postulationi

1179 1695 1244 1715 non
1266 1685 1470 1723 prestiterint
1492 1694 1676 1714 assensum.
1700 1694 1772 1713 cum
1798 1684 1879 1713 alias
1904 1693 1967 1713 non
1992 1685 2180 1714 inveniatur

1179 1738 1213 1767 in
1230 1737 1451 1776 postulatione
1467 1741 1650 1775 peccatum,
1672 1741 1772 1765 totum
1790 1736 1960 1766 electionis
1978 1738 2032 1775 jus
2051 1746 2180 1766 reman-

1180 1791 1259 1820 serit
1276 1799 1375 1828 penes
1390 1790 1489 1828 ipsos.
1507 1789 1600 1825 Quod
1614 1790 1641 1818 si
1659 1789 1756 1818 etiam
1771 1789 1995 1819 remansisset,
2016 1789 2096 1818 illud
2115 1798 2178 1818 una

1180 1843 1349 1872 vobiscum
1373 1842 1555 1880 predictum
1576 1841 1726 1877 eligendo
1746 1841 1904 1879 priorem,v
1930 1850 1992 1870 non
2014 1846 2180 1879 expectato

1181 1904 1336 1932 responso
1373 1893 1567 1932 apostolic-0.
1601 1893 1814 1930 perdiderint.
1845 1894 1920 1922 ‘Nec
1951 1893 2043 1922 debet
2082 1894 2178 1922 etiam

1181 1947 1416 1985 expectationis
1439 1951 1565 1983 tempus
1587 1945 1740 1977 subduci,
1764 1945 1856 1983 quia.
1882 1945 2032 1982 eligendo
2058 1946 2181 1981 mag-'is-

1183 2006 1268 2030 trum
1286 1999 1454 2035 Pelagium
1469 2003 1543 2027 ante
1558 2006 1751 2035 responsum
1766 1996 1926 2026 habitum.
1945 1997 1971 2026 si
1989 1997 2074 2035 quod
2089 1997 2180 2026 vobis

1182 2061 1218 2082 ex
1251 2051 1474 2089 expectatione
1505 2049 1708 2087 competebat
1738 2049 1946 2083 heneficium,
1978 2049 2180 2086 perdidistis.

1183 2106 1285 2134 Immo
1309 2104 1347 2133 de
1370 2112 1486 2139 magna
1508 2102 1644 2140 potestis
1663 2102 1696 2130 in
1721 2102 1804 2131 tacto
1826 2101 1882 2130 illo
1904 2101 2037 2130 levitate
2062 2102 2179 2131 notari.

1182 2157 1260 2196 quia
1289 2155 1518 2194 postulationi,
1549 2154 1707 2183 mittendo
1740 2154 1778 2183 ad
1807 2154 1922 2183 Sedem
1948 2153 2181 2191 Apostolicam.

1182 2209 1370 2244 institistis,
1410 2213 1457 2241 et,
1498 2207 1661 2245 prefatum
1697 2206 1847 2243 eligendo
1883 2206 2076 2243 magistrum
2107 2211 2181 2235 ante

1182 2262 1423 2300 susceptionem
1442 2259 1602 2298 responsi,
1619 2259 1819 2296 reprobastis
1832 2258 1979 2288 eandem.
1996 2269 2031 2286 at·
2044 2263 2182 2296 postmo—

1182 2315 1268 2349 dum,
1287 2323 1323 2344 eo
1339 2318 1479 2347 mortuo,
1497 2313 1601 2350 ipsam
1617 2311 1820 2349 reprobatam
1836 2311 1986 2340 voluistis
2003 2320 2179 2341 resumere.

1183 2375 1376 2405 responsum
1405 2364 1620 2403 apostolicum
1646 2363 1854 2401 expectando.
1881 2363 1917 2392 Et
1945 2363 2008 2392 sic.
2039 2368 2181 2400 bempoiu¹

1184 2419 1330 2449 vacantis
1360 2418 1497 2448 ecclesie
1533 2421 1732 2454 computato,
1771 2425 1828 2445 nec
1864 2425 1919 2445 vos
1951 2415 2091 2452 eligendi
2124 2425 2180 2445 seu

1184 2471 1405 2501 transterendi
1427 2472 1481 2509 jus
1510 2474 1651 2499 vestrum
1679 2469 1712 2497 in
1737 2468 1854 2498 alium.
1878 2477 1936 2497 nec
1961 2468 2047 2497 idem
2073 2468 2181 2497 arelli-

1183 2525 1355 2562 episcopus
1385 2522 1577 2561 providendi
1607 2521 1771 2550 habuistis
1804 2521 1948 2558 aliquam
1975 2526 2179 2558 potestatem.

1184 2578 1229 2606 Ex
1247 2585 1284 2607 eo
1301 2581 1409 2606 autem
1424 2575 1510 2614 quod
1525 2574 1603 2603 dicit
1623 2573 1817 2603 electionem
1838 2573 2036 2602 thesaurarii
2058 2572 2180 2601 nullam

1183 2638 1265 2665 esse,
1283 2628 1410 2658 nullum
1427 2627 1685 2657 emolumentum
1702 2625 1915 2663 consequitur
1928 2634 2002 2663 pars
2019 2625 2154 2653 advorsa
2173 2634 2178 2652 :

1184 2687 1252 2711 tum
1268 2682 1345 2720 quia
1364 2686 1428 2709 tam
1445 2684 1551 2708 vestre
1569 2687 1666 2715 super
1682 2677 1830 2706 facienda
1849 2677 2063 2705 translationv·
2080 2682 2181 2704 trans-

1183 2735 1283 2764 misse
1309 2733 1564 2770 archiepiscopo.
1595 2740 1692 2768 quam
1716 2730 1861 2767 ipsorum
1886 2729 2122 2766 archicpiscopi
2151 2734 2179 2757 et

1184 2787 1381 2818 thesaurarii
1404 2789 1588 2823 present-ate
1611 2783 1704 2811 nobis
1725 2782 1847 2811 littere.
1869 2782 1988 2819 quibus
2006 2781 2090 2809 idem
2109 2782 2180 2810 Ste—

1182 2840 1312 2878 phanus
1338 2848 1418 2868 usus
1441 2842 1487 2867 est
1510 2837 1542 2865 in
1561 2836 1685 2875 judicio
1708 2843 1815 2863 coram
1841 2834 1951 2863 nobis.
1980 2834 2179 2862 contrarium

1184 2896 1394 2926 asseverant;
1427 2895 1494 2919 tum
1524 2889 1622 2919 ctiam
1652 2887 1729 2925 quia
1760 2887 1865 2915 dictus
1896 2886 2177 2923 aia-liicpiscupus.

1183 2950 1339 2982 tanquam
1351 2943 1390 2973 ab
1402 2943 1503 2972 electo
1517 2946 1623 2971 vestro
1638 2939 1820 2969 cessionem
1835 2939 2008 2976 recipiens.
2023 2938 2176 2967 ostendit.

2033 3003 2060 3024 «ts
