2423 3487
241 303 298 332 ⁴95
953 304 1188 334 REGtsTREs
1210 303 1264 332 DE
1287 295 1506 332 GREGomE
1530 302 1587 331 lx.
2250 305 2307 336 496

242 371 273 396 et
291 389 310 395 ..
328 371 418 404 pater
432 367 545 404 ipsius,
557 367 683 405 judices
698 368 863 405 provincie
877 369 1061 401 Tui-ruane,
1082 378 1116 398 ac
1134 368 1231 398 etiam

242 417 400 452 Uhaldus,
415 419 464 447 vir
475 419 556 456 ejus.
569 419 606 448 de
619 419 710 456 copia
722 419 879 449 bonorum
891 420 1010 458 quibus
1023 421 1230 449 habundabat

241 469 312 507 ipsa
335 470 512 507 provincia,
546 475 787 507 presumentes,
823 471 990 500 nonnullis
1019 472 1145 501 civibus
1174 474 1231 502 Ja-

242 521 424 550 nuensibus
441 526 469 550 et
492 522 621 551 Pisanis
637 522 713 552 dare
735 523 942 560 promiserint
964 523 1064 552 multa
1081 524 1177 553 feuda
1195 524 1229 552 in

240 572 422 601 redditibus
439 573 590 610 pecunie,
611 573 714 606 villis,
732 574 836 603 servis
857 579 885 604 et
910 575 1054 604 ancillis.
1072 576 1230 605 consectis

239 624 355 653 exinde
377 624 515 661 puhlicis
536 625 781 661 instrumentis,
806 631 834 656 ct
857 627 896 656 ad
919 632 1041 656 tantam
1062 628 1131 665 ipsa
1155 637 1229 666 pro-

238 676 346 705 vincia
376 676 542 706 devenerit
572 682 811 715 paupertatem.
845 679 928 717 quod
955 680 1066 709 eadem
1095 681 1226 714 nobilis,

239 726 358 755 nedum
385 727 482 756 feuda
512 728 581 765 ipsa
614 729 830 768 concederem
853 731 877 763 ¹,
909 731 960 759 vix
987 732 1084 760 etiam
1111 731 1226 762 lrabeat

236 778 322 807 unde
350 778 483 808 honeste
509 779 613 808 valeat
639 782 828 816 sustentari,
854 791 952 820 super
975 782 1035 812 hoc
1058 784 1227 821 providere

237 830 316 863 sibi,
347 839 385 859 ne
413 831 582 861 occasione
613 833 868 870 promissionum
900 835 1044 872 ipsarum
1075 837 1227 866 infestari

236 882 352 913 valeat.
369 892 558 913 curaremus
583 886 753 922 presertim
771 895 843 915 cum
860 887 945 916 dicta
961 889 1127 925 provincia
1141 890 1226 928 juris

236 939 266 963 et
287 935 493 972 proprietatis
516 937 700 974 Apostolice
724 939 817 968 Sedis
841 940 972 975 existat,
997 950 1032 970 ac
1056 947 1166 972 noster
1191 952 1225 973 ac

235 986 306 1025 ejus
322 995 501 1017 consensus
518 997 580 1017 non
600 989 813 1020 intervenerit
830 991 862 1020 in
883 993 1064 1029 premissis.
1085 995 1226 1034 Ideoque

235 1038 427 1068 mandamus
449 1045 622 1077 quatenus,
647 1042 674 1071 si
695 1046 743 1071 est
766 1043 820 1078 ita,
847 1053 910 1072 non
931 1046 1127 1082 permittatis
1153 1056 1226 1085 pre-

234 1089 353 1119 dictam
380 1090 520 1120 nobilem
547 1093 716 1122 occasione
742 1094 997 1131 promissionum
1024 1096 1224 1135 hujusmodi,

235 1141 390 1179 quamdiu
407 1142 445 1171 de
468 1147 578 1172 nostro
603 1144 805 1182 heneplacito
830 1147 945 1182 suerit,
967 1148 1152 1184 molestari,
1171 1160 1225 1181 eos

233 1194 289 1231 qui
305 1203 398 1223 secus
415 1197 684 1233 presumpserint,
698 1198 877 1228 monitione
895 1201 1064 1237 premissa,
1084 1212 1140 1240 per
1153 1212 1224 1232 ren-

233 1254 343 1274 suram
357 1246 624 1283 ecclesiasticam,
640 1249 856 1287 appellatione
872 1253 1060 1290 postposita,
1079 1264 1225 1294 compes-

233 1297 346 1327 cendo.
364 1298 455 1334 Quod
472 1299 498 1328 si
516 1308 580 1329 non
597 1309 709 1331 omnes
726 1306 785 1331 etc.
803 1304 875 1332 Dat.
894 1309 927 1333 ut
944 1314 1052 1343 supra.
1074 1319 1086 1333 ›>

302 1467 420 1496 3356
791 1473 881 1506 Rieti,
896 1474 930 1501 10
944 1476 1058 1503 octobre
1074 1478 1151 1505 1236.

269 1528 401 1561 Pisanos,
430 1530 611 1563 provinciam
638 1533 826 1561 Turritanam
854 1535 991 1564 invadere
1016 1543 1223 1573 proponentes,

234 1580 330 1602 monet
343 1579 484 1610 quatenus
498 1587 513 1604 a
525 1587 575 1605 suo
586 1581 731 1614 proposito
742 1582 895 1610 desistant.
905 1599 935 1603 —
944 1586 1028 1617 (Bao.
1042 1587 1085 1620 18,
1096 1588 1115 1614 f.
1126 1588 1176 1615 198
1185 1592 1222 1620 r⁰;

231 1632 302 1650 ann.
319 1624 358 1656 X,
375 1633 399 1651 e.
417 1625 492 1656 219.)

274 1735 286 1749 ιι
313 1746 331 1752 ..
351 1727 503 1761 potestati,
527 1728 652 1756 consilio
672 1734 697 1757 et
717 1732 873 1759 communi
893 1732 1023 1762 Pisanis.
1045 1734 1126 1764 Cum
1150 1746 1224 1775 pro-

231 1775 342 1804 vincia
359 1776 532 1807 Tui-ritana
545 1779 631 1817 juris
652 1784 682 1810 et
703 1782 911 1819 proprietatis
928 1786 1111 1823 Apostolice
1130 1789 1223 1819 Sedis

231 1828 365 1863 existat,
388 1838 483 1866 grave
502 1831 646 1867 gerimus
665 1838 696 1862 et
712 1833 883 1872 indignum
903 1838 1002 1875 quod,
1023 1840 1107 1870 sicut
1124 1841 1223 1872 intel-

228 1879 381 1914 leximus,
405 1883 584 1919 proponitis
607 1884 710 1922 ipsam
734 1886 903 1922 invadere,
930 1898 993 1919 non
1017 1891 1088 1922 sine
1112 1899 1222 1924 nostra

229 1931 352 1969 injuria
371 1937 401 1961 et
419 1938 616 1973 contemptu.
639 1937 719 1967 Cum
740 1938 842 1975 igitur
858 1945 945 1972 tante
964 1946 1222 1983 presumptionis

229 1983 399 2013 audaciam
428 1994 490 2014 non
516 1988 679 2024 possimus
700 1990 733 2018 in
762 1991 919 2028 patientia
944 1995 1122 2031 sustinere,
1148 2008 1222 2036 spe-

227 2040 340 2065 rantes
356 2037 440 2074 quod
459 2047 524 2072 vos,
545 2043 699 2078 tanquam
718 2042 824 2072 devoti
841 2044 912 2079 filii,
930 2048 1051 2077 nostris
1068 2051 1221 2081 monitio-

227 2087 344 2123 nibus,
362 2098 442 2126 quas
462 2095 596 2127 paterna
614 2092 786 2130 diligentia
801 2095 953 2127 duximus
973 2101 1219 2138 premittendas,

228 2147 302 2168 cum
337 2139 523 2172 humilitate
560 2150 729 2181 parentes,
761 2147 890 2185 eligetis
921 2151 1028 2188 potius
1063 2154 1221 2187 desistere

228 2200 326 2229 quam
350 2192 517 2224 incurrere
540 2195 633 2225 illum
655 2197 857 2230 difficultatis
879 2203 1070 2239 articulum,
1095 2207 1133 2236 de
1157 2217 1221 2246 quo

227 2251 292 2272 non
313 2245 462 2281 possitis,
485 2255 557 2275 cum
578 2248 766 2286 volueritis,
790 2253 951 2290 expediri,
972 2257 1219 2290 universitatem

226 2299 369 2324 vestram
383 2299 575 2328 monendam
587 2300 738 2332 duximus
751 2307 781 2333 et
794 2303 996 2343 hortandam,
1012 2311 1220 2349 precipiendo

226 2347 420 2378 mandantes
443 2354 620 2387 quatenus,
640 2354 844 2386 considerato
863 2359 1038 2395 prudenter
1058 2364 1142 2400 quod
1163 2366 1219 2394 ad-

225 2407 341 2428 versus
359 2400 538 2431 Romanam
555 2403 744 2442 Ecclesiam,
763 2416 860 2445 quam
875 2411 1043 2442 constituit
1060 2415 1219 2447 Dominus

225 2458 325 2488 super
346 2455 486 2488 gentes²
508 2458 538 2483 et
560 2457 689 2493 regna’,
713 2466 777 2487 non
796 2461 935 2497 possetis
956 2468 1063 2494 vestra
1081 2469 1219 2499 consilia

224 2501 388 2537 stabilire,
421 2504 461 2533 ab
491 2505 680 2544 hujusmodi
702 2512 867 2548 proposito
892 2513 1059 2547 desistatis
1085 2521 1218 2556 provide

222 2563 282 2592 per
304 2563 360 2584 vos
380 2555 485 2594 ipsos,
506 2557 552 2587 ita
574 2560 677 2597 quod,
700 2562 859 2594 facientes
879 2565 917 2596 de
939 2570 1134 2601 necessitate
1152 2574 1218 2602 vii·-

222 2609 341 2642 tutem,
361 2616 419 2638 nos
440 2609 479 2638 ad
499 2610 707 2643 dilectionem
723 2615 867 2646 civitatis
883 2623 989 2649 vestre
1007 2621 1125 2653 fortius
1145 2626 1217 2655 ani-

221 2658 339 2693 metis;
365 2659 512 2699 alioquin
531 2664 774 2697 venerabilibus
790 2668 948 2700 fratribus
965 2674 1086 2703 nostris
1103 2698 1124 2704 ..
1144 2677 1217 2707 Flo-

219 2710 352 2740 rentino
377 2716 407 2741 et
437 2735 456 2741 ..
489 2714 685 2746 pistoriensi
711 2718 872 2758 episcopis
897 2726 928 2751 et
951 2722 1069 2754 dilecto
1096 2727 1162 2758 filio
1195 2752 1214 2758 ..

253 2827 272 2850 1.
287 2829 336 2851 Ms.
351 2836 358 2851 :
374 2829 534 2870 concedere,
548 2831 595 2855 sed
611 2833 667 2858 vix.

247 2870 271 2894 ⁸2.
288 2873 336 2894 Ms,
354 2879 361 2894 .·
376 2877 459 2902 super
473 2879 513 2902 gs.

249 2914 273 2938 3.
289 2913 330 2938 Cr.
349 2914 453 2939 Jensu.
470 2916 490 2946 1,
506 2916 542 2941 ¹0.

1314 366 1415 404 priori
1433 367 1544 396 Sancti
1560 367 1707 396 Fridiani
1725 367 1847 397 Lucani
1866 368 1987 397 nostris
2003 367 2118 399 damus
2135 369 2256 401 litteris
2270 371 2305 401 in

1315 418 1488 454 mandatis,
1508 423 1541 448 ut
1559 419 1838 457 presumptionem
1858 424 2011 453 vestram.
2033 421 2213 452 monitione
2232 431 2307 461 pre-

1312 470 1425 503 missa,
1449 479 1506 508 per
1528 479 1701 500 censuram
1719 471 1988 507 ecclesiasticam,
2012 472 2230 510 appellatione
2253 484 2307 506 re-

1312 526 1408 556 mota,
1424 526 1647 560 compescant3
1667 523 1762 553 nobis
1777 523 1817 553 ad
1835 523 1985 561 graviora
1999 529 2113 554 contra
2127 534 2195 560 vos,
2210 526 2239 556 si
2253 535 2304 558 ne-

1311 582 1401 603 cesse
1416 574 1526 605 suerit,
1545 578 1676 604 auctore
1692 575 1849 609 Domino,
1867 577 2082 614 processuris.
2100 578 2171 607 Dat.
2190 579 2303 614 Reate,

1310 626 1354 655 VI
1374 625 1447 655 idus
1463 626 1621 660 octobris,
1640 635 1726 656 anno
1741 627 1878 657 decimo.
1899 640 1911 654 »

1379 814 1496 843 335¹?
1844 816 1950 852 [Rieti.
1968 818 2002 844 10
2014 818 2128 845 octobre
2143 818 2234 855 1236]

1344 875 1494 909 Scriptum
1511 880 1554 904 est
1567 885 1652 911 snper
1666 878 1718 904 hoc
1731 877 1829 903 eisdem
1849 878 2013 911 [Florentino
2026 881 2050 904 et
2067 879 2231 914 pistoriensi]
2247 881 2303 914 epi-

1307 925 1401 957 scopis,
1417 926 1439 949 el
1455 922 1562 958 [Sancti
1577 925 1705 950 Fridcam·
1722 926 1831 959 Lucana]
1849 927 1950 959 priori,
1965 927 2081 960 proviso
2092 936 2127 954 ne
2141 928 2170 955 in
2182 929 2303 957 univer-

1306 971 1423 998 sitatem
1442 972 1580 999 Pisanam
1597 976 1652 1000 etc.

1376 1158 1496 1186 3358
1877 1160 1966 1192 Rieti,
1981 1159 2015 1186 10
2027 1160 2142 1187 octobre
2153 1160 2230 1188 1236.

1342 1219 1374 1246 In
1390 1219 1514 1246 eundem
1532 1220 1651 1246 modum
1668 1241 1685 1246 ..
1701 1221 1842 1253 potestati,
1859 1222 1972 1247 consulo
1985 1223 2009 1246 ct
2025 1223 2166 1248 communi
2179 1222 2302 1249 Junuert-

1305 1267 1388 1298 sibus,
1403 1275 1494 1301 usque
1511 1276 1516 1294 :
1532 1268 1636 1294 fortius
1651 1268 1801 1295 animetis
1816 1269 1883 1296 Dat.
1898 1271 1953 1296 etc.

1375 1452 1491 1480 3:159
1871 1454 1960 1487 Rieti,
1978 1455 2011 1481 16
2024 1455 2138 1482 octobre
2151 1455 2228 1483 1236.

1340 1514 1568 1548 Areliiepiscopo
1584 1515 1793 1541 Beneventano
1811 1515 1933 1542 mandat
1949 1518 2107 1550 quatenus,
2128 1517 2152 1544 si
2171 1517 2300 1551 postula-

1305 1562 1414 1588 tionem
1432 1562 1604 1589 unanimam
1619 1563 1818 1589 archidiaconi
1834 1566 1861 1590 et
1875 1564 1998 1598 capituli
2012 1564 2200 1592 Florentinae
2210 1565 2300 1593 eccle-

1305 1610 1374 1642 siae,
1387 1613 1501 1644 pastore
1513 1610 1682 1643 destitutae,
1692 1611 1727 1637 de
1738 1611 1939 1638 Torribulensi
1952 1612 2086 1647 episeopo
2098 1613 2129 1639 in
2142 1615 2297 1647 pastorem,

1305 1658 1453 1684 invenerit
1481 1658 1516 1684 de
1543 1666 1665 1692 persona.
1691 1659 1796 1686 idonea
1823 1660 1962 1687 canonice
1986 1660 2161 1688 celebratam
2171 1682 2178 1694 ,
2203 1661 2298 1689 eidem

1304 1706 1438 1740 episcopo
1451 1707 1621 1734 facultatem
1636 1707 1747 1734 tribuat
1760 1708 1795 1734 ad
1807 1708 1917 1735 dictam
1934 1709 2133 1736 Florentinam
2145 1709 2298 1737 eeclesiam

1305 1754 1475 1781 transeundi
1496 1757 1524 1781 et
1544 1755 1633 1781 faeiat
1645 1755 1844 1782 obedientiam
1861 1756 2012 1789 exliiberi;
2031 1757 2178 1791 alioquin,
2197 1757 2299 1785 eadem

1304 1802 1499 1836 postulatione
1520 1802 1575 1829 rite
1595 1804 1726 1836 repulsa,
1743 1803 1832 1830 faciat
1847 1804 2007 1837 jamdictae
2023 1805 2163 1832 ecelesiae
2182 1805 2300 1833 Floren-

1304 1850 1382 1876 tinae
1399 1858 1448 1884 per
1461 1850 1634 1876 electionem
1649 1851 1821 1878 canonicam
1836 1852 1871 1878 de
1887 1860 2009 1886 persona
2022 1852 2128 1880 idonea.
2140 1852 2296 1888 provideri.

1303 1899 1436 1930 ——(1t1³<;.
1454 1898 1497 1931 18,
1515 1899 1534 1924 f.
1552 1898 1602 1925 198
1618 1902 1658 1930 r⁰;
1674 1907 1743 1926 ann.
1760 1899 1799 1932 X,
1814 1908 1838 1926 c.
1851 1900 1925 1931 250.)

1343 2017 1356 2031 ιι
1383 2028 1402 2034 ..
1425 2005 1647 2044 archiepiscopo
1662 2007 1881 2037 Beneventano.
1900 2007 1996 2037 Lecto
2011 2012 2065 2038 tue
2081 2006 2299 2038 fraternitatis

1300 2075 1350 2086 --.
1385 2059 1457 2087 Dat.
1492 2059 1611 2094 Reate,
1651 2059 1747 2090 XVII
1776 2059 1933 2090 kalendas
1970 2059 2174 2096 novembris,
2211 2067 2297 2090 anno

1301 2110 1436 2140 decimo.
1458 2122 1471 2137 ι)

1371 2301 1488 2330 3360
1864 2302 1954 2335 Rieti,
1969 2302 2002 2329 15
2017 2301 2132 2330 octobre
2145 2300 2224 2329 1236.

1335 2363 1564 2397 Aretiiepiscopo
1580 2363 1738 2391 Bisuntino
1754 2363 1888 2398 indulget
1901 2372 1936 2390 ne
1949 2371 1966 2390 a
1976 2363 2102 2391 subditis
2115 2363 2186 2396 suis,
2198 2369 2212 2388 <t
2228 2361 2295 2397 qui-

1301 2411 1353 2438 bus
1366 2411 1482 2445 signum
1500 2420 1513 2437 »
1527 2415 1570 2439 est
1584 2419 1598 2437 (ι
1612 2412 1723 2447 positus
1734 2413 1770 2439 ad
1787 2413 1924 2447 sagittam
1937 2420 1952 2438 »
1962 2415 1981 2445 ¹,
1993 2411 2166 2439 auctoritate
2179 2412 2294 2446 aposto-

1300 2459 1424 2486 licarum
1442 2460 1624 2493 litterarum,
1648 2463 1731 2487 extra.
1752 2460 1904 2488 civitatem
1921 2460 2137 2494 Lingonensem
2153 2459 2200 2486 vel
2223 2458 2295 2486 Tre-

1299 2516 1414 2535 eensem
1424 2529 1430 2541 ‚
1445 2516 1459 2534 «
1476 2509 1506 2535 in
1523 2508 1628 2543 quibus
1642 2509 1878 2543 jurisperitorum
1896 2509 1980 2543 eopia
1995 2508 2082 2536 facile
2099 2506 2252 2534 invenitur
2266 2512 2292 2539 n,

1299 2556 1335 2583 ad
1354 2556 1498 2590 judicium
1521 2557 1599 2584 trahi
1619 2557 1727 2592 possit;
1748 2557 1951 2592 praesentibus
1971 2559 2035 2591 post
2057 2554 2291 2591 quinquennium

1300 2604 1423 2632 minime
1439 2605 1585 2633 valituris
1601 2621 1632 2624 —
1646 2607 1732 2638 (Rae.
1750 2606 1798 2639 18,
1813 2607 1833 2633 f.
1850 2605 1901 2633 198
1919 2608 1965 2638 v⁰;
1981 2613 2051 2633 ann.
2072 2604 2116 2638 X,
2133 2611 2158 2631 e.
2174 2603 2244 2636 2513
2260 2615 2292 2621 —

1298 2652 1429 2682 Mum-:Au
1446 2654 1524 2687 1191,
1541 2655 1561 2681 f.
1578 2654 1653 2686 142.)

1337 2771 1350 2786 α
1371 2782 1390 2788 ..
1407 2761 1628 2799 archiepiscopo
1643 2761 1816 2791 Βὶειιηιίηο.
1841 2760 1923 2791 Cum
1943 2759 2158 2790 ecclesiarum
2174 2755 2292 2797 prelati

1295 2828 1343 2841 —t
1361 2804 1432 2841 Dat.
1452 2813 1564 2849 Reate,
1580 2813 1692 2844 idibus
1707 2813 1861 2848 octobris,
1879 2821 1965 2843 anno
1980 2811 2117 2842 decimo.
2139 2823 2152 2837 x>

1328 2938 1349 2962 t.
1365 2937 1406 2962 Ct'.
1421 2938 1535 2967 Jenzn..
1553 2940 1653 2962 Thr-en.
1669 2938 1716 2968 111,
1735 2937 1771 2963 ¹⁴2.
