2519 3518
181 285 237 315 685
1038 279 1230 316 ONZIEME
1253 279 1410 315 ANNEE.
2215 289 2271 317 oso

180 352 367 384 vertebatur,
382 361 468 388 super
481 353 648 380 obediontia
666 356 694 380 et
713 353 799 380 rebus
815 354 883 380 aliis
902 363 973 388 quas
989 354 1066 380 idem
1089 353 1187 379 archi-

179 401 334 436 episcopus
363 411 379 429 a
406 401 485 428 dieta
511 401 635 428 ecclesia
660 401 715 428 sibi
741 402 839 429 deberi
867 402 1061 437 proponebat,
1088 402 1187 435 eisque

181 450 301 477 mandat
326 453 471 485 quatenus
493 451 568 477 intra
592 454 650 477 tres
673 460 787 477 menses
809 455 896 478 testes
917 460 1002 485 super
1028 451 1187 485 principali

180 499 297 532 negotio
314 499 421 526 iterum
439 503 583 534 repetant,
601 504 628 525 et
648 503 735 526 testes
749 509 763 526 a
784 500 933 534 praedicto
954 501 1084 534 capitulo
1101 508 1187 533 super

180 548 258 574 facto
273 548 593 574 cxcommunicationis
614 549 709 575 cidem
731 549 952 583 archiepiscopo
970 549 1101 582 objectae
1122 557 1187 582 pro-

179 597 282 624 ductos
299 597 462 631 recipiant:
487 597 639 624 nonnullis
657 597 725 624 aliis
747 598 894 625 mandatis
914 598 949 624 ad
966 598 1098 623 eamdem
1121 606 1187 624 eau-

180 654 242 672 sam
261 646 478 680 pertinentibus
499 646 633 680 adjectis.
652 661 683 664 —
701 647 788 678 (Rea.
811 647 854 675 18.
873 649 892 673 s.
911 647 963 673 ‘299
984 650 1020 677 r⁰;
1043 655 1112 673 ann.
1134 647 1186 678 xl,

180 694 287 725 c.130;
305 709 336 712 —
351 695 388 721 cf.
406 702 502 727 supra,
518 698 547 721 n⁰
560 695 652 723 3297.)

223 795 235 808 u
252 805 271 811 ..
289 783 422 820 rpiscopo
438 784 626 818 Cirienlensi,
639 806 660 811 ..
675 784 775 812 abbati
787 784 894 813 Sancte
909 784 1070 812 Trinilalis
1081 784 1189 812 Montis

180 836 280 865 Sacri.
296 837 461 873 Syponline
474 837 610 870 diocesis.
628 842 653 865 el
669 838 821 870 Gustum-0,
836 837 983 865 ‘rivenacha
999 838 1104 864 Sancti
1121 837 1188 865 For-

181 891 285 918 tunati
312 890 421 918 Montis
454 890 592 927 l'irqiliz'.
625 890 829 918 Beneuentano?
857 890 993 919 [Heresis.
1020 890 1057 918 In
1089 898 1187 918 causa

181 951 245 980 que
261 943 348 979 [eto.
368 947 527 980 utsupra,
547 942 581 971 in
595 941 716 971 litteris
733 942 794 971 sub
808 951 946 971 numero
961 942 1037 971 3297
1053 942 1185 971 notatis.

181 1003 286 1033 usque
305 994 325 1033 :]
343 994 470 1024 admitti
489 1003 554 1024 non
571 994 709 1024 debebat
726 994 765 1024 ad
783 1003 929 1032 presens.
954 995 1108 1025 Ceterum
1130 1003 1187 1032 pro

181 1051 272 1085 parte
293 1047 371 1076 dicti
393 1046 528 1084 capituli
546 1047 750 1085 propositum
767 1047 871 1076 extitit
891 1047 994 1085 quod.
1016 1051 1090 1076 ante
1110 1056 1187 1076 con-

181 1100 391 1130 testationem
404 1099 485 1134 litis,
495 1100 666 1138 protestati
677 1100 811 1129 suerunt
824 1104 869 1129 ut.
879 1100 905 1129 si
919 1099 1030 1137 aliquo
1043 1104 1186 1137 tempore

180 1152 357 1190 probarent
378 1152 501 1182 dictum
525 1152 809 1190 archiepiscopum
832 1152 900 1182 fore
923 1152 1032 1190 aliqua
1058 1161 1186 1181 excom-

181 1205 406 1235 municatione
417 1205 568 1242 ligatum,
582 1205 651 1235 litis
666 1205 862 1235 contestatio
874 1210 903 1234 et
915 1205 1000 1234 alius
1013 1214 1186 1242 processus

181 1258 312 1296 penitus
330 1266 394 1287 non
412 1257 546 1287 valeret.
566 1257 627 1289 vel.
645 1258 673 1287 si
691 1258 867 1296 probarent
884 1257 1055 1287 ecclesiam
1074 1258 1187 1288 Sancti

180 1310 310 1340 Nicolai
320 1311 353 1339 in
364 1310 475 1349 aliquo
485 1310 659 1349 spoliatam
672 1320 728 1348 per
738 1311 877 1340 eundem
889 1310 1184 1348 archiepiscopum.

181 1372 246 1392 non
263 1363 494 1401 procederetur
511 1363 550 1392 ad
566 1363 784 1393 intentionem
804 1363 911 1401 ipsius
928 1363 1184 1401 archiepiscopi.

179 1415 283 1445 donec
302 1415 393 1453 prius
413 1420 499 1446 esset
518 1416 589 1454 ipsa
613 1415 752 1446 ecclesia
772 1416 944 1450 1·estituta;
967 1420 997 1445 et
1015 1416 1092 1454 quia
1114 1425 1187 1453 pro-

183 1469 313 1498 testatio
328 1469 473 1506 predicta
489 1478 553 1498 non
571 1469 852 1498 inveniebaturin
867 1469 960 1503 actis.
978 1469 1134 1498 offerebat
1153 1477 1187 1498 se

181 1526 372 1559 procurator
399 1522 484 1551 dicte
510 1522 648 1551 ecclesie
674 1531 731 1559 per
758 1526 858 1551 testes
884 1521 970 1560 quod
995 1521 1187 1560 protestatio

182 1573 253 1612 ipsa
271 1574 357 1603 sacta
379 1575 486 1604 suerat
512 1574 545 1603 in
563 1575 654 1604 curia
677 1579 707 1604 et
727 1574 872 1604 admissa
889 1584 907 1603 a
921 1574 1051 1613 judice,
1070 1574 1188 1612 proba-

182 1632 310 1662 turum3
333 1632 364 1657 et
382 1627 511 1657 dicebat
533 1628 673 1657 eundern
693 1627 978 1666 archiepiscopum
998 1637 1056 1666 pro
1077 1637 1114 1658 eo
1133 1638 1187 1657 ex-

181 1680 460 1710 communicatum
477 1681 630 1715 existere,
651 1681 741 1719 quia.
765 1690 829 1710 non
845 1690 943 1711 causa
960 1681 1186 1711 correctionis.

180 1733 262 1762 inici
278 1742 396 1763 manus
409 1733 570 1763 violentas
587 1733 621 1762 in
636 1733 810 1763 Nicolaum
825 1733 996 1765 Emanuel.
1014 1734 1186 1764 Nicolaum

181 1786 327 1816 Sifandi.
355 1786 530 1816 Nicolaum
555 1787 699 1824 Sanguis
725 1787 831 1817 Retic.
857 1792 886 1816 et
910 1788 944 1816 in
968 1787 1187 1817 Meliciactam

180 1839 327 1873 Zttiear„
359 1839 496 1869 clericos
526 1840 632 1877 ipsius
665 1839 803 1869 ecclesie
834 1840 947 1870 Sancti
976 1840 1123 1869 Nicolai.
1158 1845 1185 1869 et

181 1892 402 1930 presbiterum
420 1893 562 1922 Leonem
583 1892 622 1922 de
646 1893 715 1922 Noa
741 1897 769 1922 et
794 1894 926 1922 Petrum
949 1893 987 1922 de
1005 1892 1098 1922 Palo.
1117 1893 1184 1922 (lia-

180 1954 316 1981 conum,
336 1945 412 1975 fecit
435 1945 559 1975 carceri
583 1945 782 1983 mancipari,
808 1945 992 1984 adjungens
1014 1945 1186 1975 ecclesiam

181 1999 295 2029 Sancti
311 1998 441 2028 Nicolai
464 2007 536 2028 esse
563 2008 620 2036 per
643 1998 782 2028 eundem
805 1998 1089 2037 archiepiscopum
1113 2008 1188 2036 spo-

180 2051 306 2080 liatam.
325 2052 448 2088 Quare,
470 2051 542 2089 ipso
559 2060 593 2081 se
612 2051 742 2080 admitti
765 2051 804 2080 ad
820 2052 930 2081 omnia
952 2052 1095 2089 predicta
1114 2061 1188 2089 pro-

181 2104 289 2134 banda
306 2109 447 2142 petente.
469 2104 576 2134 dictus
593 2103 784 2137 cardinalis,
803 2104 840 2133 de
856 2105 1009 2134 mandato
1026 2109 1137 2134 nostro
1157 2110 1186 2135 et

183 2158 320 2187 fratrum
345 2162 533 2187 nostrorum
556 2157 711 2192 consilio.
732 2157 841 2195 ipsum
866 2162 1109 2195 procuratorem
1131 2158 1187 2187 de-

182 2210 258 2240 here
275 2210 413 2249 probare
432 2210 703 2248 protestationem
719 2210 789 2240 fore
807 2211 927 2239 factam
944 2211 977 2239 in
991 2211 1083 2240 curia
1101 2215 1130 2240 et
1148 2211 1187 2240 ab

181 2263 332 2293 auditore
351 2263 547 2292 admissam.
564 2267 595 2293 et
613 2263 700 2301 qnod
719 2263 806 2292 idem
824 2263 1092 2301 archiepiscopus
1117 2273 1188 2293 ver-

183 2316 291 2346 berari
315 2316 561 2354 prenominatos
586 2315 723 2345 clericos
747 2321 777 2346 et
806 2316 889 2345 alios
913 2317 1129 2351 incarcerari,
1158 2322 1186 2346 et

184 2378 247 2399 non
267 2369 482 2399 correctionis
499 2378 615 2398 causa.
634 2369 840 2403 mandasset.
858 2369 1112 2408 interloquendo
1131 2370 1188 2399 de-

181 2422 305 2456 crevit;
334 2427 364 2451 et
385 2422 463 2460 quia
490 2422 639 2451 constitit
662 2421 768 2451 eidem
789 2422 950 2451 cardinali
971 2423 1057 2461 quod
1079 2423 1187 2461 ipsum

181 2474 364 2513 capitulum
381 2483 480 2512 super
492 2474 688 2512 spoliatione
706 2475 851 2512 predicta
868 2475 990 2504 directe
1003 2480 1137 2513 egerant
1154 2476 1187 2505 in

182 2527 295 2558 libello
327 2532 475 2566 porrecto
506 2533 619 2557 contra
650 2528 791 2558 eundem
822 2528 1124 2566 archiepiscopum.
1158 2534 1188 2559 et

182 2585 283 2611 testes
313 2581 471 2610 dederant
504 2590 602 2618 super
632 2581 702 2618 ipsa
719 2604 724 2610 .
760 2586 854 2618 prout
890 2582 1091 2619 petiverant.
1124 2591 1188 2611 non

181 2633 317 2664 admisit
333 2624 475 2664 eosdem.
502 2634 680 2670 Quocirca.
699 2634 737 2663 de
754 2634 928 2672 utriusque
953 2635 1055 2672 partis
1072 2643 1189 2672 procu—

183 2691 328 2716 ratorum
341 2695 491 2716 assensu.
505 2686 701 2715 mandamus
714 2691 889 2724 quatenns.
905 2696 967 2716 non
981 2687 1189 2716 obstantibus

182 2739 302 2769 litteris
315 2748 414 2777 super
428 2739 541 2769 eodem
559 2739 691 2776 negotio
707 2739 841 2769 directis
857 2740 895 2768 ad
913 2739 1049 2769 dilectos
1066 2740 1152 2769 filios
1169 2763 1188 2768 ..

183 2792 327 2829 priorem
343 2792 455 2822 Sancti
471 2792 587 2822 Jacobi
605 2792 642 2821 de
668 2792 847 2821 Hei-emitis
865 2792 903 2821 de
925 2792 1040 2823 Ebulo.
1057 2793 1106 2826 P..
1123 2793 1190 2830 pri-

183 2844 357 2874 micerium
378 2845 665 2874 Beneventanum.
686 2849 716 2874 et
737 2845 930 2882 magistrum
947 2845 1134 2875 Johannem
1151 2845 1189 2875 de

185 2897 321 2931 Franco.
337 2897 533 2927 canonicum
550 2898 755 2935 Capuanum.
775 2907 848 2927 cum
866 2898 966 2927 iidem
985 2907 1042 2935 per
1058 2898 1189 2927 easdem

186 2958 250 2979 non
277 2949 429 2979 duxerint
458 2950 721 2988 procedendum,
750 2950 838 2980 infra
867 2955 932 2980 tres
959 2959 1090 2980 menses
1118 2954 1190 2988 post

1270 352 1489 390 receptionem
1520 353 1741 391 presentium.
1770 358 1868 383 testes
1896 363 1994 392 super
2021 354 2195 392 principali
2220 364 2271 384 re-

1269 409 1390 443 ceptos.
1424 415 1522 443 super
1557 416 1594 435 eo
1628 407 1746 435 iterum
1779 411 1981 444 repetentes.
2013 412 2043 436 et
2074 408 2271 446 recipientes

1270 463 1369 488 testes
1386 468 1467 497 quos
1484 459 1562 488 dicti
1580 459 1760 497 capitulum
1775 469 1873 497 super
1889 460 2072 498 objectione
2089 470 2273 489 excommu-

1270 511 1447 541 nicationis
1464 512 1588 549 prcsate
1604 512 1825 550 produxerint,
1843 513 1990 551 ipsisque
2005 513 2155 551 receptis.
2174 513 2272 551 ‹lepo—

1270 564 1407 594 sitiones
1437 574 1548 594 eorum
1581 565 1642 594 sub
1672 565 1793 603 sigillis
1825 566 1943 595 vestris
1971 566 2009 595 ad
2043 576 2101 595 nos
2132 566 2273 595 tideliter

1271 617 1550 647 transmittentes.
1584 618 1751 656 preligatis
1780 618 1884 647 eidem
1916 618 2058 656 capitulo
2094 619 2271 647 terminum

1270 670 1525 707 peremptorium
1542 670 1630 699 iufra
1647 680 1756 709 quem.
1775 671 1802 699 si
1820 671 1983 700 vsduerint
1998 671 2134 709 probare
2151 671 2271 700 dictam

1271 722 1538 759 protestationem
1564 723 1667 753 fuisse
1690 724 1809 752 factam
1830 723 1863 752 in
1888 724 1980 753 curia
2005 729 2035 753 et
2057 724 2096 752 ab
2123 724 2271 753 auditore

1270 774 1459 804 admissam.
1477 784 1585 805 corani
1599 777 1724 814 prefato
1736 776 1897 806 cardinali
1908 785 1981 805 cnm
1995 777 2133 806 testibus
2149 777 2271 814 paratis

1269 837 1368 865 super
1386 828 1446 857 hoc
1465 834 1692 866 compareant.
1716 835 1745 859 ct
1764 829 1812 858 eis
1830 829 2067 859 nichilominus
2089 830 2271 868 injungatis

1270 885 1303 910 ut
1320 881 1407 910 infra
1424 881 1531 919 ipsum
1549 882 1803 919 peremptorium
1822 882 2024 921 [terminum]
2042 882 2146 911 eidem
2165 882 2272 911 cardi-

1271 933 1348 962 nali.
1375 942 1449 963 cum
1469 933 1623 963 omnihus
1647 934 1831 972 privilegiis
1855 939 1883 963 et
1908 934 1983 963 aliis
2003 935 2218 964 munimentis
2241 939 2270 964 et

1270 986 1454 1015 rationibus
1477 986 1567 1016 suis.
1590 987 1788 1024 processuri,
1816 992 1976 1025 quantum
2000 987 2129 1025 dejure
2154 988 2268 1022 suerit,

1269 1048 1368 1076 super
1385 1038 1559 1076 principali
1577 1039 1719 1075 negotio,
1738 1048 1772 1068 se
1790 1044 1991 1077 presentent.
2010 1040 2177 1077 Expensas
2197 1049 2272 1069 vero

1270 1100 1368 1129 super
1392 1091 1549 1129 predictis
1575 1092 1667 1121 vobis
1693 1102 1709 1121 a
1735 1092 1963 1129 prenominata
1994 1092 2133 1122 ecclesia
2161 1093 2271 1121 Sancti

1269 1144 1397 1173 Nicolai
1430 1144 1560 1173 faciatis
1589 1144 1711 1174 exolvi.
1740 1149 1786 1174 et.
1824 1144 1853 1173 si
1888 1145 1975 1174 idem
2006 1145 2273 1183 archiepiscopus

1270 1196 1480 1234 probationes
1496 1196 1625 1235 aliquas
1642 1206 1740 1234 super
1763 1197 1887 1226 eisdem
1904 1197 1980 1227 dare
1999 1197 2138 1227 voluerit
2152 1199 2170 1228 ¹.
2190 1198 2275 1227 rcci-

1271 1249 1398 1287 pientes
1417 1250 1567 1285 easdem,
1586 1258 1746 1287 expensas
1762 1250 1953 1288 hujusmodi
1975 1260 2031 1288 pro
2053 1255 2121 1279 rata
2141 1251 2274 1279 testium

1270 1311 1404 1332 suorum
1418 1312 1473 1331 vos
1488 1302 1618 1332 faciatis
1634 1302 1673 1331 al]
1688 1303 1800 1332 eodeni
1816 1302 2063 1340 archiepiscopo
2079 1303 2274 1331 ministrari.

1269 1355 1535 1385 Contradictores
1560 1360 1620 1384 etc.
1644 1355 1736 1391 Quod
1763 1355 1791 1384 si
1816 1364 1879 1384 uon
1903 1364 2016 1384 omnes
2040 1360 2101 1384 etc.
2126 1356 2198 1384 Dat.
2217 1355 2275 1383 Yi-

1271 1409 1379 1438 terbii.
1399 1409 1447 1438 111
1464 1409 1538 1438 idus
1553 1409 1652 1447 junii.
1673 1417 1759 1437 anno
1779 1408 1964 1437 undecimo.
1984 1421 1996 1433 >1

1341 1594 1459 1621 374⁴

1305 1655 1485 1687 Alexandro⁷
1499 1656 1651 1688 capellano
1665 1663 1725 1686 suo,
1738 1655 1925 1688 Apostolicae
1936 1655 2021 1681 Sedis
2035 1656 2139 1688 legato„
2154 1655 2275 1681 mandat

1842 1594 1975 1621 Viterbe.
1992 1594 2024 1620 13
2041 1594 2104 1627 juin
2122 1594 2201 1621 1237.

1270 1707 1425 1737 quatenus.
1441 1704 1469 1729 in
1488 1703 1616 1729 insulam
1635 1703 1788 1732 Corsicae.
1808 1711 1881 1736 quae
1897 1703 1970 1736 juris
1985 1704 2172 1737 Apostolicae
2190 1704 2274 1730 Sedis

1270 1756 1342 1781 crat.
1365 1752 1574 1786 personaliter:
1596 1760 1661 1777 cum
1683 1751 1934 1785 opportunitatem
1959 1752 2105 1784 habuerit,
2122 1752 2274 1779 accedens.

1270 1810 1301 1827 ea
1314 1801 1413 1827 onmia
1431 1808 1504 1834 quae
1517 1800 1553 1826 de
1566 1800 1681 1833 Juribus
1698 1800 1866 1834 praedictae
1884 1800 1952 1827 Sedi
1965 1801 2152 1834 Apostolicae
2166 1801 2274 1827 debitis

1271 1849 1417 1876 invenerit
1444 1849 1480 1875 ab
1505 1849 1655 1882 aliquibus
1677 1849 1808 1875 indebite
1830 1849 1968 1879 detineri,
1990 1849 2025 1875 ad
2047 1850 2092 1882 jus
2107 1854 2134 1875 et
2148 1850 2275 1883 proprie-

1270 1902 1360 1925 tatem
1376 1898 1507 1931 ejusdem
1529 1898 1613 1924 Sedis
1634 1901 1760 1929 revocet,
1783 1901 1809 1924 et
1832 1898 1877 1923 his
1893 1898 2030 1924 omnibus
2052 1907 2124 1931 quae
2143 1899 2273 1925 Romana

1270 1947 1402 1974 Ecclesia
1420 1947 1449 1972 iu
1467 1946 1567 1973 eadem
1587 1946 1684 1973 insula
1700 1946 1863 1974 obtinebat.
1881 1946 1978 1972 virum
1994 1947 2108 1973 fidelem
2127 1952 2151 1973 et
2175 1947 2275 1981 provi-

1269 1997 1340 2022 dum
1371 1995 1519 2029 praeficiat
1532 2016 1538 2026 ‚
1569 1995 1619 2028 qui
1646 1995 1754 2021 ibidem
1788 1995 1904 2021 utiliter
1935 2004 2067 2029 praeesse
2101 1997 2208 2022 valeat.
2243 2010 2272 2013 —

1269 2045 1356 2075 (Rm.
1374 2044 1417 2071 18.
1443 2046 1462 2070 f.
1487 2043 1538 2069 300
1559 2047 1595 2075 r‘';
1616 2052 1685 2069 ann.
1707 2044 1760 2070 XI.
1782 2054 1806 2070 c.
1831 2045 1896 2071 131:
1915 2059 1946 2061 —
1970 2046 2007 2070 cf.
2027 2052 2122 2076 supra,
2145 2053 2173 2071 n.
2190 2044 2275 2071 3120-

1269 2093 1335 2120 3421
1353 2096 1381 2119 et
1396 2093 1487 2122 3T33.)

1312 2207 1324 2220 «
1344 2193 1552 2233 Alc.r[amlro].
1575 2194 1730 2230 capellano
1755 2198 1865 2222 nostro.
1886 2195 2049 2231 Apostolice
2065 2194 2148 2223 Sectis
2167 2196 2273 2231 legato.

1271 2247 1343 2277 Pati
1360 2247 1509 2276 nolentes
1526 2251 1559 2276 ut
1577 2264 1625 2275 —.
1644 2247 1714 2276 Dat.
1733 2246 1893 2276 Viterbii.
1913 2247 2023 2277 idibus
2039 2248 2146 2286 junii.
2167 2248 2276 2286 ponti-

1270 2302 1386 2329 ficatus
1403 2300 1508 2329 nostri
1525 2308 1611 2329 anno
1627 2299 1814 2329 undecimo.
1835 2312 1846 2326 n

1341 2487 1458 2516 3545

1306 2550 1450 2583 Episcopo
1467 2549 1697 2575 Silvanectensi.
1719 2548 1819 2575 abbati
1840 2549 1980 2575 ecclesiae
1996 2548 2111 2583 [Sancti
2133 2549 2274 2583 Cornelii]

1851 2487 1983 2519 Viterbc.
1999 2488 2032 2513 30
2049 2488 2107 2513 mai
2125 2488 2202 2514 1237.

1272 2598 1517 2632 Conipendicnsis
1544 2602 1570 2623 et
1602 2597 1810 2623 archidiacono
1840 2598 1869 2623 in
1900 2598 2068 2624 Latiniaco.
2098 2599 2275 2625 Par-isiciisis

1271 2647 1423 2674 dioecesis.
1441 2646 1561 2672 mandat
1579 2650 1722 2679 quatenus
1737 2654 1854 2672 causam
1871 2646 1948 2671 inter
1959 2647 2167 2679 Ingerannum.
2183 2647 2275 2672 domi⁴

1272 2704 1342 2722 num
1357 2695 1491 2723 Cocciaci
1509 2703 1558 2720 seu
1576 2694 1703 2722 Cociaci.
1719 2702 1753 2719 ex
1771 2702 1827 2719 una
1846 2698 1941 2727 parte.
1959 2698 1985 2720 et
2003 2694 2144 2720 decanum
2163 2695 2276 2728 eapitu-

1272 2745 1393 2778 tumque
1417 2743 1637 2770 Lauduncnses.
1662 2750 1696 2767 cx
1719 2743 1822 2768 altera.
1851 2747 1997 2768 exortam.
2025 2757 2055 2760 —
2081 2751 2154 2775 quae
2177 2751 2274 2769 causa.

1272 2798 1389 2826 propter
1406 2791 1587 2825 multiplices
1603 2790 1790 2823 exceptiones
1807 2799 1821 2815 a
1837 2790 1995 2823 pra->dictis
2018 2790 2274 2820 Laudunensibus,

1271 2846 1378 2868 terram
1397 2841 1540 2875 praedicti
1559 2839 1666 2865 nobilis
1682 2839 1735 2865 sub
1752 2839 1909 2864 interdicto
1930 2839 2042 2865 diutius
2060 2839 2273 2866 detinentibus.

1306 2955 1324 2979 i.
1342 2957 1412 2978 Ms.:
1429 2954 1576 2978 voluerint.
