2519 3518
113 313 172 345 337
977 300 1164 338 DIXIEME
1187 301 1346 337 ANNEE.
2152 312 2210 344 338

114 379 256 410 Domino
271 377 410 416 placuit,
433 376 468 405 in
491 376 722 414 prosecutione
744 375 830 414 juris
853 375 959 413 ipsius
982 374 1120 405 ecclesie

115 431 263 462 debitum
281 434 399 460 nature
422 428 591 468 persolvit.
616 428 708 458 Idem
730 437 807 459 vero
826 428 1027 466 prepositus,
1046 436 1121 457 cum

82 491 88 499 ¹
115 493 176 523 pax
191 482 367 522 provenire
381 490 448 512 non
458 486 580 520 posset,
599 481 723 511 vocatis
736 481 793 519 qui
807 482 939 511 fuerant
950 480 1119 515 evocandi,

114 540 188 575 post
209 535 325 573 longos
344 534 520 569 circuitus,
544 533 744 573 quibusdam
767 533 955 571 petentibus
971 533 1122 563 libellum

115 589 151 618 in
169 589 275 627 figura
285 587 404 627 judicii
425 586 550 625 porrigi
566 590 597 616 et
613 585 695 616 alias
716 586 802 625 juris
822 586 993 623 angustias
1009 586 1123 616 obser-

115 641 202 676 vari,
221 640 391 678 assignata
413 648 543 678 quoque
566 642 655 668 certa
671 638 723 668 die
748 643 813 668 tam
837 638 1001 677 episcopis
1023 647 1122 677 quam

115 693 336 732 capitulorum
363 691 648 730 procuratoribus,
675 691 732 730 qui
757 700 791 721 se
814 690 935 721 vellent
959 700 1123 729 opponere

116 746 168 777 vel
183 746 360 776 defendere
377 753 569 783 processum
586 744 730 783 aliquem
753 744 966 774 commissum
985 743 1049 773 sibi
1066 753 1123 774 ne-

115 799 241 837 gotium
265 798 526 836 contingentem,
551 797 592 827 ad
613 797 867 836 inquisitionem
893 797 932 826 de
952 797 1124 835 premissis

116 851 272 882 omnibus
295 850 494 885 faciendam,
523 859 561 880 ex
582 850 689 879 officio
713 859 788 884 suo,
810 849 848 879 de
865 850 1031 879 communi
1055 858 1124 879 om-

117 903 210 933 nium
222 902 391 932 voluntate
404 902 576 940 processit,
592 910 783 940 quanquam
795 901 834 931 ab
847 901 960 931 eodem
972 910 1047 939 rege
1060 901 1124 931 sihi

115 956 236 986 fuisset
259 954 442 984 inhibitum
468 963 508 983 ne
534 954 568 983 in
597 953 816 992 inquisitione
840 953 1030 991 procederet
1056 962 1125 991 me,-

116 1013 260 1043 morata;
277 1012 318 1042 et,
342 1011 443 1037 testes
460 1016 559 1045 super
575 1006 642 1035 hiis
658 1006 737 1036 hinc
757 1006 834 1036 inde
850 1006 1024 1044 productos
1046 1015 1126 1044 pru-

117 1061 232 1092 denter
249 1060 458 1093 examinans,
476 1060 700 1098 depositiones
722 1068 835 1089 eorum
859 1059 919 1089 sub
942 1059 1052 1097 sigillo
1072 1059 1126 1088 in-

117 1113 238 1149 clusas,
256 1122 331 1144 cum
350 1113 569 1152 inquisitione
582 1111 777 1143 auctoritate
789 1112 923 1143 concilii
935 1113 1027 1151 prius
1039 1113 1125 1142 facta

117 1171 149 1198 et
167 1170 233 1197 toto
251 1175 407 1205 processu
425 1175 482 1204 per
503 1175 578 1196 eum
600 1165 724 1200 habit-o,
746 1166 785 1195 ad
801 1174 860 1196 nos
877 1165 969 1195 duxit.
984 1165 1126 1196 fideliter

118 1219 404 1249 transmittendas.
421 1219 490 1249 Nos
506 1219 620 1256 igitur,
637 1218 723 1248 dicta
737 1218 872 1248 testium
888 1222 919 1248 et
934 1226 1126 1256 processum

118 1271 311 1312 hujusmodi
335 1280 394 1310 per
412 1271 637 1302 venerabilem
660 1272 797 1300 fratrem
820 1275 970 1300 nostrum
992 1294 1010 1299 ..
1030 1270 1126 1301 Sabi-

118 1333 259 1355 nensem
275 1324 482 1363 episcopum,
502 1324 556 1353 cui
575 1324 744 1362 negotium
759 1324 869 1362 ipsum
885 1323 1124 1358 commisimus,

118 1377 280 1408 facientes
311 1376 512 1409 examinari,
539 1380 635 1414 prout
659 1376 828 1411 convenit,
853 1375 1045 1414 diligenter,
1069 1384 1127 1414 per

119 1431 249 1462 fidelem
270 1431 465 1461 relationem
487 1431 594 1469 ipsius
617 1431 820 1461 sufficienter
838 1431 1009 1466 instructi,
1028 1440 1128 1469 super

119 1484 186 1514 hiis
211 1493 286 1514 cum
310 1484 471 1514 fratribus
498 1483 621 1513 nostris
647 1483 885 1513 deliberatione
915 1483 1029 1513 habita
1050 1483 1128 1513 dili-

119 1537 224 1575 genti,
245 1536 284 1567 de
306 1537 456 1575 ipsorum
471 1536 623 1571 consilio,
641 1545 716 1566 cum
733 1536 829 1574 plene
846 1536 885 1566 de
901 1536 1058 1574 predictis
1074 1536 1128 1565 in-

115 1589 215 1628 juriis
231 1589 335 1619 illatis
354 1589 479 1619 eisdem
497 1589 650 1627 episcopo
667 1593 698 1619 et
714 1589 853 1619 ecclesie
870 1589 966 1619 nobis
982 1593 1125 1623 constet,

117 1642 316 1680 premissam
345 1641 603 1680 appellationem
632 1641 672 1671 ab
696 1641 811 1672 eodem
836 1642 1033 1672 Belvacensi
1058 1641 1128 1679 epi-

119 1703 216 1733 scopo
236 1695 467 1733 interpositam
484 1694 694 1725 decernimus
710 1694 894 1732 legitimam
916 1694 1076 1729 extitisse,
1098 1698 1127 1724 et

66 1750 70 1753 ⁴
119 1747 278 1786 quicquid
293 1748 418 1777 factum
435 1751 484 1777 est
503 1751 616 1777 contra
635 1747 751 1786 ipsam,
771 1747 904 1785 penitus
921 1756 986 1777 non
1006 1747 1127 1777 valere.

118 1800 192 1830 Dat.
208 1799 363 1833 Viterbii,
380 1800 430 1830 XI
444 1799 605 1830 kalendas
621 1799 748 1838 aprilis,
769 1809 855 1829 anno
872 1800 1010 1830 decimo.
1034 1812 1046 1825 »

190 1969 311 1998 3053
684 1969 816 2003 Viterbe,
833 1969 866 1996 22
883 1978 961 1997 mars
976 1970 1056 1996 1236.

156 2033 189 2059 In
203 2032 329 2059 eundem
347 2033 406 2059 fere
422 2032 542 2058 modum
561 2053 578 2058 ..
596 2031 796 2064 archiepiscopo
812 2031 936 2057 Remensz’
949 2034 972 2056 et
989 2032 1130 2064 suffraqa-

121 2081 180 2106 neis
189 2081 248 2106 suis
263 2080 387 2107 mandat
400 2082 544 2114 quatenus
561 2079 746 2113 praedictum
763 2079 958 2106 interdictum
973 2080 1131 2107 observent

121 2131 150 2156 et
168 2128 319 2156 observari
334 2128 366 2155 in
382 2128 454 2155 locis
475 2128 506 2155 in
528 2136 616 2162 regno
637 2127 808 2155 constitutis
827 2136 843 2155 a
863 2128 924 2155 suis
942 2128 1069 2156 subditis
1086 2129 1130 2155 fa-

121 2178 213 2205 ciant.
230 2178 298 2204 Dat.
316 2180 348 2204 ut
364 2185 461 2211 supra.
478 2192 509 2196 —
524 2177 669 2209 (Monam
682 2177 762 2209 1191,
778 2178 798 2203 i.
813 2177 852 2207 8.)

193 2342 313 2371 3⁰54
685 2344 818 2378 Viterbe,
834 2344 868 2371 22
885 2353 962 2371 mars
978 2345 1057 2372 1236.

158 2405 192 2432 In
207 2404 334 2432 eundem
351 2406 411 2432 fere
424 2405 545 2432 modum
558 2427 576 2432 ..
588 2407 708 2440 episcopo
722 2405 908 2443 Suessionensi
919 2407 1042 2434 mandat
1057 2416 1130 2442 qua-

122 2454 224 2486 tenuS,
241 2453 266 2480 si
284 2453 358 2480 dicti
376 2454 614 2488 archiepiscopus
633 2453 813 2490 [Remensis]
828 2458 857 2482 et
872 2456 935 2489 ejus
951 2455 1130 2490 suffraganei

121 2504 312 2536 praeceptum
327 2503 523 2536 apostolieum
535 2503 571 2529 de
582 2503 742 2531 interdicto
755 2504 940 2538 neglexerint
953 2505 1129 2539 adimplere,

122 2549 431 2585 interdictum-ipsum
448 2551 480 2578 in
501 2552 662 2586 praedictis
678 2552 750 2580 locis
770 2553 861 2581 faciat
882 2553 1042 2581 observari.
1060 2555 1128 2581 Dat.

122 2599 157 2625 ut
171 2605 268 2632 supra..
286 2613 318 2617 -
334 2599 478 2631 (Moru-mi
492 2599 572 2632 1191,
592 2601 613 2627 f.
629 2600 646 2626 8
658 2601 711 2632 v’.)

194 2757 312 2787 3055
686 2761 818 2794 Viterbe,
835 2762 869 2788 22
885 2770 963 2789 mars
978 2762 1058 2790 1236.

159 2820 193 2846 In
213 2820 338 2847 eundem
360 2822 419 2848 fere
443 2822 563 2849 modum
585 2823 716 2856 capitulis
731 2825 907 2849 ecclesiarum
927 2825 1132 2850 cathedralium

125 2867 260 2894 stomensis
277 2870 417 2902 provincie
434 2871 556 2898 mandat
572 2874 717 2905 quatenus
732 2872 918 2906 praedictum
937 2873 1131 2900 interdictum

125 2914 280 2943 observent
292 2919 322 2943 et
337 2916 486 2945 observari
499 2918 531 2945 in
548 2919 620 2946 locis
634 2919 665 2946 in
677 2928 764 2954 regno
778 2921 948 2948 constitutis
960 2929 977 2948 a
991 2921 1052 2948 suis
1066 2922 1132 2949 sub-

126 2963 198 2990 ditis
211 2963 332 2992 saciant.
348 2965 416 2993 Dat.
432 2969 465 2994 ut
480 2975 578 3001 supra.
596 2983 628 2987 -
647 2968 792 3000 (Monimo
812 2969 880 2997 1191
891 2991 897 3002 ,
915 2971 934 2996 f.
957 2970 972 2996 9
988 2971 1035 3001 r⁴’.)

247 3018 431 3051 onnoomn
449 3027 500 3057 1x‚
519 3031 538 3052 t.
557 3029 592 3053 11.
872 3025 879 3040 ¹

1273 372 1390 402 3056
1767 376 1898 408 Viterbc,
1915 377 1949 404 22
1966 386 2042 404 mars
2058 379 2136 406 1236.

1238 434 1428 461 Laudunensi
1445 438 1473 462 et
1488 435 1682 462 Nox-inmensi
1697 436 1841 470 episcopis
1855 437 1990 465 districte
2005 440 2125 467 mandat
2139 449 2208 475 qua-

1203 484 1288 509 tenus
1305 483 1497 510 interdictum
1514 483 1544 510 in
1561 484 1621 510 suis
1635 484 1816 511 dioecesibus
1831 490 1951 519 ponant,
1965 490 1991 513 et
2010 487 2136 521 positum
2152 497 2209 515 ser-

1203 534 1273 558 vent
1293 539 1327 558 ac
1344 531 1455 558 faciant
1471 541 1487 559 a
1510 533 1569 559 suis
1593 532 1719 559 subditis
1738 533 1982 567 irrefragabiliter
2001 536 2160 564 observari.
2178 552 2208 555 —

1203 580 1289 612 (Rae.
1307 580 1351 613 18,
1367 581 1386 607 f.
1402 581 1453 607 137
1467 584 1503 613 r⁰;
1519 590 1588 608 ann.
1608 582 1646 614 X,
1661 592 1686 608 c.
1706 583 1738 612 4:
1755 597 1786 600 —
1801 578 1933 610 Monam
1950 584 2028 616 1191,
2047 585 2138 616 f.10.)

1247 693 1258 706 «
1280 704 1298 709 ..
1318 681 1514 710 laudunensi
1530 687 1554 709 et
1574 705 1590 709 ..
1609 682 1803 710 Notion-tensi
1816 684 1968 720 episcopis.
1986 684 2131 714 Membra
2145 694 2209 715 non

1204 733 1323 763 debent
1351 743 1369 762 a
1391 742 1524 771 corpore
1552 733 1750 771 discrepare.
1778 735 1866 772 quia.
1894 735 1932 764 si.
1957 736 2100 773 pati-:nte
2126 737 2208 775 ipso,

1206 794 1271 815 non
1290 787 1319 815 ei
1337 786 1484 815 debitum
1501 786 1660 815 solacium
1678 787 1917 824 compassionis
1935 788 2162 825 impenderent
2180 793 2209 819 et

1206 840 1277 878 ejus
1294 839 1463 869 doloribus
1479 839 1706 871 condolerent,
1728 848 1791 868 non
1811 850 1882 869 esse
1901 841 2046 870 membra
2064 842 2210 880 ejusdem

1207 892 1352 929 corporis
1371 897 1565 928 argumento
1582 892 1744 929 probabili
1766 901 1799 921 se
1822 897 2058 922 monstrarent.
2082 903 2211 931 preser-

1208 944 1266 973 tim
1288 953 1362 973 cum
1388 944 1493 982 turpis
1513 944 1553 974 sit
1577 945 1685 973 omnis
1709 954 1784 982 pars
1810 954 1872 983 que
1897 955 1956 974 suo
1978 954 2041 975 non
2061 947 2211 984 congruit

1206 996 1374 1026 universo.
1396 996 1491 1026 L'ntle
1509 1001 1554 1031 tu,
1573 997 1676 1026 irater
1691 997 1936 1027 Noviomensis.
1957 998 2097 1027 dudum.
2116 1000 2212 1038 quasi

1207 1057 1273 1078 non
1290 1057 1380 1078 esses
1399 1049 1584 1078 membrum
1602 1049 1640 1079 dc
1659 1058 1804 1087 corpore.
1825 1050 2042 1080 universitate
2061 1051 2213 1081 videlicet

1208 1101 1437 1139 episcoporum
1453 1102 1628 1131 Remensis
1641 1103 1820 1140 provincie,
1838 1112 1902 1132 non
1918 1104 2102 1137 attendens,
2119 1109 2214 1142 prout

1208 1154 1373 1189 convenit,
1402 1153 1580 1192 diligenter
1603 1164 1700 1193 quam
1724 1155 1868 1191 graviter
1888 1156 1921 1184 in
1942 1155 2067 1186 lesione
2096 1156 2214 1186 Belva-

1208 1207 1318 1236 censis
1335 1206 1472 1236 ecclesie
1490 1211 1555 1236 tota
1572 1207 1756 1241 Gallicana,
1774 1208 1874 1237 immo
1890 1208 2089 1238 universalis
2106 1209 2214 1239 Eccle-

1208 1260 1259 1289 sia
1282 1259 1464 1294 tedebatur,
1493 1268 1553 1290 nec
1581 1260 1788 1290 considerato
1818 1260 1998 1298 prudenter
2024 1262 2118 1300 cujus
2145 1266 2215 1291 erat

1208 1321 1324 1348 causa,
1353 1322 1416 1351 que
1441 1313 1506 1351 ipsi
1534 1313 1671 1343 ecclesie
1700 1313 1905 1348 imminebat,
1935 1323 2009 1343 cum
2036 1323 2102 1343 non
2129 1319 2214 1345 esset

1207 1365 1351 1404 propria,
1385 1365 1443 1395 sed
1475 1365 1675 1401 communis,
1704 1366 1743 1395 ad
1766 1366 1860 1404 cujus
1885 1366 2151 1404 prosecutionem
2180 1371 2215 1396 tu

1208 1417 1290 1456 ipse,
1313 1417 1399 1448 velut
1417 1418 1579 1448 interesse
1602 1418 1771 1456 proprium
1795 1427 2016 1457 prosequens,
2036 1419 2214 1449 tenebaris.

1209 1472 1351 1501 maxime
1368 1480 1442 1501 cum
1459 1472 1512 1509 agi
1528 1480 1581 1501 res
1598 1476 1710 1500 nostra
1732 1471 1871 1507 dicatur,
1891 1472 1999 1509 paries
2017 1481 2089 1502 cum
2106 1472 2216 1510 proxi-

1210 1533 1283 1553 mus
1299 1524 1433 1554 a1·det¹:
1452 1523 1637 1554 venerabili
1651 1524 1747 1553 fratri
1767 1529 1878 1553 nostro
1898 1547 1916 1552 ..
1932 1525 2090 1554 Remensi
2112 1524 2217 1554 archi-

1211 1577 1362 1615 episcopo
1379 1581 1409 1607 et
1421 1577 1578 1615 predictis
1590 1577 1754 1615 episcopis
1765 1577 1798 1606 in
1810 1577 1998 1606 diocesibus
2011 1577 2080 1606 suis
2097 1585 2218 1614 ponen-

1213 1619 1301 1659 tibus
1335 1630 1548 1660 interdictum
1564 1653 1569 1664 ,
1597 1634 1631 1659 tu
1656 1630 1765 1668 ipsum
1791 1630 1826 1658 in
1856 1629 1981 1659 diocesi
2012 1634 2067 1659 tua
2097 1638 2218 1667 ponere

1211 1683 1360 1717 noluisti,
1379 1692 1569 1721 quanquam
1589 1683 1627 1712 de
1644 1683 1795 1721 ponendo
1815 1682 1927 1712 eodem
1947 1682 2123 1712 interdicto
2141 1691 2219 1711 con-

1211 1735 1325 1765 silium
1350 1735 1491 1770 dederis,
1517 1740 1547 1766 et
1573 1740 1602 1765 te
1629 1736 1738 1774 ipsum
1764 1735 1951 1773 positurum
1974 1735 2166 1773 promiseris
2188 1739 2219 1764 ct

1212 1789 1312 1818 etiam
1323 1793 1531 1818 servaturum
1544 1799 1549 1824 3
1564 1793 1594 1819 te
1607 1798 1749 1827 quoque,
1762 1790 1864 1818 frater
1876 1788 2120 1818 Laudunensis.
2131 1788 2218 1818 idem

1211 1842 1437 1876 interdictum,
1462 1851 1520 1880 pro
1544 1851 1581 1872 eo
1604 1842 1691 1880 quod
1713 1842 1833 1871 absens
1856 1851 1929 1871 eras
1953 1846 2030 1870 tunc
2048 1842 2216 1879 temporis,

1211 1895 1247 1924 in
1265 1899 1319 1924 tua
1336 1895 1459 1924 diocesi
1477 1903 1542 1924 non
1558 1899 1712 1932 ponente.
1731 1894 1813 1924 Cum
1830 1895 1933 1931 igitur
1950 1902 2065 1932 nuper,
2084 1898 2149 1923 tam
2164 1894 2217 1923 in-

1213 1947 1429 1986 quisitionem
1445 1956 1503 1985 per
1519 1952 1561 1977 te.
1581 1948 1684 1977 frater
1699 1947 1944 1980 Laudunensis,
1962 1951 1991 1976 et
2009 1946 2217 1976 venerabiles

1213 2000 1332 2029 fratres
1350 2004 1479 2029 nostros
1498 2023 1517 2028 ..
1534 2000 1812 2030 Suessionensem
1828 2004 1857 2029 et
1875 2022 1896 2027 ..
1915 1998 2219 2029 Cathalaunensem

1213 2052 1383 2090 episcopos
1395 2052 1526 2086 factam,
1539 2053 1733 2082 auctoritate
1746 2051 1959 2090 provincialis
1970 2051 2218 2089 concilii,quam

1212 2105 1305 2134 illam
1324 2114 1387 2143 que
1403 2114 1461 2143 per
1477 2105 1634 2134 dilectum
1657 2104 1764 2134 filium
1787 2105 1982 2142 magistrum
2005 2103 2164 2142 Heu-um]
2181 2103 2219 2133 de

1213 2158 1426 2189 Collemedio.
1450 2158 1679 2196 cappellanum
1696 2162 1863 2191 nostrum,
1889 2157 2091 2195 prepositum
2108 2157 2222 2186 Sancti

1212 2212 1406 2246 Andomarr
1433 2203 1629 2241 auctoritate
1654 2210 1833 2249 apostolica
1853 2211 1939 2239 facta
1963 2210 2038 2243 fuit,
2060 2210 2221 2240 facientes

1214 2265 1420 2300 examinare,
1446 2269 1541 2302 prout
1567 2264 1737 2297 convenit,
1761 2263 1948 2301 diligenter,
1975 2271 2031 2300 per
2054 2271 2109 2292 eas
2131 2262 2222 2292 suffi-

1213 2318 1340 2348 cienter
1355 2317 1522 2352 instructi,
1545 2326 1620 2346 cum
1636 2316 1675 2346 de
1692 2316 1798 2354 ipsius
1816 2314 1954 2345 ecclesie
1973 2314 2109 2353 injuriis
2126 2314 2221 2343 nobis

1214 2375 1352 2406 constet,
1371 2370 1409 2400 de
1425 2371 1568 2400 fratrum
1589 2373 1777 2399 nostrorum
1795 2367 1947 2402 consilio,
1966 2366 2223 2405 appellationem

1213 2434 1231 2454 a
1247 2425 1333 2454 bone
1349 2424 1507 2454 memorie
1527 2423 1689 2462 M[ilone].
1712 2421 1909 2452 Belvacensi
1927 2420 2096 2459 episcopo.
2118 2420 2223 2449 inter-

1212 2477 1366 2516 positam,
1380 2476 1626 2506 decreverimus
1637 2475 1822 2513 legitimam
1837 2473 1998 2508 extitisse,
2017 2477 2047 2502 et
2064 2472 2223 2510 quicquid

1212 2530 1338 2560 sactum
1352 2533 1401 2560 est
1412 2533 1525 2559 contra
1538 2529 1655 2567 ipsam,
1670 2527 1804 2566 penitus
1820 2535 1886 2556 non
1898 2525 2019 2559 valere,
2035 2533 2071 2554 ac
2085 2524 2221 2562 premis-

1215 2592 1289 2613 sum
1311 2582 1527 2612 interdictum
1552 2579 1821 2610 mandaverimus
1844 2576 2085 2607 inviolabiliter
2108 2576 2222 2605 obser-

1213 2635 1286 2665 vari
1305 2645 1311 2663 :
1329 2634 1526 2664 mandamus
1543 2638 1573 2663 et
1591 2632 1741 2662 districte
1761 2630 1962 2669 precipimus
1986 2632 2160 2667 quatenus,
2182 2627 2222 2656 ad

1215 2688 1354 2718 eandem
1371 2686 1556 2721 ecclesiam,
1574 2686 1676 2714 immo
1692 2684 1801 2722 potius
1821 2683 1861 2712 ad
1884 2690 1940 2711 vos
1961 2681 2050 2719 ipsos
2068 2679 2222 2709 affectum

1214 2741 1363 2771 debitum
1379 2738 1619 2778 compassionis
1636 2736 1808 2766 habentes.
1822 2734 1952 2772 ponatis
1969 2733 2003 2761 in
2019 2732 2137 2762 vestris
2154 2731 2220 2760 dio-

1216 2793 1348 2824 cesibus
1364 2792 1589 2825 interdictum,
1608 2794 1639 2820 et
1655 2789 1799 2827 positum
1817 2796 1872 2816 vos
1889 2786 1953 2824 ipsi
1970 2785 2108 2815 servetis
2125 2792 2160 2813 ac
2175 2784 2220 2812 fa-

1215 2847 1311 2877 ciatis
1344 2856 1360 2875 a
1395 2845 1514 2875 vestris
1549 2842 1691 2873 subditis
1728 2838 2005 2874 irrefracaldlsser
2037 2836 2219 2866 observari.

1251 2973 1270 2996 l.
1289 2972 1405 2997 Honar..
1421 2967 1701 2998 Epist.1,xv;:1,si..
