2423 3487
141 270 196 300 343
867 264 1107 295 Rnoisrnns
1129 263 1184 292 DE
1207 256 1429 296 GREGOERE
1454 268 1511 296 tx.
2181 267 2239 298 344

143 341 169 363 et
185 336 307 362 rebelles
322 335 503 368 procederet.
519 333 652 367 prohibet
670 336 769 359 tamen
786 335 817 359 ut
834 332 897 358 sine
918 331 1039 365 ¹speciali
1062 338 1146 356 man-

142 386 209 411 dato
223 383 381 417 apostolico
398 382 626 407 communitates
643 381 724 406 nullo
744 380 828 406 modo
844 378 1146 406 excommunicationi

142 433 189 458 vel
206 431 363 458 interdicto
383 434 542 464 supponat.
565 429 765 463 prohibitione
783 437 815 454 ea
838 428 874 454 ad
890 429 1074 454 Veronenses
1096 435 1147 453 seu

143 481 332 508 Placentinos
353 483 401 506 aut
422 479 584 505 turbatores
601 478 680 512 pacis
697 486 795 504 eorum
819 478 913 504 factae
928 477 976 503 vel
995 476 1148 503 faciendae

143 538 198 555 uon
216 528 451 562 prf·1⁷‹⁷·„·‡:111‹cla.-
467 528 552 559 (Rau.
570 526 613 554 18.
627 528 646 553 f.
662 526 713 553 138
728 530 772 554 v⁰:
788 534 857 552 ann.
872 526 916 555 X,
932 534 956 551 0.
973 525 1023 555 12:
1041 539 1073 542 ——
1091 525 1147 551 Ro-

143 585 277 604 DENBERG
292 576 366 604 684.)

183 692 194 703 «
219 701 236 706 ..
258 679 391 715 episcopo
406 678 567 706 Esculano.
589 676 747 712 Quamvis
770 675 829 704 tibi
850 684 906 713 per
922 692 971 703 —.
998 675 1072 704 Dat.
1089 674 1149 703 Vi·-

143 730 250 760 terbii.
270 731 318 759 III
336 738 440 758 nonas
458 729 587 766 aprilis.
606 737 692 757 anno
710 728 848 758 decimo.
870 740 882 753 »
918 720 919 723 ¹

212 900 332 928 3022

176 964 328 991 Militibus
344 966 371 990 et
386 964 492 997 populo
506 962 692 989 Placentinis
708 962 809 988 scribit
825 962 981 996 seipsum,
999 970 1066 988 cum
1083 962 1149 995 qui-

141 1014 209 1040 dam
226 1013 356 1047 ipsorum
376 1020 478 1046 pacem
497 1011 576 1038 inter
594 1011 671 1045 ipsos
688 1012 796 1037 tactam
814 1011 991 1042 violassent.
1009 1009 1149 1044 [Marcel-

142 1060 230 1096 lino].
247 1062 413 1088 Aesculano
434 1061 579 1095 episcopo,
597 1060 633 1087 ad
650 1059 780 1094 ipsorum
796 1062 892 1093 partes
909 1067 959 1093 pro
975 1067 1046 1093 pace
1059 1060 1149 1086 totius

142 1110 313 1145 provinciae
329 1110 491 1141 destinato,
508 1109 586 1135 inter
602 1108 661 1135 alia
680 1108 846 1142 injunxisse
859 1110 906 1141 ut,
922 1109 1048 1135 formam
1069 1108 1150 1142 pacis

141 1159 220 1186 inter
235 1159 313 1192 ipsos
330 1160 424 1185 factae
441 1158 496 1185 sibi
512 1158 623 1184 faciens
640 1157 788 1187 exhiberi,
808 1157 831 1183 si
851 1165 914 1183 eam
932 1165 982 1191 pro
998 1157 1150 1183 communi

723 899 856 932 Viterbe,
873 900 889 925 5
905 899 982 926 avril
997 899 1076 926 1236.

141 1208 274 1235 utilitate
290 1207 419 1241 partium
438 1206 586 1233 invenerit
604 1215 664 1233 esse
682 1207 801 1235 factam,
816 1206 911 1240 ipsam
930 1206 1037 1233 faceret
1053 1206 1151 1233 obser-

140 1257 222 1289 vari3
240 1256 373 1290 alioquin
388 1257 435 1282 vel
452 1255 608 1289 corrigeret
622 1264 702 1287 eam,
718 1255 741 1281 si
759 1255 880 1288 poterit,
898 1258 982 1288 prout
999 1256 1150 1283 communi

139 1305 267 1332 utilitati
291 1305 422 1339 partium
444 1304 557 1331 videret
582 1303 736 1338 expedire,
758 1304 805 1329 vel
822 1303 858 1329 de
876 1312 952 1330 novo
974 1303 1052 1331 inter
1073 1304 1151 1338 ipsos

140 1362 242 1388 pacem
260 1355 449 1383 reformaret:
465 1353 543 1379 unde
559 1361 605 1378 cos
624 1355 721 1378 monet
739 1355 765 1378 et
786 1352 919 1378 hortatur
936 1355 1095 1386 quatenus,
1113 1352 1151 1379 il-

140 1404 203 1429 lum
223 1402 349 1436 benigne
370 1401 561 1435 recipientes,
579 1401 661 1427 illius
676 1400 844 1427 salubribus
861 1400 998 1432 monitis.
1018 1401 1151 1427 consiliis

140 1455 166 1478 et
185 1451 334 1478 mandatis
350 1450 518 1477 intendant.
537 1464 568 1467 —
585 1450 671 1481 (Rau.
687 1448 735 1481 18,
754 1450 772 1475 f.
791 1449 842 1475 139
858 1452 898 1481 r⁰;
915 1457 985 1475 ann.
1001 1449 1044 1481 X,
1062 1450 1150 1481 c.13;

142 1515 173 1518 -
188 1500 321 1527 Monam*
338 1499 422 1532 1191,
442 1500 462 1525 f.
479 1499 530 1531 183
546 1513 577 1516 —
595 1499 751 1526 POTTHAST
770 1498 857 1524 26-259
869 1498 900 1529 *3
918 1513 949 1515 —
967 1498 1152 1525 RODENBERG

141 1548 216 1579 685.)

183 1664 195 1677 (ι
217 1651 364 1680 Militibus
384 1655 408 1678 el
425 1650 535 1687 populo
552 1649 751 1677 Placentinis.
773 1648 843 1677 Etsi
859 1647 1002 1677 libenter
1018 1648 1085 1678 hiis
1101 1665 1147 1676 —.

141 1705 214 1733 Dat.
232 1703 386 1737 viterbii,
408 1702 503 1731 nonis
521 1701 649 1739 aprilis,
669 1709 755 1730 anno
772 1700 899 1730 decimo
912 1702 932 1729 ¹.
956 1713 968 1726 1>

213 1874 334 1902 3⁰73

178 1939 322 1973 Episcopo
338 1938 518 1969 Aesculano,
537 1945 622 1971 quem
648 1934 852 1971 RlainaldusL
870 1936 1017 1963 Ostiensis
1039 1937 1151 1970 episco-

142 1996 212 2022 pus,
244 1986 487 2021 pronuntiaverat
513 1985 665 2012 occasione
690 1984 846 2011 occisionis
872 1985 1027 2018 cujusdam
1053 1985 1152 2012 Mem-

142 2036 246 2068 brocti,
264 2036 318 2062 filii
335 2035 510 2067 Michaelis,
527 2034 602 2061 civis
618 2033 794 2066 Aesculani,
812 2042 862 2067 per
879 2034 1042 2061 familiares
1058 2034 1152 2068 ipsius

142 2085 272 2120 episcopi
288 2086 482 2118 perpetratae,
499 2086 566 2110 nota
583 2083 630 2109 vel
648 2090 722 2108 noxa
739 2082 838 2116 aliqua
853 2091 910 2109 non
924 2083 1029 2115 teneri,
1047 2084 1152 2110 confir-

142 2136 204 2160 mat
225 2133 300 2167 quod
318 2141 368 2167 per
383 2132 519 2159 eumdem
538 2131 707 2159 Ostiensem
729 2131 898 2165 episcopum
921 2140 1007 2165 super
1024 2133 1152 2159 1100130-

142 2186 205 2209 tum
224 2183 327 2209 fuerat.
346 2197 377 2199 —
395 2182 480 2214 (Res.
500 2180 544 2213 18.
567 2182 586 2207 f.
602 2180 653 2207 139
667 2183 704 2209 r⁰z
722 2180 846 2212 31111.Χ,
864 2188 888 2206 c.
906 2180 963 2211 14.)

725 1873 857 1905 Viterbe,
875 1872 891 1899 8
906 1873 983 1899 avril
1000 1873 1078 1900 1236.

186 2296 198 2309 «
217 2306 234 2311 ..
252 2284 386 2320 episcopo
400 2283 560 2311 Esculano.
578 2281 821 2312 Accedentilms
837 2281 917 2311 olim
934 2281 973 2311 ad
986 2282 1153 2319 Apostoli-

143 2345 215 2366 cam
226 2336 342 2366 Sedem
353 2335 522 2364 nobilibus
532 2335 613 2364 viris
624 2334 787 2365 Michaele
800 2343 836 2364 ac
847 2334 992 2365 Jonatha
1001 2335 1153 2373 Gregorii

144 2394 173 2419 et
191 2388 389 2428 quibusdam
407 2388 482 2417 aliis
499 2388 628 2417 civibus
647 2387 833 2417 Esculanis.
847 2396 883 2417 30
897 2387 992 2417 nobis
1009 2388 1154 2425 graviter

144 2441 426 2481 conquerentibus
439 2441 526 2480 quod
538 2441 704 2479 quondam
718 2441 952 2471 Membroctus.
967 2441 1057 2471 filius
1074 2442 1154 2471 dicti

144 2494 330 2529 Michaelis,
347 2502 403 2532 per
418 2493 603 2523 familiares
618 2498 701 2523 tuos.
721 2497 751 2522 tc
769 2493 958 2528 mandante,
976 2494 1154 2524 1110131111-

145 2548 313 2577 terfectus.
334 2555 392 2576 nos
410 2546 664 2585 inquisitionem
683 2550 794 2575 contra
813 2550 940 2575 actores
960 2550 988 2575 et
1006 2547 1153 2577 fautores

150 2600 231 2629 tanti
260 2599 395 2629 sceleris
423 2608 480 2637 per
505 2598 662 2628 dilectum
686 2598 792 2627 filium
818 2603 967 2628 nostrum
994 2599 1153 2638 sunniat-

144 2653 246 2690 dum]
259 2652 346 2682 tituli
359 2652 471 2682 Sancti
484 2651 656 2681 Laurentii
668 2651 702 2680 in
715 2651 841 2680 Lucina
852 2651 1074 2689 presbiterum
1086 2661 1152 2682 car-

144 2705 301 2735 dinalem.
314 2705 460 2734 Mart-hie
473 2705 913 2739 ,511100111131101001010111,οΧ
925 2704 1031 2734 officio
1041 2709 1153 2735 nostro

145 2758 217 2788 fieri
250 2758 481 2787 mandavimus
513 2757 713 2795 generalem.
748 2757 972 2795 Inquisitione
1006 2767 1081 2787 vero
1114 2759 1153 2788 ab

145 2811 258 2841 eodem
276 2810 437 2840 cardinali
457 2819 556 2848 super
574 2810 633 2839 1100
654 2810 765 2839 habita
784 2810 948 2848 diligenti,
970 2815 998 2840 01
1021 2820 1083 2849 quc
1100 2812 1153 2840 in-

179 2930 198 2952 1.
217 2932 264 2952 MS.
282 2938 288 2952 .-
303 2936 386 2951 nono.

1230 331 1331 360 venit.
1346 332 1440 362 nobis
1453 339 1482 362 01
1501 334 1660 363 fratribus
1674 333 1796 363 nostris
1810 333 1952 363 fideliter
1965 334 2124 363 recitatis.
2139 342 2239 364 vene-

1231 383 1346 413 rahilis
1365 385 1467 415 frater
1486 390 1597 416 noster
1615 387 1668 419 Β..
1686 386 1852 415 Ostiensis
1874 386 2062 424 episcopus,
2081 387 2159 424 quia
2181 395 2239 424 per

1231 445 1267 466 03
1283 446 1345 475 que
1360 442 1430 467 acta
1445 443 1474 467 ct
1490 438 1625 476 probata
1638 439 1771 467 fuerant
1783 446 1892 467 coram
1906 438 2067 468 cardinali
2078 439 2236 476 predicto,

1231 497 1296 518 non
1322 489 1513 519 invenimus
1536 500 1593 528 per
1611 499 1674 529 que
1697 490 1785 519 sama
1808 495 1862 519 tua
1880 490 1913 519 iu
1931 490 2043 529 aliquo
2060 491 2237 525 deleretur,

1230 541 1268 571 de
1294 543 1431 580 speciali
1458 543 1611 573 mamiato
1637 548 1765 578 nostro,
1788 552 1852 573 non
1879 543 2030 574 obstante
2057 544 2143 582 quod
2168 544 2239 574 dies

1231 595 1336 624 extitit
1366 596 1521 626 feriatus.
1542 596 1769 634 pronuntiavit
1795 600 1825 626 te
1851 596 2042 635 huJ'usmodi
2066 597 2238 627 occasione

1231 652 1306 677 nota
1331 648 1381 678 vel
1407 657 1488 678 noxa
1513 649 1624 688 aliqua
1646 658 1711 679 non
1734 649 1850 679 teneri.
1876 650 1944 679 Nos
1962 649 2076 687 igitur,
2095 649 2181 688 quod
2197 649 2237 679 ab

1231 701 1344 731 eodem
1371 702 1523 740 episcopo
1545 711 1644 740 super
1667 702 1727 732 hoc
1751 702 1874 732 factum
1896 707 1954 738 est,
1980 706 2089 732 ratum
2112 701 2239 732 haben-

1231 757 1296 784 tes.
1314 754 1347 783 id
1364 754 1559 784 auctoritate
1576 755 1755 792 apostolica
1775 755 2010 784 confirmamus
2027 759 2058 785 et
2073 755 2239 793 presentis

1232 807 1346 845 scripti
1363 807 1546 845 patrocinio
1563 808 1818 838 communimus.
1832 807 1926 838 Nulli
1940 817 2016 846 ergo
2034 812 2144 837 nostre
2163 816 2241 837 con-

1231 860 1430 890 firmationis
1456 865 1516 890 etc.
1542 861 1577 891 Si
1599 862 1674 900 quis
1700 866 1809 891 autem
1834 866 1894 891 etc.
1921 862 1993 891 Dat.
2018 861 2177 896 Yiterbii,
2195 861 2241 891 VI

1232 913 1307 943 idus
1324 913 1451 951 aprilis,
1471 923 1557 944 anno
1575 914 1713 944 decimo.
1736 926 1748 940 ›>

1305 1085 1423 1113 3⁰74
1814 1086 1951 1119 Viterbe,
1968 1087 1984 1113 4
1999 1087 2077 1114 avril
2090 1086 2169 1114 1236.

1268 1148 1370 1175 Electo
1388 1148 1548 1175 Bisuntino
1565 1148 1687 1175 mandat
1708 1151 1852 1183 quatenus
1871 1157 1928 1175 non
1945 1149 2099 1183 permittat
2119 1152 2152 1176 ut
2175 1149 2242 1177 Ste-

1233 1198 1364 1231 phanus,
1382 1205 1478 1224 comes
1494 1197 1700 1231 Burgundiae,
1717 1197 1937 1231 crucesignatus
1948 1219 1954 1230 ,
1970 1197 2112 1231 quamdiu
2127 1197 2159 1224 in
2175 1205 2242 1232 pro-

1233 1246 1383 1273 secutione
1400 1245 1494 1272 crucis
1511 1246 1670 1278 exstiterit.
1689 1246 1870 1278 molestetur,
1885 1248 1913 1272 et
1929 1245 2099 1280 specialiter
2112 1246 2148 1272 ad
2161 1245 2242 1280 judi-

1233 1303 1279 1321 ces
1296 1295 1545 1321 extraordinarios
1565 1296 1613 1321 vel
1636 1294 1725 1321 etiam
1745 1303 1761 1321 3
1779 1294 1854 1321 Sede
1873 1294 2045 1328 Apostolica
2065 1294 2242 1331 delegandos

1233 1343 1264 1370 in
1281 1351 1399 1370 causam
1414 1344 1558 1370 trahatur.
1575 1358 1606 1361 —
1621 1343 1707 1374 (Bm.
1725 1342 1769 1375 18,
1786 1343 1804 1368 f.
1823 1342 1874 1369 139
1890 1346 1936 1374 v⁰3
1951 1351 2021 1369 ann.
2039 1343 2082 1375 X,
2099 1351 2124 1369 0.
2142 1342 2192 1375 15;
2210 1357 2242 1361 -

1233 1392 1366 1419 Monam
1383 1392 1462 1419 1191.
1480 1393 1499 1418 f.
1517 1392 1567 1423 16:
1586 1406 1617 1410 —
1632 1392 1789 1419 Pommsr
1802 1391 1912 1422 10136.)

1276 1506 1287 1519 (ι
1309 1493 1357 1532 [..]
1374 1494 1462 1522 electo
1478 1493 1652 1522 Bsszmtino.
1673 1492 1756 1523 Cum
1775 1501 1833 1522 nos
1849 1500 2008 1530 personas
2025 1496 2056 1522 et
2072 1492 2157 1522 bona
2173 1500 2244 1522 om-

1234 1546 1327 1575 nium
1353 1546 1658 1583 crucesignatorum
1683 1545 1744 1575 sub
1768 1545 1972 1583 protectione
1998 1545 2244 1583 susceperimus

1232 1599 1421 1637 Apostolice
1434 1598 1528 1629 Sedis
1546 1602 1576 1628 et
1593 1603 1717 1633 nostra,
1731 1602 1915 1628 statuentes
1928 1602 1974 1634 ut,
1986 1598 2089 1628 donec
2102 1597 2140 1628 de
2157 1597 2242 1636 ipso-

1233 1662 1306 1682 rum
1325 1653 1433 1682 reditu
1450 1652 1499 1682 vel
1515 1652 1607 1682 obitu
1624 1652 1810 1682 certissime
1828 1656 2056 1689 cognoscatur,
2075 1661 2113 1682 ea
2132 1651 2244 1681 onmia

1234 1706 1363 1743 integra
1385 1710 1540 1735 maneant
1558 1709 1589 1735 et.
1605 1705 1718 1744 quieta
1735 1705 1930 1740 consistant.
1949 1709 1981 1735 et
1996 1705 2137 1735 dilectus
2153 1705 2244 1735 filius

1234 1758 1357 1788 nobilis
1374 1759 1424 1787 vir
1441 1758 1641 1796 Stephanus,
1663 1767 1771 1788 comes
1790 1757 1996 1795 Burgundie,
2014 1762 2069 1787 tue
2088 1757 2241 1793 diocesis,

1235 1811 1443 1849 signaculum
1468 1811 1576 1840 crucis
1602 1811 1780 1849 acceperit,
1804 1811 1840 1840 in
1863 1811 1963 1840 Terre
1988 1811 2107 1841 Sancte
2133 1810 2245 1840 subsi-

1234 1865 1325 1894 dium
1338 1865 1558 1902 profecturus,
1568 1864 1732 1899 nonnulli,
1741 1864 1895 1894 timorem
1903 1864 2038 1894 Domini
2047 1868 2123 1894 ante
2132 1863 2244 1894 oculos

1235 1927 1300 1948 non
1323 1917 1500 1951 habentes,
1520 1917 1743 1955 crucesignati
1765 1917 1912 1956 ejusdem
1933 1917 2018 1947 bona
2038 1926 2097 1956 per
2117 1916 2245 1947 violen-

1234 1972 1315 2001 tiam
1340 1980 1455 2009 rapere
1479 1975 1509 2001 et
1533 1979 1709 2009 personam
1734 1970 1840 2009 ipsius
1865 1970 2000 2010 injuriis
2023 1970 2153 2001 afficere
2179 1979 2245 2000 non

1235 2028 1403 2054 verentur.
1421 2024 1560 2059 Verum,
1581 2032 1656 2053 curn
1673 2023 1849 2061 indignum
1868 2023 1988 2053 existat
2004 2028 2040 2053 ut
2059 2023 2131 2062 ejus
2153 2023 2246 2061 pium

1236 2081 1267 2106 et
1298 2080 1448 2106 sanctum
1482 2076 1687 2114 propositum
1719 2075 1907 2114 aliquorum
1938 2075 2245 2114 presumptionibus

1235 2129 1456 2168 perturbetur,
1475 2129 1670 2159 mandamus
1688 2133 1863 2168 quatenus,
1882 2128 2151 2167 crucesignatum
2167 2137 2246 2159 eun-

1235 2183 1308 2212 dem
1337 2183 1377 2212 ab
1405 2183 1597 2221 iniquorum
1627 2182 1934 2221 presumptionibus
1959 2186 2151 2220 protegens,
2179 2190 2245 2212 non

1234 2236 1407 2274 permittas
1434 2236 1544 2274 ipsum
1570 2235 1610 2265 ab
1636 2235 1820 2274 aliquibus,
1846 2239 1960 2265 contra
1982 2239 2095 2265 nostre
2117 2238 2246 2273 protec-

1235 2289 1337 2318 tionis
1366 2293 1395 2318 et
1424 2289 1673 2319 constitutionis
1701 2294 1859 2324 tenorem,
1889 2288 2037 2318 indebite
2062 2287 2244 2324 molestari,

1234 2341 1465 2372 molestatores
1490 2341 1682 2381 hujusmodi
1704 2351 1761 2380 per
1778 2350 1954 2372 censuram
1973 2341 2244 2377 ecclesiasticam,

1235 2394 1456 2433 appellatione
1472 2395 1665 2433 postposita,
1677 2394 1924 2433 compescendo.
1943 2394 2110 2430 Ceterum,
2126 2394 2155 2424 si
2171 2403 2247 2424 cru-

1235 2447 1426 2485 cesignatus
1438 2447 1509 2486 ipse
1522 2448 1561 2477 ad
1572 2448 1768 2486 111-0513111135
1782 2456 1901 2477 usuras
1912 2447 2101 2486 juramento
2115 2449 2247 2477 tenetur

1236 2500 1408 2535 astrictus,
1428 2504 1483 2530 aut
1500 2501 1529 2530 si
1547 2501 1724 2539 quisquam
1741 2500 1942 2530 creditorum
1958 2509 2032 2530 eum
2049 2499 2089 2529 ad
2108 2499 2248 2530 solutio-

1235 2562 1311 2583 nem
1327 2553 1471 2591 coegerit
1487 2563 1682 2589 usurarum,
1701 2553 1880 2583 creditores
1897 2553 2004 2591 ipsius
2022 2557 2058 2582 ut
2077 2552 2107 2583 01
2131 2552 2247 2583 1011111-

1236 2610 1304 2635 tant
1326 2607 1503 2645 prestitum
1523 2607 1751 2646 juramentum
1774 2610 1805 2636 et
1826 2606 1865 2635 ab
1881 2615 2059 2636 usurarum
2076 2605 2247 2636 exactione

1235 2659 1397 2688 desistant
1415 2668 1450 2689 ac
1467 2660 1647 2690 restituant
1664 2660 1711 2689 510
1728 2663 1865 2695 extorta,
1882 2658 1986 2689 simili
2000 2667 2142 2688 censura
2157 2666 2247 2688 com-

1234 2711 1349 2750 pellas,
1363 2713 1487 2743 Judeos
1499 2713 1539 2743 ad
1550 2713 1768 2743 remittendas
1783 2721 1901 2742 usuras
1914 2721 1973 2750 pcr
1985 2711 2246 2741 subtractionem

1235 2766 1480 2795 communionis
1508 2766 1656 2796 fidelium
1682 2765 1922 2795 nichilominus
1948 2764 2184 2802 compellendo.
2211 2763 2247 2794 Si

1235 2826 1312 2847 vero
1332 2806 1449 2848 Judeis
1472 2819 1581 2848 debita
1605 2820 1721 2858 nequit
1744 2819 1871 2849 solvere
1887 2819 1921 2848 in
1937 2817 2101 2856 presenti,
2123 2825 2247 2855 usque-

1236 2879 1301 2908 quo
1322 2870 1360 2900 de
1384 2871 1490 2908 ipsius
1511 2871 1603 2901 obitu
1619 2872 1670 2902 vel
1687 2872 1796 2902 reditu
1813 2871 1999 2901 certissime
2016 2873 2245 2908 cognoscatur,

1235 2932 1413 2953 usurarum
1438 2925 1644 2955 incommoda
1670 2935 1735 2955 non
1754 2926 1914 2960 incurrat,
1933 2923 2112 2962 compulsis
2130 2923 2246 2954 Judeis
