2519 3518
105 322 164 353 893

106 387 280 418 hominum
297 389 403 428 ipsius
426 391 524 425 edita,
553 392 591 422 de
618 393 857 431 capitularibus
886 395 956 425 suis
987 395 1113 425 radant.

106 441 165 471 itta
181 441 232 472 vel
245 442 371 472 similia
390 452 454 473 non
473 444 605 479 facturi,
629 449 659 475 et
676 446 773 476 factis
790 455 863 476 cum
882 447 1046 486 scriptura
1065 448 1114 478 vel

106 495 180 525 sine
196 495 357 534 scriptura
373 496 411 526 de
428 502 535 527 cetero
553 507 617 527 non
637 499 746 534 usuri.7
767 499 823 529 sed
841 500 966 530 nullius
983 501 1115 539 penitus

105 547 174 577 sint
187 548 326 583 valoris,
348 558 407 579 nec
423 550 601 580 extendant
623 560 741 581 manus
759 561 836 581 suas
854 553 894 581 ad
907 553 1113 591 jurisdictio-

107 609 182 631 nem
203 602 236 631 in
261 603 357 632 terris
385 602 435 633 vel
458 602 551 633 locis.
574 612 633 633 seu
657 605 806 642 personis
840 605 1035 636 clericorum
1064 606 1113 637 vel

106 654 278 689 laicorum,
296 655 336 685 ad
353 656 494 686 eundem
517 656 709 695 episcopum
737 658 969 696 pertinentem,
998 659 1048 689 vel
1065 660 1114 689 fa-

106 707 210 738 miliis
239 708 430 738 eorundem.
467 710 616 739 Potestas
641 714 751 739 autem
786 715 815 740 et
845 711 1029 741 consiliarii
1056 721 1114 750 pro

106 764 251 799 tempore
273 761 464 795 existentes,
489 761 523 790 in
553 762 716 800 principio
740 763 914 799 regiminis
943 765 1114 803 sui,jura-

106 813 188 843 bunt
203 813 290 852 quod
307 823 371 844 non
395 814 517 845 facient
534 819 657 845 statuta
678 815 868 854 hujusmodi
887 821 915 846 et
934 817 1030 847 factis
1047 826 1112 847 non

106 870 252 896 utentur.
273 867 367 902 Item,
386 871 421 896 ut
443 867 601 897 universa
624 872 746 898 statuta
773 873 803 898 et.
831 869 1050 907 obligationes
1076 879 1111 900 ac

106 918 344 957 promissiones
364 920 451 949 facta
474 929 531 958 pro
550 921 769 958 potestatibus
787 921 837 951 vcl
853 922 1037 952 rectoribus
1055 932 1111 953 seu

103 971 303 1002 officialibus
320 973 510 1007 eorundem,
530 973 582 1003 vel
603 973 771 1012 aliquibus
787 975 938 1012 personis
963 975 1113 1013 singula-

107 1024 198 1055 ribus
216 1025 388 1054 servandis
409 1025 645 1064 indempnibus
660 1036 718 1064 per
731 1035 915 1057 commune.
934 1027 963 1057 si
979 1027 1112 1066 aliquod

104 1077 283 1116 dampnum
308 1077 509 1108 incurrerint
539 1087 575 1108 ex
598 1088 635 1108 eo
659 1079 744 1118 quod
765 1079 881 1118 iniqua
909 1085 1031 1110 statuta
1053 1089 1111 1110 seu

105 1135 257 1169 precepta
272 1130 324 1161 vel
346 1131 474 1160 faciunt
497 1136 553 1161 aut
581 1137 789 1170 exequuntur
805 1137 859 1162 aut
885 1138 1030 1167 servant,
1054 1142 1110 1171 pe-

105 1183 196 1213 nitus
211 1183 250 1213 de
267 1183 506 1222 capitularibus
526 1184 596 1213 suis
615 1184 743 1219 radant,
773 1184 830 1214 illa
850 1185 902 1215 vel
931 1185 1055 1215 similia
1071 1185 1109 1215 de

102 1240 211 1266 cetero
228 1245 292 1266 nou
311 1236 442 1266 facturi.
466 1237 560 1271 Item,
589 1237 752 1274 precipias
774 1237 822 1267 eis
839 1241 873 1266 ut
895 1242 1039 1267 mercata
1057 1247 1110 1268 re—

103 1289 260 1324 stituant,
291 1298 354 1327 que
385 1294 631 1319 consueverunt
657 1289 730 1319 fieri
763 1290 848 1327 apud
879 1290 1051 1328 Bugellam
1079 1296 1110 1321 et

101 1341 257 1372 Sanctam
286 1342 480 1379 Agathaml,
510 1342 632 1379 burgos
658 1343 803 1381 episcopi
827 1343 1019 1381 supradicti,
1053 1344 1109 1374 de-

99 1394 236 1424 structis
254 1399 284 1424 et
297 1395 458 1424 revocatis
474 1395 609 1424 omnino
626 1395 780 1425 mercatis
796 1395 970 1426 Cabaliace
987 1400 1017 1425 et
1030 1396 1109 1426 San-

98 1446 218 1477 diliani
233 1450 256 1481 ²,
274 1456 337 1486 que
354 1452 468 1477 contra
490 1447 549 1477 illa
574 1452 603 1477 et
633 1447 668 1476 in
692 1447 949 1478 destructionem
975 1448 1109 1478 illorum

98 1504 176 1530 sunt
193 1500 280 1530 facta
310 1504 340 1530 et
363 1500 530 1535 ordinata;
554 1500 619 1530 alia
641 1509 706 1530 non
733 1501 855 1530 facturi
876 1501 915 1531 de
936 1505 1056 1535 cetero,
1074 1501 1108 1531 in

95 1553 277 1591 dampnum
305 1561 364 1583 seu
393 1552 614 1592 prejudicium
646 1553 752 1591 ipsius
776 1553 920 1592 episcopi
940 1558 970 1583 et
1000 1554 1108 1584 homi-

101 1614 180 1635 num
197 1614 344 1639 suorum,
361 1605 394 1634 in
419 1605 500 1635 locis
526 1605 658 1641 vicinis,
691 1611 805 1636 contra
832 1607 1108 1637 consuetudinem

99 1658 259 1689 hactenus
287 1658 518 1697 approbatam3
553 1668 613 1689 nec
638 1659 750 1698 aliquo
775 1659 870 1689 modo
884 1659 1108 1698 prohibebunt

97 1711 250 1742 homines
267 1711 413 1742 civitatis
436 1711 488 1741 vel
507 1711 589 1741 alios
606 1721 665 1742 sue
679 1712 906 1751 jurisdictioni
929 1713 1105 1752 subjectos,

44 1764 49 1767 '
97 1764 133 1793 in
149 1764 287 1795 emendo
304 1769 335 1795 et
352 1764 524 1794 vendendo
545 1769 576 1794 et
592 1764 668 1794 aliis
687 1765 923 1800 contractibus,
943 1766 977 1795 in
999 1766 1107 1795 omni-

97 1817 159 1848 bus
174 1817 331 1847 mercatis
347 1821 377 1847 et
395 1817 556 1847 nundinis
579 1827 615 1847 ac
638 1817 719 1847 alibi
732 1819 977 1848 communicare
1002 1818 1106 1849 libere

95 1870 290 1900 hominibus
314 1871 458 1909 episcopi
491 1871 682 1906 memorati,
708 1879 768 1901 nec
799 1871 938 1909 predicti
960 1871 1105 1910 episcopi

33 1956 54 1963 Γ
95 1923 283 1953 hominesa
311 1923 466 1953 mercatis
499 1932 557 1953 sue
585 1923 829 1962 jurisdictionis
854 1923 1043 1959 excludent;
1074 1929 1103 1954 et

96 1985 160 2006 non
177 1976 399 2015 prohibebunt
416 1985 476 2007 nec
493 1976 675 2015 impedient
691 1977 802 2011 etiam,
818 1985 881 2015 que
898 1977 932 2006 in
952 1977 1103 2007 districtu

94 2029 301 2060 Vercellensi
320 2035 476 2060 emuntur
505 2029 555 2060 vel
583 2029 674 2059 alibi.
705 2038 761 2059 seu
793 2029 831 2059 de
858 2029 1028 2059 laboribus
1053 2030 1105 2060 vel

95 2082 281 2112 redditibus
311 2082 507 2112 clericorum
539 2087 569 2112 et
592 2082 764 2112 hominum
793 2082 938 2120 episcopi
965 2083 1104 2120 predicti

95 2125 305 2173 proveniunt.
332 2144 390 2166 seu
416 2135 498 2165 alias
527 2144 579 2165 res
599 2135 747 2173 ipsorum
776 2135 921 2173 episcopi
948 2139 977 2164 et
1006 2135 1104 2165 cleri-

93 2196 208 2218 corum
237 2197 274 2218 ac
295 2188 480 2223 hominum,
513 2188 553 2217 ad
576 2187 646 2217 loca
671 2187 819 2225 ipsorum
839 2187 942 2217 libere
972 2196 1007 2217 ac
1031 2188 1103 2217 sine

94 2242 356 2271 contradictione
383 2241 518 2271 deferri.
551 2240 719 2278 Precipias
745 2249 875 2278 quoque
902 2241 984 2278 ipsis
1017 2241 1103 2279 quod

95 2295 287 2325 reedificent
310 2294 534 2324 castellacium
557 2303 656 2332 prope
675 2295 848 2323 Verucam.
867 2293 953 2332 quod
969 2294 1034 2332 ipsi
1051 2294 1103 2324 de-

93 2342 332 2378 struxeruntet
346 2347 611 2381 combusserunt,
625 2351 656 2376 et
668 2352 732 2376 tam
749 2347 858 2384 ipsum
873 2355 971 2384 quam
987 2355 1102 2377 omnes

95 2401 310 2436 munitiones,
329 2405 449 2430 turres.
475 2404 583 2430 castra
600 2404 629 2429 et
649 2399 718 2429 loca
747 2399 854 2436 ipsius
875 2399 1020 2437 episcopi
1039 2408 1101 2438 que

90 2458 348 2492 occupaverunt,
372 2453 444 2482 sine
467 2462 558 2482 mora
582 2452 759 2482 restituant
786 2456 814 2481 et
835 2451 869 2480 in
894 2460 972 2489 pace
989 2451 1102 2481 dimit-

94 2509 181 2541 tant,
205 2506 293 2536 acin
313 2514 349 2536 eo
374 2510 461 2535 statu
483 2509 652 2543 reparent,
685 2513 749 2542 quo
770 2503 996 2541 occupationis
1020 2507 1102 2533 tem-

93 2567 171 2596 pore
199 2559 396 2589 extiterunt:
427 2563 457 2588 et
485 2558 674 2587 reedificent
704 2556 861 2586 ecclesias
892 2565 927 2585 ac
955 2556 1019 2585 alia
1047 2556 1101 2594 pia

93 2611 175 2647 loca,
193 2612 278 2642 sicut
295 2616 388 2641 erant
407 2610 644 2641 destructionis
662 2615 818 2648 tempore.
843 2618 906 2648 que
934 2609 998 2647 ipsi
1017 2618 1101 2639 ausu

54 2660 58 2665 “
91 2664 256 2694 diabolico
272 2664 522 2699 destruxerunt;
543 2673 580 2694 ac
603 2664 781 2693 restituant
797 2667 826 2692 et
845 2662 1020 2692 emendent
1036 2662 1101 2700 ipsi

89 2717 244 2756 episcopo
261 2727 375 2748 omnes
391 2717 519 2756 predas,
549 2717 714 2747 collectas.
738 2716 831 2745 fodra
849 2720 878 2745 et
897 2715 1018 2745 banna.
1037 2724 1099 2753 que

92 2770 303 2801 abstulerunt
317 2776 347 2801 et
363 2771 551 2801 habuerunt
569 2780 587 2800 a
603 2770 733 2800 clericis
756 2774 785 2799 et
802 2769 994 2799 hominibus
1011 2769 1100 2807 ejus-

90 2823 166 2853 dem
182 2824 346 2862 episcopi;
375 2833 412 2854 ac
441 2823 537 2862 plene
563 2823 771 2853 satisfaciant
799 2822 837 2851 de
867 2821 1018 2859 dampnis
1035 2830 1098 2859 que

128 2949 148 2972 l.
163 2950 248 2973 Biella
263 2954 290 2974 et
306 2950 336 2974 S.
354 2951 440 2980 Agara
452 2956 535 2980 sopra
551 2949 704 2975 Cannobio,
721 2954 795 2978 prov.
811 2947 844 2971 de
861 2946 979 2970 Novare.

123 2992 148 3016 2.
165 2993 295 3023 Gavagtia
309 2997 334 3017 et
349 2993 541 3023 Sandigtiano,
558 2999 633 3023 prov.
651 2992 684 3015 de
702 2991 820 3015 Nox-are.

968 322 1160 359 oxzimffl
1183 324 1341 361 ANNEE.

1147 913 1154 1157 ι

2143 341 2202 372 894

1199 396 1285 426 idem
1303 398 1476 438 episcopus
1493 405 1523 430 et
1537 401 1660 438 clerici,
1679 403 1850 434 castellani
1878 410 1907 435 et
1926 405 2076 437 homines
2093 407 2126 437 in
2143 408 2201 438 do-

1199 449 1319 485 mibus,
1337 451 1548 487 molendinis,
1566 455 1707 486 edificiis
1727 456 1913 493 destructis,
1937 459 2055 494 vineis,
2077 460 2199 490 arbori-

1199 501 1270 537 bus,
1288 502 1406 539 bladis,
1439 506 1647 544 captionibus
1675 518 1892 546 personarum
1922 516 1952 540 et
1982 511 2058 542 aliis
2089 513 2199 547 rebus.

1197 564 1254 592 per
1270 564 1324 586 eos
1341 566 1399 587 seu
1416 559 1588 590 occasione
1605 560 1752 598 ipsorum
1769 563 2068 603 Vercellen[sium].
2087 566 2199 596 subie-

1198 612 1291 643 runt;
1320 610 1405 639 etde
1428 610 1531 641 illatis
1550 612 1685 652 injuriis
1705 615 1829 645 eisdem
1846 616 1997 654 episcopo
2013 623 2043 647 et
2061 618 2199 649 ecclesie

1197 661 1403 692 satisfaciant
1441 670 1680 702 competenter;
1719 676 1771 700 ac,

1196 722 1278 751 quos
1301 715 1446 752 captivos
1463 716 1622 752 detinent,
1641 719 1798 754 libertati,
1820 721 1964 752 relaxent
1982 724 2092 753 omnia
2105 724 2198 763 jura—

1196 770 1307 796 menta
1329 776 1392 806 que
1409 775 1601 807 receperunt
1625 771 1665 801 ab
1682 772 1873 804 hominibus
1895 775 1972 804 dicti
1992 776 2147 815 episcopi,
2163 782 2197 807 ut

1196 818 1244 848 eis
1260 818 1472 850 intenderent
1489 826 1519 852 et
1535 824 1642 861 quoad
1660 825 1926 863 jurisdictionem
1950 829 2123 859 subessent
2140 841 2145 865 ς
2166 837 2197 861 et

1195 870 1365 901 absolvant
1390 874 1564 905 universos
1586 877 1643 915 qui
1666 882 1777 908 tenent
1798 881 2025 917 possessiones
2045 883 2084 911 ab
2108 883 2196 921 epis-

1195 933 1283 962 copo,
1317 934 1374 955 seu
1404 926 1526 957 liabent
1554 929 1721 960 domicilia
1747 932 1781 961 in
1807 936 1892 962 terra
1920 934 2195 973 etjurisdictione

1194 976 1311 1014 ipsius,
1330 988 1412 1016 quos
1437 980 1470 1008 in
1499 989 1576 1010 suos
1599 989 1794 1021 receperunt
1812 984 2014 1017 habitatores
2040 993 2069 1017 et
2093 989 2193 1024 cives,

1194 1028 1234 1058 ab
1255 1030 1409 1061 omnibus
1439 1032 1700 1070 obligationibus
1727 1045 1763 1065 ac
1791 1037 2068 1074 promissionibus
2098 1041 2194 1071 factis

1193 1082 1333 1118 eisdem3
1355 1088 1385 1113 ct
1396 1093 1451 1114 eos
1466 1085 1498 1114 in
1514 1095 1593 1123 pace
1609 1087 1674 1125 ipsi
1688 1089 1850 1127 episcopo,
1866 1099 1940 1120 cum
1956 1093 2045 1121 omni
2059 1093 2193 1129 honore,

1192 1134 1345 1165 districtu
1372 1141 1401 1166 et
1421 1137 1666 1176 jurisdictione,
1688 1141 1720 1170 in
1740 1142 1837 1172 terris
1860 1143 1894 1172 in
1920 1145 2041 1182 quibus
2057 1155 2197 1177 consue-

1194 1192 1311 1217 verunt
1328 1197 1412 1224 esse,
1428 1191 1500 1220 sine
1517 1192 1665 1229 qualibet
1690 1194 1919 1226 molestatione
1937 1197 2118 1228 dimittant:
2137 1209 2195 1229 nec

1192 1240 1230 1269 de
1261 1245 1369 1271 cetero
1400 1243 1563 1281 recipiant
1592 1245 1722 1284 aliquos
1751 1247 1786 1276 in
1816 1257 1893 1278 suos
1920 1248 2123 1281 habitatores
2146 1252 2197 1281 vel

1192 1293 1281 1323 cives
1301 1293 1336 1322 in
1358 1295 1429 1333 eJus
1452 1296 1684 1334 prejudicium,
1703 1299 1826 1338 absque
1851 1302 2070 1339 requisitione
2091 1304 2196 1341 ipsius

1192 1345 1338 1384 episcopi
1355 1351 1385 1376 et
1401 1356 1581 1385 consensu3
1606 1359 1666 1380 nec
1682 1351 1844 1390 denegent
1860 1354 2017 1391 predictis
2033 1356 2195 1395 episcopo,

1191 1397 1322 1428 clericis
1346 1404 1376 1429 et
1400 1400 1593 1432 bominibus
1614 1404 1781 1442 justitiam
1805 1406 1970 1437 exhibere.
1998 1417 2070 1437 cum
2099 1418 2198 1448 super

1191 1449 1251 1480 hoc
1268 1451 1394 1482 fuerint
1417 1454 1584 1492 requisiti.
1609 1457 1777 1495 Precipias
1800 1467 1929 1497 quoque
1947 1460 2040 1498 ipsis.
2067 1462 2128 1491 sub
2145 1462 2197 1492 de-

1191 1502 1261 1532 bito
1275 1505 1407 1542 prestiti
1421 1506 1615 1544 juramenti,
1633 1513 1667 1538 ut
1681 1509 1757 1548 jura
1779 1515 1810 1540 et
1832 1511 1986 1547 honores,
2013 1515 2197 1551 possessio-

1192 1564 1250 1585 nes
1267 1561 1299 1586 et.
1313 1557 1399 1587 bona
1415 1559 1561 1598 episcopi
1587 1561 1625 1591 de
1651 1566 1760 1592 cetero
1777 1572 1841 1593 non
1859 1570 2017 1603 occupent
2037 1566 2087 1596 vel
2106 1567 2195 1597 inva—

1190 1608 1279 1644 dant,
1296 1618 1356 1639 nec
1380 1613 1619 1650 occupantibus
1645 1614 1697 1644 vel
1718 1615 1954 1647 invadentibus
1977 1618 2106 1648 nullum
2122 1629 2196 1657 pre-

1190 1666 1277 1691 stent
1295 1663 1467 1699 auxilium,
1490 1666 1667 1696 consilium
1685 1667 1735 1698 vel
1755 1669 1913 1705 favorem,
1932 1671 1989 1700 sed
2007 1672 2070 1709 [ea]
2087 1673 2195 1710 potius

1190 1719 1427 1746 manuteneant
1457 1724 1488 1747 et
1519 1718 1710 1749 defendant.
1751 1722 1902 1752 Predicta
1936 1733 2012 1753 vero
2040 1725 2195 1755 mandata

1189 1773 1354 1805 ponantur
1369 1770 1404 1798 in
1421 1769 1506 1800 libro
1519 1776 1715 1802 statutorum
1731 1775 1927 1805 communis.
1942 1777 2032 1806 nullo
2048 1787 2195 1816 unquam

1190 1824 1334 1858 tempore
1350 1824 1560 1853 removenda.
1580 1825 1650 1861 Que
1665 1831 1822 1863 potestas,
1843 1829 1996 1859 consules
2018 1830 2068 1859 vel
2090 1836 2196 1861 recto-

1188 1881 1240 1902 res
1257 1873 1436 1904 existentes
1452 1885 1510 1913 pro
1529 1881 1683 1915 tempore,
1703 1879 1738 1907 in
1755 1880 1918 1918 principio
1937 1882 2110 1919 regiminis
2127 1884 2190 1917 sui,

1184 1925 1296 1963 jurent
1314 1934 1348 1956 se
1365 1927 1605 1959 inviolabiliter
1620 1936 1809 1961 servaturos
1835 1937 1866 1961 et
1892 1934 2037 1964 facturos
2060 1935 2100 1964 ab
2116 1936 2192 1967 aliis

1187 1977 1373 2014 observari;
1395 1988 1455 2009 nec
1478 1980 1601 2010 facient
1617 1982 1667 2012 vel
1686 1983 1756 2013 fieri
1776 1985 1967 2022 permittent
1982 1986 2192 2025 aliquatenus

1187 2035 1301 2060 contra
1317 2040 1371 2067 ea3
1400 2037 1430 2062 et
1456 2042 1664 2065 successores
1688 2037 1883 2075 compellent
1910 2044 2058 2077 prestare
2084 2042 2193 2072 simile

1183 2083 1422 2120 juramentum.
1448 2086 1541 2122 Quod
1562 2087 1589 2117 si
1605 2088 1718 2126 jurare
1748 2090 1915 2120 noluerint
1937 2092 1987 2122 vel
2009 2093 2111 2131 jurati
2129 2104 2193 2125 non

1186 2138 1391 2168 servaverint
1416 2140 1653 2177 ιῇ111Ψ1111011111111,
1672 2151 1730 2180 pro
1755 2148 1914 2180 potestate
1932 2145 1983 2175 vel
1999 2147 2193 2177 consulibus

1187 2198 1243 2219 seu
1262 2191 1447 2222 rectoribus
1471 2192 1662 2224 nullatenus
1692 2194 1889 2230 habeantur,
1917 2202 1947 2227 et
1977 2207 2090 2228 eorum
2121 2209 2193 2230 sen·

1188 2243 1288 2272 tentie
1306 2243 1396 2274 nulle
1413 2245 1479 2274 sint
1497 2246 1569 2284 ipso
1581 2247 1668 2285 jure,
1691 2257 1750 2284 nec
1776 2249 1816 2278 ad
1836 2254 1928 2279 actus
1951 2250 2117 2288 legitimos
2135 2253 2192 2282 ad-

1186 2296 1369 2332 mittantur,
1404 2306 1464 2328 nec
1492 2299 1723 2331 Yet-cellenses
1745 2302 1793 2331 eis
1820 2303 2020 2341 juramento,
2050 2306 2191 2342 promis-

1186 2348 1279 2378 sione
1304 2349 1355 2379 vel
1379 2350 1581 2388 obligatione
1608 2353 1672 2383 alia
1698 2354 1871 2385 intendere
1899 2360 2085 2387 teneantur.
2115 2359 2189 2387 Dat.

1186 2401 1352 2437 Laterani,
1370 2402 1480 2433 idibus
1498 2404 1670 2441 februarii,
1689 2415 1775 2437 anno
1789 2408 1973 2438 undecimo.
1996 2422 2008 2435 n

1253 2578 1371 2606 4⁰88

1220 2640 1322 2667 Eidem
1342 2642 1463 2670 mandat
1485 2647 1638 2677 quatenus.
1656 2645 1680 2671 si
1701 2649 1829 2679 potestas
1844 2651 1871 2673 et
1888 2649 2044 2675 consilium
2069 2651 2188 2677 Vos-‹fet-

1184 2688 1278 2714 lenses
1295 2690 1467 2717 mandatum
1492 2693 1685 2725 apostolicum
1709 2694 1872 2727 adimplere
1894 2697 2088 2727 negtoxv-rint.
2109 2698 2189 2724 vide-

1731 2584 1851 2612 Latran.
1867 2586 1899 2611 15
1916 2587 2023 2613 sevrier
2038 2587 2116 2614 1238.

1183 2737 1251 2763 lit-et
1269 2741 1299 2764 ut
1317 2742 1425 2765 statuta
1441 2748 1502 2766 sua.
1520 2746 1678 2774 antequam
1700 2743 1898 2775 publicentur.
1919 2744 2053 2778 epis-wopa
2068 2746 2188 2772 Vercel-

1183 2785 1257 2811 leusi
1283 2790 1333 2812 aut
1358 2787 1421 2819 ejus
1447 2789 1551 2814 nuntio
1575 2790 1742 2817 ostendant.
1770 2800 1816 2815 cos
1838 2791 1874 2817 ad
1903 2792 1932 2817 id
1960 2794 2128 2826 compellat.
2156 2809 2187 2812 —

1182 2834 1268 2865 (Rae.
1297 2834 1341 2867 18,
1373 2836 1392 2861 f.
1419 2835 1470 2863 359
1495 2840 1537 2865 v':
1564 2846 1633 2863 aun.
1656 2838 1712 2865 XI.
1741 2848 1766 2864 c.
1791 2839 1858 2867 394:
1888 2854 1919 2858 —
1946 2840 2077 2868 Monfflt
2108 2842 2187 2870 1191.

1184 2882 1203 2907 f.
1221 2881 1296 2912 483.)

1224 2994 1236 3008 α
1261 2983 1377 3011 Eilem.
1408 2984 1490 3014 Cum
1518 2984 1657 3014 dilectus
1694 2986 1782 3015 filius
1818 2992 1928 3017 noster
1968 2989 2184 3030 G[uifredus].

1810 669 1971 699 restitutis
2007 670 2198 701 hominibus
2237 668 2241 671 ’
