2423 3487
172 275 229 304 395
898 268 1136 300 REGisTREs
1159 268 1213 296 DE
1236 260 1458 298 GREGomE
1482 269 1540 298 ix.
2209 269 2269 300 396

244 340 359 367 3¹61

210 402 352 436 Episcopo
367 401 521 427 Parmensi
541 400 660 425 mandat
676 402 820 433 quatenus
841 398 1031 425 Mansredum
1054 397 1179 423 Martini

786 338 885 367 Terni,
902 337 936 363 ‘26
953 337 1011 362 mai
1028 336 1106 362 1236.

173 451 208 477 ‹le
234 451 366 476 Mazano.
394 449 577 475 Fridericum
602 451 629 474 et
655 447 802 479 Florium,
827 448 984 473 monachos
1009 445 1180 472 monasterii

176 499 301 525 Sanctae
323 497 506 531 Eupltemiae
529 497 704 527 Brixiensis,
720 496 832 522 ordinis
851 496 945 522 sancti
962 495 1129 526 Benedicti,
1149 494 1179 520 in

175 547 303 580 ipsorum
325 546 459 572 abbatem
478 545 610 577 rebelles,
633 545 669 572 ab
688 545 787 571 codem
808 544 985 571 monasterio
1001 546 1137 570 amoveat
1153 546 1181 570 et

174 597 204 622 in
222 596 279 621 alia
299 595 474 621 monasteria
492 595 623 627 ejusdem
640 595 764 626 ordinis,
781 594 816 621 ad
834 593 1049 628 paenitentiam
1068 593 1179 619 ibidem

174 644 328 678 agendam,
342 645 517 675 transferat3
536 644 612 677 ipsos
622 646 654 670 ut
666 643 740 670 bona
751 643 847 669 ablata
860 643 991 676 praefato
1004 641 1181 668 monasterio

174 693 332 719 restituant
355 695 383 719 ct
406 692 441 718 de
464 692 582 718 damnis
606 695 634 718 et
658 692 778 724 iniuriis
801 691 901 718 abbati
922 690 1058 724 irrogatis
1085 690 1179 716 eidem

174 741 370 768 satisfaciant,
386 741 555 775 compellat.
574 755 605 758 —-
623 741 708 772 (Hm.
726 740 769 769 18.
790 741 808 766 t'.
826 739 877 765 158
893 742 932 770 r⁰3
951 747 1019 765 ann.
1035 738 1074 768 X,
1090 746 1114 764 c.
1130 738 1180 769 S9;

175 805 205 808 —
223 791 259 815 cf.
277 797 372 821 supra,
389 792 417 815 11⁰
431 788 524 818 2900.)

216 929 228 943 «
250 940 268 944 ..
287 918 420 954 episcopo
436 917 606 945 Parmensi.
627 915 781 945 Inaudita
799 915 964 944 Mansredi
990 915 1125 944 Martini
1143 914 1181 944 de

174 970 330 1004 Mazano,
349 969 516 999 Frederici
541 973 571 998 et
588 968 690 998 Florii
706 992 710 1003 ,
730 968 967 997 monachorum
986 967 1181 997 monasterii

175 1024 294 1053 Sancte
309 1022 491 1060 Euphemie
510 1022 707 1055 Brixiensis,
726 1021 853 1051 ordinis
873 1021 979 1050 sancti
996 1020 1179 1055 Benedicti,

174 1075 355 1105 insolentia
372 1079 521 1105 nostrum
538 1075 682 1112 graviter
699 1074 902 1113 perturbavit
921 1074 1083 1103 auditum.
1097 1074 1181 1103 Nam

175 1138 260 1163 cum,
279 1128 363 1158 sicut
383 1152 404 1156 ..
422 1128 614 1166 procurator
633 1151 651 1156 ..
671 1127 800 1157 abbatis
818 1127 965 1166 ejusdem
986 1127 1182 1157 monasterii

176 1191 236 1212 sua
258 1182 353 1211 nobis
370 1181 599 1211 insinuatione
626 1181 834 1216 monstravit,
855 1181 941 1210 idem
958 1180 1036 1209 olim
1053 1190 1110 1219 per
1127 1190 1182 1211 ve-

176 1234 359 1264 nerabilem
382 1235 519 1264 fratrem
537 1238 688 1264 nostrum
708 1257 726 1262 ..
743 1234 933 1272 episcopum
950 1233 1158 1263 Brixiensem
1174 1257 1179 1265 ,

176 1288 246 1321 cui,
272 1288 475 1318 monasterio
498 1287 645 1325 predicto
667 1291 824 1322 vacante,
851 1287 999 1326 ejusdem
1023 1287 1086 1316 loci
1104 1296 1182 1316 con-

175 1346 294 1371 ventus
306 1341 501 1379 providendi
513 1341 560 1370 eis
578 1340 615 1370 de
628 1344 757 1378 pastore
772 1340 956 1370 contulerat
969 1344 1180 1378 potestatem,

176 1395 211 1423 in
233 1394 384 1423 abbatem
409 1394 515 1431 ipsius
539 1394 735 1423 monasterii
763 1393 920 1423 canonice
951 1393 1126 1423 institutus
1152 1398 1184 1424 et

178 1452 243 1477 tam
265 1446 491 1485 spiritualium
508 1455 606 1485 quam
624 1446 855 1484 temporalium
874 1446 1021 1485 ejusdem
1038 1447 1184 1476 extiterit

177 1499 515 1529 amministrationem
538 1499 675 1538 adeptus
694 1509 699 1528 τ
723 1499 867 1533 tandem,
886 1499 1048 1529 dictorum
1069 1508 1184 1529 mona-

178 1552 326 1587 chorum,
345 1552 412 1591 qui,
430 1552 620 1581 demoniaca
639 1552 800 1590 pravitate
820 1551 947 1590 repleti,
972 1552 1043 1591 ejus
1065 1552 1122 1590 qui
1145 1552 1183 1582 de

178 1605 247 1635 celo
271 1605 401 1641 cecidit,
421 1605 515 1643 sequi
533 1605 683 1643 vestigia,
704 1604 772 1634 labi
793 1605 827 1634 in
846 1605 944 1643 primi
960 1606 1109 1643 parentis
1132 1606 1184 1635 in-

178 1658 401 1688 obedientiam
426 1662 456 1688 et
482 1662 596 1688 contra
618 1658 727 1696 ipsum
747 1658 898 1688 abbatem
925 1659 1051 1697 erigere
1077 1659 1184 1689 calca-

179 1720 278 1741 neum
294 1711 432 1740 mininie
449 1711 643 1747 timuerunt,
665 1711 793 1741 malitia
809 1712 962 1747 saciente,
981 1712 1066 1742 inibi
1084 1713 1185 1743 abba-

178 1765 220 1795 tis
238 1773 390 1795 exercere
411 1765 555 1794 officium
578 1765 700 1794 vetitus
720 1769 749 1794 et
775 1765 903 1803 prefata
927 1765 991 1795 suit
1016 1767 1185 1797 amminis-

181 1818 321 1847 tratione
343 1818 502 1855 privatus.
523 1818 580 1852 Et,
600 1817 677 1848 licet
695 1827 752 1856 pro
779 1827 815 1847 eo
840 1818 942 1856 quod,
966 1819 1052 1849 dicto
1074 1820 1186 1849 abbati

178 1870 312 1900 obedire
327 1870 489 1905 nolentes,
504 1880 569 1900 non
584 1871 819 1908 permittebant
835 1871 976 1901 eundem
990 1872 1024 1901 in
1040 1873 1186 1910 predicto

178 1923 381 1953 monasterio
397 1923 533 1961 pacifice
550 1923 754 1958 ministrare,
766 1927 833 1952 tam
849 1933 906 1961 per
923 1924 1045 1954 dictum
1064 1925 1186 1963 episco-

179 1985 256 2014 pum
273 1985 371 2015 quam
388 1985 446 2014 per
458 1976 684 2005 venerabilem
701 1976 837 2006 fratrem
856 1981 1006 2006 nostrum
1023 2001 1042 2006 ..
1063 1978 1186 2016 episco-

179 2039 256 2067 pum
274 2030 530 2067 Perganiensem
549 2034 579 2059 et
596 2038 673 2058 suos
691 2029 880 2068 conjudices
898 2039 935 2059 ac
955 2030 1038 2060 alios
1055 2031 1187 2069 delega-

179 2087 228 2112 tos
246 2092 263 2111 a
281 2082 387 2116 nobis,
404 2082 528 2120 pluries
545 2082 671 2112 fuerint
686 2083 1038 2113 excommunicationis
1054 2085 1187 2115 vinculo

178 2135 349 2170 innodati,
370 2135 516 2165 nondum
535 2140 642 2165 tamen
664 2136 770 2173 potuit
788 2145 900 2166 eorum
918 2137 1046 2167 malitia
1063 2137 1187 2176 aliqua-

180 2192 276 2218 tenus
294 2187 448 2221 emolliri,
468 2188 535 2222 sed,
559 2188 596 2218 de
614 2188 699 2218 malo
719 2188 753 2217 in
771 2188 917 2219 deterius
935 2189 1054 2220 cotidie
1075 2199 1188 2220 corru-

181 2245 289 2274 entes,
308 2244 338 2269 et
355 2240 622 2270 maledictionem
638 2241 790 2271 bibentes
813 2246 849 2271 ut
869 2251 1003 2280 aquam,
1024 2244 1187 2281 predictas

180 2293 531 2323 excommunicationis
549 2293 732 2323 sententias
745 2294 877 2332 penitus
892 2294 1109 2333 vilipendunt.
1126 2298 1188 2328 Ce-

180 2351 288 2376 terum
314 2346 437 2381 iidem,
468 2346 593 2384 pluries
622 2347 660 2376 de
687 2347 842 2377 mandato
870 2353 982 2378 nostro
1010 2350 1119 2385 citati,
1152 2356 1188 2380 ut

180 2403 312 2438 propter
350 2399 411 2428 hoc
440 2399 619 2437 apostolico
650 2409 684 2429 se
719 2401 909 2439 conspectui
940 2407 1185 2440 presentarent,

181 2461 371 2491 quanquam
388 2452 495 2481 eidem
513 2452 623 2481 abbati
641 2462 698 2490 per
715 2453 839 2482 dictum
858 2454 1047 2493 episcopum
1065 2457 1188 2494 Perga-

179 2513 328 2534 mensem
354 2508 385 2534 et
408 2513 485 2533 suos
507 2505 696 2543 conjudices
723 2506 917 2536 auctoritate
942 2512 1052 2537 nostra
1070 2510 1188 2538 ammi-

180 2557 334 2587 nistratio
357 2557 463 2595 ipsius
490 2558 683 2587 monasterii
706 2559 833 2588 reddita
848 2559 981 2598 justitia
999 2561 1101 2591 fuerit
1119 2572 1188 2592 me-

181 2610 308 2645 diante,
327 2609 360 2638 id
378 2614 487 2640 tamen
511 2610 619 2640 facere
644 2612 883 2642 contumaciter
900 2618 1077 2644 renuentes
1105 2616 1186 2645 etin

181 2667 338 2693 consueta
354 2664 571 2701 persistentes
589 2664 727 2699 malitia,
749 2666 966 2704 quorumdam
986 2668 1186 2699 secularium

182 2716 309 2747 suffulti
321 2717 479 2754 potentia,
495 2717 580 2747 bona
596 2718 702 2756 ipsius
717 2720 911 2749 monasterii
926 2720 1120 2759 dilapidant,
1138 2733 1185 2759 ac,

182 2774 332 2799 tenentes
349 2770 436 2799 idem
460 2771 698 2800 monasterium
723 2776 934 2809 occupatum,
959 2774 1106 2805 diversos
1123 2776 1188 2805 ibi-

181 2823 266 2857 dem,
285 2831 349 2851 non
367 2823 438 2852 sine
455 2824 582 2853 offensa
599 2824 732 2853 Domini
750 2825 911 2860 nominis,
930 2835 1083 2857 excessus
1100 2838 1187 2858 com-

182 2875 317 2904 mittunt
347 2880 377 2905 et
408 2875 543 2910 scelera,
573 2886 629 2914 per
655 2886 718 2915 que
755 2878 919 2915 prefatum
948 2881 1187 2911 monasterium

183 2937 314 2965 gravem
330 2928 362 2956 in
382 2928 613 2966 spiritualibus
630 2934 661 2959 et
679 2930 914 2968 temporalibus
934 2931 1187 2964 dissolutionem

1263 334 1402 371 patitur,
1420 339 1450 364 et
1471 335 1593 372 grande
1616 335 1755 364 aliorum
1777 335 1899 365 ibidem
1925 336 2147 366 habitantium
2172 345 2270 366 scan-

1264 386 1375 415 dalum
1392 392 1580 424 gmieratur⁸
1598 388 1759 424 Quocirca
1777 388 1978 417 fraternitati
1994 393 2046 418 tue
2064 398 2120 427 per
2138 393 2270 428 aposto-

1263 439 1327 468 lica
1350 440 1472 478 scripta
1498 441 1693 470 mandamus
1720 445 1900 479 quatenus,
1919 441 1947 470 si
1973 446 2019 471 est
2044 442 2105 475 ita,
2124 442 2270 480 prefatos

1263 492 1442 522 monachos
1460 493 1499 521 ab
1517 493 1630 523 eodem
1653 494 1854 523 monasterio
1874 502 2029 523 amovens
2056 498 2086 523 et
2107 494 2270 524 inducens

1264 554 1319 574 eos
1336 545 1371 574 in
1392 545 1466 575 aliis
1485 547 1698 576 monasteriis
1725 547 1871 585 ejusdem
1890 547 2033 582 ordinis,
2056 547 2095 576 ad
2118 547 2270 586 peniten-

1265 599 1343 627 tiam
1360 599 1581 637 peragendam
1601 600 1741 634 ibidem,
1759 600 1848 638 ipsos
1865 605 1900 629 ut
1916 600 2001 630 bona
2019 600 2127 630 ablata
2143 601 2271 639 pretato

1264 653 1465 681 monasterio
1482 653 1660 682 restituant
1677 658 1708 683 et
1725 653 1762 683 de
1780 653 1932 691 dampnis
1957 658 1987 683 et
2009 654 2143 693 injuriis
2159 654 2270 684 abbati

1263 705 1419 742 irrogatis
1444 705 1550 735 eidem
1573 706 1790 741 satisfaciant,
1816 706 1999 736 monitione
2024 707 2195 744 premissa,
2214 716 2273 745 per

1264 766 1437 787 censuram
1457 758 1728 793 ecclesiasticam,
1745 758 1965 796 appellatione
1980 763 2114 789 remota.
2133 759 2271 797 compel-

1263 810 1326 845 las,
1347 815 1377 840 et
1396 811 1519 840 dictum
1537 811 1689 841 abbatem
1709 811 1846 849 pacifica
1871 811 1973 841 facias
1995 812 2115 849 prefati
2138 821 2271 842 monas—

1265 863 1339 893 terii
1356 864 1567 901 possessione
1584 864 1738 901 gaudere,
1757 864 1909 893 invocato
1927 864 1965 893 ad
1982 864 2144 894 dictorum
2161 873 2273 894 mona-

1264 916 1400 946 chorum
1420 916 1634 946 insolentiam
1652 917 1939 954 compescendam,
1961 918 1988 946 si
2006 926 2141 947 necesse
2157 917 2270 951 fuerit,

1264 969 1388 998 auxilio
1413 969 1541 999 brachii
1568 969 1740 999 secularis.
1765 969 2033 1000 Contradictores
2049 974 2109 999 etc.
2129 987 2177 998 —-.
2196 971 2272 1000 Dat.

1265 1023 1471 1058 Interamne‚
1490 1023 1553 1052 VII
1574 1022 1733 1052 kalendas
1753 1022 1858 1061 junii,
1879 1031 1964 1052 anno
1981 1022 2119 1051 decimo.
2140 1034 2151 1047 n

1335 1254 1455 1282 3¹62
1881 1254 1980 1287 Terni,
1997 1253 2030 1280 28
2047 1253 2106 1280 mai
2122 1253 2200 1280 1236.

1299 1325 1530 1358 Areliiepiseopo
1553 1324 1740 1351 Narbonensi
1765 1324 1887 1351 mandat
1909 1326 2053 1358 quatenus
2077 1324 2272 1350 senescallum

1265 1373 1427 1401 Bellicadri
1442 1376 1470 1400 et
1486 1373 1559 1400 alios
1575 1373 1689 1400 balivos
1705 1373 1779 1407 regis
1796 1373 1986 1405 Francorum,
2004 1372 2161 1406 pedagium
2179 1372 2275 1399 Sanc-

1265 1426 1312 1449 tae
1328 1422 1442 1455 Crucis,
1460 1430 1513 1448 nec
1530 1430 1587 1448 non
1604 1421 1748 1456 quaedam
1765 1426 1861 1448 eastra
1876 1423 1904 1448 et
1920 1421 2009 1447 villas
2024 1420 2182 1447 comitatus
2198 1420 2273 1448 Mel—

1266 1470 1339 1505 gorii
1360 1473 1388 1497 et
1408 1470 1521 1497 Montis
1543 1470 1701 1502 Ferrandi,
1724 1478 1810 1504 quem
1834 1470 1924 1497 Sedes
1944 1468 2117 1503 Apostolica
2138 1468 2277 1503 episeopo

1265 1520 1471 1553 Magaloneusi
1486 1519 1539 1546 sub
1555 1528 1652 1546 annuo
1669 1527 1758 1546 censu
1772 1519 1975 1551 commiserat,
1990 1520 2178 1552 occupantes,
2193 1525 2274 1544 com-

1266 1569 1358 1603 pellat
1373 1571 1406 1596 ut
1422 1577 1455 1595 ea
1476 1569 1635 1595 restituant
1651 1570 1679 1594 et
1693 1568 1728 1594 de
1741 1568 1860 1594 damnis
1874 1567 2070 1594 satisfaciant.
2084 1567 2214 1599 —(R13c.
2228 1565 2274 1599 18,

1266 1619 1286 1644 ft
1299 1618 1350 1646 158
1362 1621 1401 1650 r“;
1417 1626 1486 1644 ann.
1502 1618 1541 1650 X,
1556 1626 1580 1643 e.
1598 1617 1646 1648 90;
1665 1632 1695 1634 —
1713 1617 1845 1644 MonEAU
1860 1616 1944 1648 1191,
1961 1617 1980 1642 f.
1995 1616 2053 1647 55.)

1310 1784 1321 1798 ιι
1344 1795 1362 1800 ..
1381 1772 1606 1809 archiepiscopo
1631 1771 1831 1800 Narbonensi.
1849 1768 2061 1799 Yenerabilis
2077 1769 2180 1799 frater
2199 1777 2277 1798 nos-

1269 1829 1317 1855 ter
1343 1849 1362 1854 ..
1388 1824 1635 1862 Magalonensis
1655 1824 1828 1862 episcopus
1852 1832 1910 1861 per
1933 1832 2010 1852 suas
2033 1822 2128 1853 nobis
2146 1822 2279 1853 litteras

1268 1877 1437 1906 intimavit
1452 1876 1539 1915 quod
1568 1899 1587 1904 ..
1617 1875 1820 1906 senescallus
1838 1874 2017 1905 Bellicadri
2043 1879 2073 1905 et
2094 1874 2152 1904 alii
2174 1874 2277 1904 balivi

1268 1930 1435 1960 carissimi
1452 1930 1487 1958 in
1504 1929 1636 1960 Christo
1658 1929 1719 1958 filii
1745 1928 1850 1958 nostri
1869 1951 1887 1957 ..
1906 1928 2049 1957 illustris
2067 1928 2154 1966 regis
2176 1929 2276 1958 Fran-

1269 1983 1338 2018 cie,
1373 1982 1587 2021 iniquitatem
1621 1991 1659 2012 ex
1688 1985 1905 2020 preconcepta
1929 1981 2058 2010 malitia
2086 1981 2275 2019 parientes,

1268 2035 1446 2074 pedagium
1472 2035 1590 2065 Sancte
1614 2034 1742 2069 Crucis,
1769 2043 1829 2063 nec
1856 2042 1920 2063 non
1948 2037 2056 2063 castra
2078 2033 2218 2072 quedam
2246 2037 2278 2064 et

1270 2089 1367 2118 villas
1392 2088 1568 2118 comitatus
1599 2087 1752 2125 Melgorii
1779 2092 1809 2117 et
1835 2087 1957 2117 Montis
1983 2087 2160 2121 Ferrandi,
2179 2095 2277 2125 quem

1271 2142 1419 2172 custodie
1451 2141 1557 2179 ipsius
1590 2141 1735 2180 episcopi
1764 2141 1825 2171 sub
1850 2149 1961 2170 annuo
1993 2149 2095 2170 censu
2123 2140 2278 2170 duximus

1270 2195 1555 2227 committendum,
1573 2204 1631 2232 per
1648 2194 1839 2224 violentiam
1856 2197 2059 2231 occuparunt
2076 2201 2179 2231 eaque
2198 2192 2277 2223 deti-

1271 2257 1348 2278 nere
1361 2252 1567 2286 presumunt,
1583 2247 1618 2276 in
1630 2247 1790 2286 injuriam
1804 2247 1953 2276 Romane
1966 2245 2112 2276 Ecclesie
2126 2249 2157 2275 et
2169 2246 2281 2283 Maga-

1269 2301 1419 2331 lonensis
1436 2299 1574 2330 ecclesie
1596 2299 1770 2330 lesionem.
1789 2300 1827 2329 Et
1843 2298 1920 2329 licet
1942 2308 1960 2328 a
1984 2304 2014 2329 te
2039 2307 2076 2328 ac
2094 2297 2278 2328 venerabili

1269 2355 1371 2384 fratre
1399 2358 1510 2383 nostro
1536 2377 1554 2382 ..
1584 2353 1769 2383 Viennensi
1795 2352 2061 2390 archiepiscopo,
2089 2351 2280 2390 Apostolice

1270 2407 1365 2438 Sedis
1392 2407 1516 2445 legato,
1540 2411 1570 2436 et
1592 2405 1764 2436 nonnullis
1791 2405 1867 2435 aliis
1897 2405 2113 2435 ecclesiarum
2141 2403 2280 2443 prelatis

1270 2468 1368 2498 super
1395 2459 1456 2489 hoc
1482 2459 1600 2489 moniti
1628 2459 1754 2488 fuerint
1781 2458 1978 2496 diligenter,
2002 2457 2149 2487 nondum
2169 2460 2278 2486 tamen

1269 2517 1447 2551 potuerunt
1459 2512 1499 2542 ad
1510 2512 1776 2542 emendationem
1792 2511 1917 2546 induci,
1937 2511 2005 2542 sed,
2020 2513 2153 2549 peccata
2166 2517 2279 2548 pecca-

1270 2566 1312 2596 tis
1330 2565 1498 2600 addentes,
1516 2565 1602 2595 bona
1619 2565 1794 2594 comitatus
1811 2564 1917 2602 ipsius
1939 2564 2111 2593 destruere
2131 2571 2197 2592 non
2221 2561 2282 2591 de-

1270 2620 1404 2650 sistunt.
1431 2619 1516 2655 Quia
1543 2628 1619 2648 vero
1647 2628 1726 2652 nos,
1755 2618 1811 2656 qui
1840 2617 1915 2647 aliis
1942 2616 2095 2646 volumus
2121 2624 2182 2646 sua
2202 2615 2280 2654 jura

1270 2672 1408 2707 servari,
1437 2672 1568 2710 propria
1594 2671 1762 2709 negligere
1791 2679 1855 2699 non
1879 2670 2053 2704 debemus,
2075 2667 2280 2698 fraternitati

1269 2730 1323 2755 tue
1342 2734 1399 2763 per
1422 2724 1601 2763 apostolica
1619 2724 1741 2762 scripta
1763 2723 1958 2752 mandamus
1977 2726 2140 2760 quatenus
2163 2729 2282 2751 senes-

1270 2778 1438 2808 callumset
1455 2777 1582 2806 balivos
1600 2777 1731 2806 eosdem
1750 2780 1784 2805 ut
1806 2779 1963 2813 occupata
1988 2783 2062 2804 cum
2088 2773 2280 2811 integritate

1270 2831 1449 2861 restituant
1470 2835 1501 2860 et
1525 2830 1564 2860 de
1583 2829 1735 2867 dampnis
1762 2828 1971 2858 satisfaciant
1991 2830 2214 2864 competenter
2228 2842 2280 2860 —,

1271 2883 1459 2921 compellas,
1483 2883 1556 2912 Dat.
1582 2883 1791 2917 Inter-amne,
1818 2882 1846 2910 V
1871 2879 2030 2909 kalendas
2054 2879 2160 2918 junii,
2193 2886 2284 2907 anno

1272 2936 1410 2966 decimo.
1429 2948 1441 2961 »
