2423 3487
177 298 225 327 191
894 290 1132 322 REGISTRES
1153 289 1208 318 DE
1231 280 1452 318 GREGOIRE
1476 290 1535 319 IX.
1823 316 1828 318 .
2210 287 2263 318 192

177 364 263 392 dum.
282 363 321 391 At
342 362 439 390 iidem
454 361 597 399 judices,
616 360 709 398 juxta
727 359 873 388 mandati
891 358 995 387 nostri
1011 361 1172 389 tenorem,

176 419 299 444 certum
318 413 464 450 partibus
486 413 662 441 terminum
684 412 900 449 prefixerunt,
926 420 989 448 quo
1010 413 1121 438 nostro
1141 415 1175 436 sc

176 465 363 503 conspectui
381 469 619 502 presentarent.
638 464 701 493 Sed
723 464 830 493 dictus
849 463 1042 492 vicecomes.
1062 460 1174 490 termi-

178 527 253 547 num
271 518 377 555 ipsum
397 517 608 554 preveniens,
634 516 725 545 nulla
748 516 832 545 sacta
849 515 1016 545 mentione
1033 514 1070 543 de
1091 513 1173 550 ipso,

176 570 332 608 quasdam
352 580 369 598 a
391 569 484 598 nobis
510 578 608 606 super
631 568 849 606 appellatione
867 577 926 597 sua
942 567 981 596 ad
1001 589 1020 594 ..
1041 566 1176 594 thesau-

177 623 310 652 rarium.
327 626 355 649 et
368 645 384 649 ..
399 622 621 650 subdecanum
635 625 663 650 et
679 621 873 658 magistrum
888 618 1175 656 R..gi·ani0a1·iun1

177 675 287 703 sam-u
309 674 442 703 Martini
458 674 673 708 Turonensis,
691 673 818 702 litteras
836 672 1035 710 impetravit.
1054 672 1176 700 Procu-

177 732 282 756 ratore
300 727 402 761 igitur
420 726 586 755 comitisse
604 727 728 764 prefate
744 726 778 754 in
799 730 909 755 nostra
926 723 1091 762 presentia
1107 731 1176 760 pre-

177 781 236 808 11Χο
254 779 317 808 sibi
335 779 473 807 termino
488 782 706 816 comparente.
726 787 784 807 nos
802 776 1023 807 venerabilem
1042 776 1177 804 fratrem

176 836 322 861 nostrum
348 831 582 868 lt[ainaldum],
607 831 793 860 Ostiensem
817 830 1021 867 episcopum,
1046 828 1075 857 ei
1099 836 1176 856 con-

176 884 336 913 cessimus
354 883 554 917 auditorem;
573 892 681 912 coram
699 891 762 920 quo
782 882 867 911 idem
880 881 973 919 petiit
986 883 1177 918 procurator

176 936 364 974 hujusmodi
390 935 533 969 litteras,
560 939 669 972 utpote
694 935 830 964 veritate
853 934 950 963 tacita
971 934 1175 971 impetratas,

176 994 206 1018 et
225 998 336 1018 earum
353 996 542 1026 processum
559 988 593 1016 in
612 987 743 1016 irritum
760 987 922 1021 revocari,
941 990 969 1016 et
990 986 1114 1015 dictum
1128 985 1177 1014 vi-

175 1041 365 1071 cecomitem
401 1045 565 1079 tamquam
595 1044 820 1070 contumacem
851 1040 885 1068 in
918 1039 1070 1077 expensis
1100 1047 1177 1068 con-

176 1093 346 1131 dempnari
369 1093 543 1130 legitimis,
565 1102 638 1122 eum
663 1092 697 1121 in
717 1096 838 1122 statuto
860 1092 924 1121 sibi
948 1091 1088 1121 termino
1106 1091 1178 1120 ido-

176 1155 275 1176 neum
315 1155 379 1175 non
418 1146 547 1175 miserit
588 1145 832 1183 responsalem.
871 1145 929 1174 sed
967 1144 1102 1182 quidam
1139 1143 1179 1173 ad

176 1199 419 1237 impetrandum
451 1203 481 1228 et
515 1199 806 1228 contradicendum
844 1198 1011 1227 dumtaxat
1048 1206 1105 1235 pro
1141 1206 1178 1227 eo

177 1252 394 1290 comparuerit
412 1255 619 1290 procurator:
645 1260 681 1281 ac
704 1251 851 1289 insuper,
877 1260 951 1280 cum
971 1251 1057 1280 dicta
1077 1250 1179 1280 comi-

177 1305 268 1339 tissa,
286 1309 416 1343 propter
432 1304 569 1341 diffugia
589 1309 619 1333 ct
643 1303 803 1333 malitiam
825 1304 927 1341 partis
948 1304 1099 1334 adverse.
1121 1313 1179 1333 ne-

178 1366 342 1396 quaquam
362 1366 454 1386 suam
474 1357 760 1395 possetjustitiam
777 1356 937 1391 obtinere,
958 1360 1060 1385 totum
1080 1365 1180 1393 nego-

179 1410 259 1439 tium
296 1410 336 1439 ad
373 1410 490 1439 Sedem
529 1409 713 1447 postulabat
752 1409 974 1447 Apostolicam
1012 1409 1178 1444 revocari,

178 1467 387 1501 procuratore
405 1463 482 1491 dicti
502 1462 705 1492 vicecomitis
728 1471 765 1492 ex
789 1462 925 1492 adverso
946 1462 1092 1500 predicta
1115 1470 1180 1491 non

179 1515 296 1545 debere
322 1515 393 1545 fieri
420 1519 633 1553 proponente.
662 1515 753 1544 Idem
779 1524 855 1544 vero
885 1515 1025 1549 auditor,
1059 1514 1180 1544 auditis

180 1568 257 1597 hinc
277 1568 353 1597 inde
376 1567 565 1605 propositis,
582 1567 703 1597 litteris
721 1567 909 1605 apostolicis
927 1572 955 1597 et
974 1568 1049 1597 data
1068 1576 1181 1597 earum

179 1620 533 1658 diligenter-inspectis,
547 1620 731 1650 rationibus
745 1624 773 1649 et
791 1620 1046 1658 allegationibus
1056 1620 1181 1650 utrius-

180 1682 242 1713 que
259 1674 361 1712 partis
377 1673 508 1711 plenius
527 1673 720 1709 intellectis,
740 1674 835 1703 nobis
852 1683 887 1703 ea
905 1674 1047 1703 fide-liter
1062 1674 1182 1704 recita-

180 1727 235 1756 vit.
253 1727 320 1756 Nos
337 1727 448 1764 igitur,
467 1727 657 1765 hujusmodi
670 1727 808 1756 malitiis
825 1731 855 1756 et
872 1727 1019 1764 diffugiis
1035 1727 1180 1759 obviare,

181 1784 210 1809 et
227 1780 358 1818 utrique
380 1780 465 1818 parti
488 1780 665 1810 salubriter
687 1781 858 1818 providere
884 1790 919 1810 ac
945 1781 1042 1810 finem
1066 1780 1181 1810 litibus

179 1833 347 1870 imponere
364 1833 544 1870 cupientes⁷
562 1836 664 1862 totum
682 1833 861 1870 negotium.
878 1837 908 1863 et
925 1842 1038 1863 omnes
1054 1833 1182 1863 litteras

178 1890 208 1915 et
224 1894 396 1923 processus
414 1885 544 1914 habitos
565 1894 622 1923 per
644 1885 792 1920 easdem,
818 1885 907 1915 salvo
924 1886 998 1924 jure
1022 1895 1181 1923 expensa-

177 1947 249 1967 rum
263 1938 429 1967 comitisse
443 1938 579 1975 prefate.
594 1938 633 1967 ad
647 1947 783 1968 examen
798 1938 951 1967 duximus
965 1938 1181 1976 apostolicum

178 1991 407 2020 revocandum.
436 1990 596 2026 Quocirca
623 1990 816 2020 discretioni
843 1995 895 2020 tue
923 2000 980 2029 per
1003 1990 1182 2029 apostolica

177 2043 299 2081 scripta
322 2043 517 2072 mandamus
543 2047 707 2081 quatenus
732 2043 881 2081 partibus
907 2044 1085 2073 terminum
1107 2053 1182 2082 per-

177 2096 373 2134 emptorium
404 2096 545 2134 primam
575 2096 774 2125 dominicam
805 2097 1063 2134 Quadragesime
1097 2098 1182 2128 assi-

178 2158 277 2187 gnare
292 2158 458 2187 procures,
475 2158 538 2187 quo
552 2158 609 2186 per
624 2158 657 2178 se
671 2148 721 2178 vel
736 2158 792 2187 per
804 2154 1032 2187 procuratores
1046 2150 1182 2181 idoneos

178 2202 380 2231 sufficienter
396 2201 586 2236 instructos,
605 2210 678 2231 cum
696 2202 820 2232 eisdem
839 2202 960 2232 litteris
977 2207 1007 2233 et
1023 2204 1183 2241 processi-

178 2254 251 2289 bus,
269 2254 423 2284 omnibus
439 2254 655 2283 munimentis
675 2259 705 2284 et
721 2255 907 2285 rationibus
924 2256 1005 2286 suis.
1024 2260 1136 2286 nostro
1148 2266 1183 2287 se

179 2307 369 2345 conspectui
387 2311 626 2345 representent,
648 2316 746 2345 super
762 2307 935 2345 premissis
949 2308 1115 2347 justitiam
1131 2319 1183 2339 re-

178 2364 321 2398 cepture.
353 2361 425 2389 Dat.
457 2359 689 2398 Interamn[e],
720 2361 765 2390 XI
796 2360 954 2391 kalendas
981 2362 1180 2397 novembris,

175 2421 263 2444 anno
279 2420 376 2443 nono.
393 2425 405 2439 >›

250 2637 370 2666 2820
735 2640 835 2673 Terni,
851 2640 885 2667 25
900 2640 1016 2668 octobre
1029 2641 1108 2668 1235.

212 2704 322 2732 Abbati
342 2705 443 2732 Bellae
462 2706 573 2739 Vallis,
598 2707 899 2734 Praemonstratensis
922 2707 1049 2740 ordinis,
1072 2708 1182 2735 Niver-

178 2753 277 2779 nensis
295 2753 445 2787 dioecesis,
464 2755 585 2782 mandat
601 2758 755 2789 quatenus,
772 2755 849 2782 inita
864 2756 1016 2783 amicabili
1037 2757 1182 2791 composi—

178 2800 256 2827 tione
286 2801 362 2828 inter
389 2806 499 2836 partes,
526 2804 664 2830 comitem
688 2804 905 2830 Niverncnsem
934 2807 962 2830 et
987 2805 1180 2839 comitissam,

178 2849 239 2883 ejus
252 2858 383 2883 uxorem,
398 2851 434 2878 ab
447 2852 763 2879 excommunicationis
776 2852 924 2879 sententia
936 2852 1080 2886 absolvat,
1093 2862 1181 2887 quam

178 2897 266 2925 abbas
281 2899 383 2926 Sancti
399 2901 541 2927 ,Iohannis
558 2902 736 2928 Scnonensis
750 2904 777 2928 et
794 2902 855 2935 ejus
876 2902 1003 2935 collegae
1023 2902 1054 2928 in
1069 2910 1114 2929 eos
1130 2911 1181 2937 pro

180 2947 255 2973 facto
271 2948 410 2975 ccclesiae
425 2949 648 2976 virziliacensis
668 2951 808 2977 tulerant.
829 2965 860 2968 —
879 2951 965 2982 (REG.
988 2950 1030 2982 18,
1052 2952 1072 2977 f.
1093 2951 1124 2978 81
1142 2956 1181 2984 r⁰;

1256 362 1324 380 ann.
1343 355 1399 382 IX.
1417 364 1441 381 0.
1459 355 1510 381 ‘267
1526 356 1581 382 bis:
1598 370 1629 373 —
1647 356 1683 381 ct.
1707 362 1802 387 supra,
1822 363 1850 381 n.
1868 354 1929 387 579,
1948 354 2027 387 1162,
2049 355 2132 388 1369,
2153 354 2223 382 13ῗο
2235 357 2264 382 et

1256 402 1348 433 2089.)

1299 515 1311 528 <1
1329 525 1348 530 ..
1366 504 1467 531 abbati
1483 504 1560 532 Belle.
1580 505 1680 539 l'allis,
1697 505 1988 533 Prcmonslralcnsis
2003 505 2138 539 ordinis,
2155 506 2266 534 Nicer-

1259 557 1361 584 nensis
1377 557 1511 585 diocesis.
1530 556 1612 587 Cum
1633 555 1755 585 nobilis
1774 556 1823 585 vir
1840 579 1859 584 ..
1877 564 1985 586 comes
2003 561 2030 586 et
2056 580 2075 585 ..
2097 566 2177 587 uxor
2193 557 2265 596 ejus

1258 608 1428 637 comitissa
1448 609 1674 638 Nivcrnenses
1691 608 1817 638 suerint
1836 618 1893 646 pro
1909 609 2141 639 Virziliacensi
2161 609 2266 640 eccle-

1259 661 1309 690 sia
1325 670 1382 698 per
1401 684 1418 689 ..
1439 661 1591 691 abbatem
1611 662 1723 691 Sancti
1741 661 1907 692 Johannis
1926 662 2131 692 Senonensis
2147 667 2178 692 et
2195 663 2267 702 ejus

1258 713 1412 750 collegas,
1428 714 1594 751 delegatos
1607 723 1623 743 a
1638 714 1745 749 nobis,
1764 714 1897 743 vinculo
1914 715 2266 745 excommunicationis

1259 765 1386 794 astricti
1416 769 1444 795 et
1467 774 1580 795 eorum
1604 771 1691 795 terra
1715 766 1885 804 supposita
1905 766 2098 801 interdicto,
2120 776 2156 796 ac
2176 772 2267 805 post-

1258 818 1409 853 modum,
1441 818 1525 847 inita
1552 818 1791 856 compositione
1822 819 1990 848 amicabili
2023 819 2110 849 inter
2137 824 2265 858 partes,

1257 871 1384 910 judices
1401 871 1465 909 ipsi
1489 872 1673 901 sententias
1691 881 1768 901 suas
1791 872 1945 902 duxerint
1962 871 2173 908 relaxandas,
2195 881 2266 908 nos,

1260 933 1373 953 eorum
1396 924 1496 953 saluti
1521 924 1652 962 plenius
1674 924 1846 962 providere
1872 924 2031 960 volentes,
2055 934 2129 955 cum
2150 925 2185 954 in
2208 925 2270 955 du-

1259 977 1350 1006 bium
1368 977 1536 1016 aliquibus
1551 977 1690 1012 venerit,
1707 987 1748 1007 an
1765 978 1847 1016 ipsis
1864 978 2033 1015 potuerint
2049 977 2270 1008 absolutionis

1259 1029 1459 1059 beneficium
1489 1030 1670 1068 impertiri,
1701 1030 1895 1060 discretioni
1926 1035 1979 1061 tue
2006 1039 2064 1069 per
2089 1030 2271 1069 apostolica

1260 1082 1383 1120 scripta
1408 1083 1604 1112 mandamus
1632 1087 1797 1121 quatenus
1829 1082 1983 1112 comitem
2009 1087 2039 1112 et
2064 1083 2270 1113 comitissam

1259 1135 1423 1172 predictos
1450 1135 1601 1165 absolvas
1627 1135 1671 1165 'ab
1698 1135 1890 1174 hujusmodi
1918 1135 2270 1165 excommunicationis

1260 1189 1448 1224 sententiis,
1469 1189 1541 1219 sine
1561 1189 1752 1219 difficultate
1770 1188 1928 1227 qualibet,
1948 1189 1988 1218 ad
2003 1189 2177 1224 cautelam,
2199 1197 2270 1219 mo-

1261 1241 1368 1270 nendo
1391 1240 1533 1270 sollicite
1556 1241 1709 1270 comitem
1728 1244 1947 1270 memoratum
1963 1244 2014 1276 ut,
2037 1250 2111 1270 cum
2127 1249 2165 1271 ex
2181 1249 2270 1271 com-

1260 1294 1424 1331 positione
1443 1294 1571 1331 prefata
1587 1294 1732 1331 graviter
1748 1294 1877 1323 dicatur
1893 1293 2034 1324 ecclesia.
2050 1294 2122 1332 ipsa
2137 1294 2217 1330 lesa,
2238 1298 2270 1325 et

1260 1346 1358 1380 idem,
1373 1347 1468 1383 signo
1482 1347 1589 1376 crucis
1603 1351 1782 1385 assumpto,
1797 1356 1973 1385 personam
1990 1351 2021 1376 et
2036 1346 2101 1376 alia.
2114 1346 2200 1376 hona
2211 1356 2273 1377 sua

1261 1399 1449 1436 exposuerit
1465 1399 1601 1429 servitio
1617 1399 1723 1429 Jhcsu
1740 1399 1881 1435 Christi,
1902 1399 1949 1429 sic
1965 1399 2000 1428 in
2019 1399 2080 1429 hac
2096 1403 2188 1438 parte
2205 1399 2271 1429 sihi

1260 1451 1447 1488 provideat,
1467 1451 1552 1490 quod
1575 1461 1649 1481 eum
1673 1461 1710 1481 ex
1732 1451 1793 1481 hoc
1816 1452 1899 1481 tanti
1920 1452 2043 1481 laboris
2064 1451 2182 1481 merito
2205 1460 2270 1481 non

1262 1503 1432 1541 contingat
1470 1504 1504 1533 in
1548 1504 1659 1543 aliquo
1699 1504 1900 1534 defraudari.
1937 1505 2010 1534 Dat.
2042 1504 2269 1543 Interamn[e],

1261 1557 1342 1586 VIII
1359 1556 1518 1586 kalendas
1535 1557 1734 1593 novembris,
1755 1566 1842 1586 anno
1856 1566 1953 1586 nono.
1977 1569 1989 1583 »

1332 1760 1447 1788 2821
1826 1761 1925 1793 Terni,
1942 1761 1975 1787 19
1990 1760 2106 1788 octobre
2120 1761 2198 1788 1235.

1298 1822 1529 1856 Areliie11›iseopo
1554 1822 1751 1849 Bracbarensi
1775 1823 1896 1849 mandat
1921 1826 2079 1856 quatenus,
2104 1823 2188 1855 licet,
2212 1822 2272 1850 alia

1263 1871 1328 1898 vice
1349 1879 1435 1905 super
1456 1871 1642 1898 revocatione
1662 1874 1859 1906 proventuum
1884 1880 2002 1898 mensae
2022 1871 2197 1906 episcopalis
2215 1871 2272 1900 Co—

1263 1919 1447 1946 limbriensis
1459 1920 1516 1954 ipsi
1532 1920 1653 1947 directis
1669 1920 1788 1954 scriptis
1804 1920 1983 1954 apostolicis,
1996 1920 2182 1954 postmodum
2196 1919 2273 1947 bona,

1264 1968 1491 1996 Colimbriensis
1513 1969 1654 1995 ecclesiae
1678 1968 1757 1995 inter
1781 1968 1951 2003 episcopum
1975 1968 2222 1996 Colimbriensem
2243 1971 2272 1995 et

1264 2017 1419 2044 canonicos
1439 2017 1563 2044 fuissent
1580 2017 1688 2050 divisa,
1710 2019 1870 2051 proventus
1894 2017 1930 2044 ad
1954 2025 2086 2044 mensam
2110 2016 2206 2050 ipsam
2226 2024 2273 2043 re·-

1263 2069 1357 2093 vocet.
1375 2081 1407 2084 —
1424 2067 1511 2097 (REG.
1528 2066 1572 2099 18,
1590 2067 1610 2092 f.
1628 2065 1659 2093 81
1678 2070 1717 2098 1¹⁰3
1735 2074 1804 2093 ann.
1821 2066 1873 2098 IX,
1889 2074 1913 2093 c.
1930 2065 2005 2098 268.)

1306 2180 1318 2194 «
1335 2191 1356 2196 ..
1375 2168 1601 2205 archiepiscopo
1618 2168 1833 2197 Bracharensi.
1851 2167 1945 2203 Cum,
1965 2166 2030 2196 alia
2047 2167 2117 2197 vice
2130 2184 2180 2196 —.
2198 2168 2272 2197 Dat.

1264 2220 1481 2260 Interamn[e]
1496 2243 1501 2255 ‚
1517 2221 1619 2250 XIIII
1635 2219 1794 2250 Kalendas
1811 2220 2016 2255 novembris,
2037 2228 2124 2250 anno
2140 2228 2238 2250 nono.
2257 2231 2271 2246 »

1335 2435 1452 2464 2822

1298 2497 1410 2525 Abbati
1435 2496 1634 2524 Maceriarum
1645 2517 1651 2529 ‚
1682 2494 1888 2524 Cisterciensis
1913 2493 2039 2527 ordinis,
2066 2493 2274 2522 Cabilonensis

1263 2545 1416 2578 dioecesis,
1434 2545 1556 2572 mandat
1570 2547 1714 2579 quatenus
1730 2543 1908 2570 sententiam
1925 2541 2078 2570 interdicti
2094 2542 2142 2569 vel
2157 2550 2273 2569 excom·

1264 2594 1488 2627 municationis,
1499 2594 1620 2627 siquam
1631 2591 1812 2627 promulgari
1824 2591 1991 2625 contigerit,
2001 2592 2103 2617 contra
2114 2590 2272 2624 indulgen-

1263 2644 1338 2671 tiam
1356 2643 1560 2678 apostolicam,
1573 2642 1604 2669 in
1621 2641 1760 2669 comitem
1776 2641 2005 2672 Nivernenseni,
2022 2638 2270 2673 crucesignatum,

1774 2432 1906 2466 Viterbe,
1919 2431 1934 2459 8
1948 2431 2108 2459 novembre
2120 2431 2200 2458 1235.

1264 2696 1292 2721 et
1310 2693 1504 2725 comitissam,
1521 2700 1642 2719 uxorem
1659 2691 1731 2725 ejus,
1756 2691 1877 2717 relaxet.
1899 2704 1931 2707 —
1955 2689 2040 2721 (Res.
2062 2687 2106 2721 18,
2128 2689 2148 2715 f.
2170 2687 2201 2715 81
2225 2691 2272 2720 v⁰;

1264 2750 1333 2769 ann.
1350 2742 1406 2774 IX,
1424 2750 1448 2768 c,
1465 2740 1540 2772 269.)

1307 2854 1320 2869 «
1348 2865 1367 2870 ..
1392 2842 1493 2879 abbati
1516 2841 1733 2873 Macer-iarum,
1762 2839 1968 2869 cisterciensis
1991 2838 2129 2872 ordinis,
2155 2837 2276 2866 Cabilo-

1265 2896 1367 2924 nensis
1380 2895 1514 2924 diocesis.
1533 2893 1617 2930 Quia
1630 2892 1731 2922 nimis
1749 2896 1797 2922 est
1813 2909 1861 2920 ——.
1876 2892 1949 2920 Dat.
1964 2890 2118 2925 Viterbii,
2136 2891 2182 2920 VI
2197 2889 2274 2919 idus

1265 2947 1466 2982 novembris,
1488 2955 1574 2976 anno
1590 2954 1688 2975 nono.
1709 2956 1720 2971 n
