2519 3518
125 301 199 331 1209
969 293 1191 331 Doczlnnn
1214 293 1373 329 Axxee.
2146 300 2220 331 1210

122 368 218 401 posito
234 370 340 401 factas,
359 370 456 396 nullas
472 378 533 396 esse
546 369 717 401 denuntiet,
737 372 765 396 et
781 372 875 396 castra
893 369 1131 401 munitionesque

124 416 295 443 Leodiensis
314 418 470 450 ecelesiae,
492 427 565 452 quae
580 418 615 445 ad
634 426 738 444 manus
752 418 888 451 jamdicti
907 416 1064 452 praepositi
1080 415 1131 442 de-

122 464 240 491 venisse
252 465 411 495 invenerit,
422 466 490 497 sibi,
501 466 621 493 nomine
632 466 728 493 (lictae
740 466 890 498 eeclesiae,
902 466 992 493 faeiat
1003 465 1130 497 restitui,

125 514 224 540 futuro
242 514 376 548 episeopo
398 515 583 548 resignanda.
608 530 638 533 —
659 515 745 546 (Rea.
763 515 811 547 19,
830 516 849 541 f.
867 514 900 541 69
916 518 953 546 r'';
970 523 1040 541 ann.
1058 515 1130 548 XII,

122 569 150 588 c.
165 561 232 593 369;
252 576 281 580 -
299 549 435 590 Monam?
448 563 525 595 1192,
539 565 559 590 f.
574 563 643 595 25&
659 564 724 591 —J.
741 564 775 590 P.
791 563 920 595 Kmsca,
933 564 982 588 nas
996 563 1132 588 tamt-ner

125 611 249 635 Schisma
265 618 323 636 rom
339 611 423 637 Jahre
441 612 525 644 1938,
542 612 572 639 in
591 612 727 638 flo'misclee
742 612 959 643 Quartalsrhrifl
975 614 1034 641 etc„
1052 614 1073 638 t.
1091 612 1130 638 111

122 659 232 691 (1889),
250 668 278 694 p.
294 659 356 691 190,
374 663 403 687 u⁰
419 660 449 691 3;
467 675 499 679 —
515 662 553 687 cf.
570 668 666 693 snpra,
683 669 712 687 n.
727 660 806 692 4587,
823 660 892 686 4642
908 663 936 686 et
952 660 1043 690 4643.)

167 772 181 787 «
210 783 229 789 ..
258 761 480 799 archiepiscopo
506 762 650 790 Remensi.
679 759 851 790 Intellecto
879 760 1002 790 dudum
1031 760 1128 798 quod,

122 812 266 843 ecclesia
290 813 465 844 Leodiensi
487 817 623 844 vacante
647 818 678 843 et
699 813 894 851 eligentium
920 813 1003 843 votis
1025 813 1060 842 in
1085 813 1130 842 di-

124 874 220 895 versa
238 866 367 901 divisis,
386 866 520 905 quidam
535 866 683 904 ipsorum
703 865 860 895 dilectum
876 865 981 895 filium
998 865 1132 895 Wiltel-

125 927 226 953 mum,
242 923 487 957 procuratorem
505 918 643 949 ecclesie
656 918 845 953 Valentine,
864 918 998 957 quidam
1014 927 1091 948 vero
1110 941 1129 947 ..

126 971 329 1009 prepositum
345 971 535 1010 Aquensem
556 971 590 1000 in
609 980 707 1001 suum
729 971 918 1009 episcopum
939 971 1128 1008 elegissent,

123 1031 162 1052 ac
178 1028 309 1061 propter
326 1023 386 1053 hoc
401 1023 521 1053 fuisset
538 1023 578 1053 ad
598 1027 744 1053 nostram
761 1023 964 1053 audientiam
986 1023 1131 1062 appella-

124 1080 206 1110 tum,
225 1085 293 1111 nos,
316 1075 475 1110 volentes,
492 1080 587 1114 prout
603 1076 742 1106 interest
758 1080 880 1110 nostra,
898 1075 1132 1114 indempnitati

123 1129 273 1168 ejusdem
293 1129 486 1159 Leodiensis
505 1129 643 1159 ecclesie
662 1138 837 1167 precavere
857 1130 944 1166 [etc.,
968 1133 1003 1159 ut
1020 1138 1130 1167 supra,

123 1182 160 1211 in
183 1181 304 1211 litteris
329 1181 390 1211 sub
415 1190 552 1212 numero
577 1182 651 1211 4642
677 1181 810 1216 notatis,
838 1182 952 1220 paucis
977 1181 1130 1216 mutatis,

124 1244 230 1273 usque
245 1235 266 1271 :]
279 1234 499 1272 appellatione
512 1234 704 1272 postposita,
718 1234 966 1272 compescendo.
980 1234 1043 1264 Sed
1056 1243 1133 1272 quo-

125 1287 227 1322 niam,
247 1292 423 1326 antequam
445 1287 485 1317 ad
502 1291 531 1317 te
550 1292 661 1317 nostre
680 1286 789 1317 littere
807 1287 1047 1325 pervenissent,
1069 1287 1133 1317 dic-

124 1345 179 1370 tus
211 1340 376 1378 Aquensis
405 1340 603 1378 prepositus,
638 1339 852 1378 appellationi
884 1348 949 1369 non
980 1339 1133 1369 deserens

124 1393 309 1431 interjecte,
328 1401 386 1431 per
401 1401 499 1431 quam
519 1396 622 1422 totum
640 1392 809 1430 negotium
831 1392 940 1422 fuerat
960 1392 1000 1421 ad
1017 1392 1135 1422 Sedem

125 1445 348 1484 Apostolicam
368 1445 569 1481 devolutum,
588 1445 731 1480 obtenta,
751 1450 786 1474 ut
807 1445 940 1478 dicitur,
959 1445 1135 1475 confirma-

125 1499 216 1528 tione
238 1498 278 1528 ab
303 1521 322 1527 ..
347 1498 450 1528 electo
475 1497 679 1532 Coloniensi,
704 1497 849 1527 nondum
872 1497 1135 1527 confirmationis

123 1551 265 1589 gratiam
290 1555 452 1586 assecuto,
473 1555 504 1581 et
522 1550 819 1580 amministrationi
838 1550 922 1580 dicte
942 1549 1080 1580 ecclesie
1099 1560 1134 1581 se

124 1604 276 1642 ingessit,
295 1608 326 1633 et
340 1607 447 1633 castra
463 1603 603 1642 quedam
621 1608 652 1633 et
669 1603 872 1633 munitiones
889 1603 972 1633 alias
988 1603 1134 1641 predicte

122 1657 263 1687 ecclesie
277 1657 460 1695 occupavit,
478 1665 538 1686 nec
552 1665 617 1686 non
633 1660 662 1686 et
673 1657 864 1695 juramenta
875 1665 893 1686 a
904 1655 1035 1686 clericis
1048 1661 1078 1686 et
1091 1655 1132 1695 [a]

123 1710 220 1740 laicis
236 1710 391 1748 homagia
407 1710 529 1740 dicitur
545 1710 721 1748 recepisse,
742 1719 779 1739 ac
795 1709 976 1739 contulisse
994 1709 1134 1748 quibus-

122 1764 199 1794 dam
216 1763 400 1801 prebendas
423 1767 454 1793 et
473 1763 646 1798 beneficia,
668 1771 726 1801 pro
747 1771 805 1792 sue
823 1762 918 1792 libito
940 1762 1131 1798 voluntatis,

124 1817 160 1846 in
179 1816 339 1855 quosdam
356 1817 493 1847 clericos
511 1821 542 1847 et
557 1816 659 1847 laicos
680 1825 738 1846 sue
756 1816 905 1846 nolentes
923 1816 1133 1855 acquiescere

125 1869 300 1903 voluntati,
322 1869 675 1899 excommunicationis
695 1878 753 1899 seu
777 1869 1008 1906 suspensionis
1033 1868 1073 1897 ab
1096 1877 1133 1898 eo

123 1922 304 1952 sententiis
330 1921 559 1960 promulgatis,
584 1922 619 1951 in
643 1921 835 1951 executione
859 1921 1005 1951 mandati
1028 1921 1134 1950 nostri

126 1974 302 2013 procedere
321 1974 492 2004 dubitasti.
510 1973 669 2004 Nolentes
686 1973 789 2011 igitur
805 1973 1065 2003 dissimulationi
1082 1982 1134 2003 re-

125 2027 279 2065 linquere
303 2027 569 2065 presumptiones
592 2026 783 2065 hujusmodi
808 2026 974 2059 abusivas,
996 2026 1135 2056 firmiter

126 2079 339 2118 precipiendo
363 2080 559 2109 mandamus
585 2083 760 2117 quatenus,
788 2078 816 2108 si
843 2088 912 2108 rem
937 2079 1135 2108 inveneritis

127 2134 174 2162 ita
192 2142 275 2163 esse.
296 2132 474 2170 premissas
492 2132 675 2162 sententias
696 2136 727 2161 et
743 2131 936 2161 collationes
954 2131 1136 2169 prebenda-

128 2190 202 2214 rum
220 2189 248 2214 et
268 2185 502 2214 beneficiorum
524 2185 671 2223 ipsorum
689 2184 891 2214 denuntians
911 2184 1044 2222 penitus
1061 2184 1137 2213 nul-

129 2238 178 2268 las
196 2247 279 2272 csse,
295 2242 414 2272 castra,
428 2237 631 2267 munitiones
648 2241 676 2266 et
695 2236 854 2275 quicquid
867 2236 904 2266 de
918 2236 1014 2266 bonis
1030 2237 1137 2275 ipsius

128 2291 269 2321 ecclesie
287 2295 359 2328 post
377 2290 631 2329 appellationem
649 2289 787 2320 eandem
802 2289 841 2318 ad
856 2298 973 2319 manus
986 2290 1138 2328 jamdicti

130 2344 289 2382 prepositi
307 2343 475 2373 inveneris
499 2342 683 2377 devenisse,
702 2351 775 2372 cum
792 2342 956 2372 fructibus
976 2343 1137 2380 perceptis

126 2407 167 2428 ex
182 2397 241 2427 eis.
256 2397 389 2426 nomine
404 2396 489 2426 dicte
504 2396 642 2426 ecclesie
657 2395 788 2425 restitui
803 2395 862 2424 tibi
878 2395 1006 2433 integre
1022 2395 1136 2431 facias,

129 2451 242 2480 futuro
257 2450 409 2488 episcopo
424 2448 634 2486 resignanda,
650 2453 679 2478 et
695 2452 760 2477 tam
774 2447 911 2477 clericos
923 2457 1021 2486 quam
1035 2448 1137 2478 laicos

128 2503 171 2532 ab
188 2502 354 2539 homagiis
371 2507 402 2532 et
414 2501 614 2540 juramentis
632 2500 793 2535 absolvas,
813 2500 903 2529 omni
919 2500 1005 2530 dicto
1022 2509 1137 2538 prepo-

128 2555 195 2584 sito
208 2553 511 2584 amministratione
524 2552 749 2592 spiritualium
765 2561 823 2582 seu
840 2552 1069 2590 temporalium
1086 2561 1138 2590 pe-

132 2608 223 2637 nitus
254 2606 431 2636 interdicta
459 2623 509 2635 —-.
542 2607 616 2636 Dat.
648 2604 814 2639 Laterani,
846 2605 876 2634 X
904 2604 1063 2635 kalendas
1093 2605 1139 2635 fe-

128 2660 269 2695 bruarii,
288 2669 374 2689 anno
391 2659 593 2690 duodecimo.
617 2670 630 2685 ι)

203 2854 258 2880 47
269 2853 285 2879 Ι
301 2853 319 2879 1
673 2851 794 2882 Latran,
808 2851 973 2884 23jauvie1·
990 2850 1067 2876 1239.

169 2917 431 2951 Archiepiscopos,
455 2916 622 2950 episcopos,
648 2915 767 2941 abbates
793 2918 819 2941 et
850 2914 923 2940 alios
950 2914 1138 2940 ecclesiarum

131 2967 280 3000 praelatos
298 2966 414 2993 Moreae
432 2968 529 2992 monet
546 2968 573 2991 et
591 2965 724 2991 hortatur
740 2968 894 2997 quatenus,
915 2978 947 2981 —
964 2963 1044 2994 licet,
1065 2971 1142 2989 anno

1215 367 1413 400 praecedenti,
1431 376 1481 401 pro
1497 367 1692 394 subventione
1708 368 1825 402 imperii
1842 368 2003 395 Romaniae
2019 369 2135 395 tertiam
2153 377 2220 403 par-

1215 418 1272 442 tem
1297 424 1396 442 eorum
1421 415 1560 442 bonorum
1584 416 1738 443 mobilium
1763 420 1850 450 atque
1871 421 2065 450 proventuum
2091 426 2140 451 per
2157 426 2220 444 ma-

1214 464 1337 496 gistrun]
1351 464 1537 498 Philippum,
1548 465 1700 495 clericum,
1712 465 1773 499 ipsc
1786 473 1859 499 papa
1875 466 2061 493 mandaverit
2077 467 2220 497 collis-ven-

1214 512 1294 544 dam,
1308 527 1339 530 —
1351 513 1483 539 eamdem
1503 513 1632 545 tertiam,
1647 522 1678 539 eo
1691 522 1779 545 anno,
1791 522 1856 540 cum
1871 514 1964 540 eidem
1979 515 2103 548 imperio
2114 523 2221 545 urgen-

1214 560 1271 587 tior
1287 561 1445 587 necessitas
1461 570 1547 595 quam
1566 570 1694 596 unquam
1715 563 1750 589 ad
1771 571 1906 597 praesens
1922 563 2060 594 instaret,
2082 564 2221 594 magistro

1215 609 1374 641 Bernardo,
1396 610 1488 643 ipsius
1510 618 1600 644 papae
1623 610 1812 643 subdiacono,
1837 611 1942 637 clerico
1963 612 2116 643 Johannis,
2138 612 2219 639 tituli

1215 658 1341 684 Sanctae
1354 658 1496 685 Praxedis
1507 659 1669 693 presbyteri
1683 659 1854 691 cardinalis,
1865 660 2024 693 assignent.
2037 675 2068 678 —
2078 661 2164 691 (Han.
2175 660 2219 692 19,

1215 708 1234 733 f.
1260 707 1294 734 69
1318 710 1357 739 r⁰;
1383 715 1452 733 ann.
1479 708 1550 739 XII,
1577 716 1601 734 e.
1623 708 1691 739 370,
1721 722 1751 726 -
1778 708 1910 735 Mona-At:
1936 708 2018 739 1192,
2047 711 2066 735 t.
2093 709 2162 740 26&
2188 723 2220 726 —

1214 756 1253 781 cf.
1269 763 1364 787 supra.
1382 764 1410 782 n.
1428 756 1496 782 4035
1512 759 1540 782 et
1556 756 1647 786 4546.)

1255 868 1268 882 «
1294 879 1313 885 ..
1336 857 1519 892 Patracensi,
1546 879 1567 885 ..
1592 856 1808 893 Corinthiensi,
1837 880 1856 885 ..
1878 858 2013 886 Thebano
2035 863 2060 886 cl
2087 880 2104 885 ..
2131 858 2222 886 Athe-

1215 910 1314 938 niensi
1338 910 1572 946 archiepiscopis
1596 914 1621 938 el
1643 918 1745 938 eorum
1769 910 1981 947 snffroyaneis,
2006 915 2031 938 et
2053 911 2216 945 abbatibus,

1213 963 1378 999 prim-ihm,
1399 962 1530 996 decanis,
1547 963 1796 991 archidiaconis¹
1813 968 1838 991 cl
1855 963 1928 991 aliis
1941 963 2133 991 ecclesiarum
2149 972 2221 1000 pre-

1215 1015 1286 1043 latis
1305 1023 1468 1051 eorumque
1485 1015 1680 1043 conventibus
1701 1020 1725 1043 el
1745 1015 1900 1052 capitulis,
1923 1024 1958 1043 ac
1978 1016 2068 1043 etiam
2090 1016 2216 1050 clericis,

1215 1068 1323 1096 latinis
1343 1072 1368 1095 el
1387 1068 1493 1104 yrecis,
1517 1076 1570 1104 per
1587 1068 1809 1101 Patracenswn,
1832 1068 2082 1103 Corinthiensem,
2110 1069 2221 1097 Theba-

1217 1129 1286 1148 nam
1307 1125 1333 1149 et
1353 1121 1563 1149 Atheniensem
1582 1121 1779 1158 provincias‘1
1794 1121 1975 1149 constitutis.
1996 1120 2220 1150 Miserabilem

1216 1172 1447 1202 necessitatem
1465 1177 1496 1202 et
1515 1177 1634 1201 statum
1654 1172 1787 1210 imperii
1807 1172 1980 1207 Romanie,
2003 1182 2060 1210 pro
2081 1182 2144 1211 quo
2163 1174 2223 1203 Sa-

1215 1230 1386 1255 crosancta
1404 1226 1552 1255 Romana
1572 1225 1720 1254 Ecclesia
1743 1230 1774 1254 et
1798 1225 1950 1255 nonnulli
1971 1225 2034 1254 viri
2055 1225 2221 1261 catholici,

1216 1277 1256 1307 ob
1275 1277 1508 1308 exaltationem
1529 1277 1606 1307 fidei
1627 1277 1820 1312 christiane,
1843 1277 1969 1307 diutius
1985 1277 2176 1307 laborarunt
2193 1283 2224 1308 et

1217 1339 1377 1368 expensas
1391 1331 1551 1360 maximas
1566 1330 1751 1366 subierunt,
1765 1331 1889 1369 jugiter
1905 1336 1980 1361 ante
1995 1331 2106 1361 oculos
2120 1332 2225 1361 nostri

1217 1383 1325 1413 cordis
1348 1383 1520 1417 habentes,
1542 1392 1577 1413 ac
1599 1383 1634 1412 in
1655 1383 1726 1421 ejus
1748 1383 1982 1413 afflictionibus
2006 1389 2035 1413 et
2060 1384 2225 1422 pressuris

1217 1435 1475 1466 destructionem
1497 1436 1622 1473 negotii
1640 1437 1740 1466 Terre
1765 1438 1883 1466 Sancte
1908 1436 2086 1474 plurimum
2111 1437 2226 1466 formi-

1217 1488 1344 1523 dantes,
1360 1489 1466 1518 eidem
1481 1489 1622 1527 imperio
1637 1494 1727 1519 tanto
1744 1489 1960 1519 validioribus
1976 1490 2124 1528 cogimur
2137 1491 2227 1520 auxi-

1217 1541 1271 1571 liis
1298 1541 1488 1573 subvenire.
1516 1546 1639 1580 quanto
1663 1542 1870 1579 gravioribus
1894 1543 2042 1572 noscitur
2069 1544 2225 1581 periculis

1217 1595 1398 1633 subjacere.
1418 1595 1526 1629 Unde,
1548 1594 1624 1624 licet
1644 1604 1701 1633 pro
1724 1595 1830 1633 ipsius
1855 1595 2073 1625 subventione
2095 1597 2226 1625 tertiam

1217 1652 1342 1686 partem
1364 1647 1526 1677 bonorum
1551 1653 1737 1677 vestrorum
1762 1648 1936 1677 mobilium
1962 1653 2059 1687 atque
2086 1658 2226 1686 proven-

1218 1705 1308 1730 tuum
1326 1709 1383 1738 per
1395 1700 1551 1730 dilectum
1568 1700 1672 1730 filium
1688 1701 1884 1738 magistrum
1898 1700 2144 1740 Ph[ilippu1n]³,
2163 1701 2224 1731 cle-

1217 1754 1332 1788 ricum,
1353 1762 1440 1783 anno
1463 1753 1568 1790 primo
1588 1753 1756 1791 preterito,
1777 1753 2045 1783 mandaverimus
2064 1753 2223 1791 colligen-

1215 1806 1300 1841 dam,
1321 1806 1399 1844 quia
1423 1810 1531 1835 tamen
1556 1805 1727 1842 urgentior
1749 1806 1930 1835 necessitas
1954 1815 2053 1844 quam
2075 1815 2222 1844 unquam

1215 1858 1385 1893 institerit,
1406 1858 1507 1887 instat
1528 1858 1568 1887 ad
1584 1867 1720 1896 presens
1739 1858 1878 1895 imperio
1896 1863 2086 1888 memorato.
2104 1863 2133 1888 et
2148 1868 2219 1893 nos,

1218 1920 1273 1949 pro
1303 1911 1373 1950 ejus
1404 1911 1609 1949 preparando
1639 1920 1797 1940 succursu
1830 1911 2024 1941 transmisso
2054 1921 2157 1950 nuper
2186 1912 2222 1941 in

1219 1965 1390 1994 Franciam
1403 1964 1585 1993 venerabili
1599 1965 1698 1994 fratre
1712 1969 1856 1993 nostro..
1870 1964 2021 2002 episcopo
2034 1965 2220 2002 Anagnino,

1218 2017 1360 2047 militum
1389 2022 1418 2047 et
1447 2017 1587 2046 aliorum
1619 2017 1717 2046 etiam
1748 2017 1945 2047 bellatorum
1974 2017 2221 2047 multitudinem

1217 2075 1455 2108 competentem
1474 2070 1513 2099 ad
1531 2070 1692 2099 Rom-anie
1712 2075 1821 2107 partes
1842 2070 1875 2098 in
1895 2070 1987 2099 brevi
2009 2071 2223 2107 proponimus

1218 2123 1396 2153 destinare.
1410 2122 1508 2152 aliam
1522 2131 1596 2152 cnm
1609 2122 1729 2152 dilecto
1742 2122 1810 2152 lilio
1824 2122 1927 2152 nobili
1941 2123 2010 2151 viro
2023 2122 2222 2161 Bald[i1ino].

1220 2176 1338 2206 herede
1355 2175 1487 2213 imperii
1505 2175 1668 2213 prelibati,
1687 2175 1937 2214 subsequenter.
1956 2175 2052 2205 dante
2072 2175 2223 2210 Domino,

1219 2228 1377 2258 directuri
1403 2238 1409 2257 ε
1436 2229 1566 2258 tertiam
1590 2233 1715 2266 partem
1739 2228 1928 2257 reddituum
1953 2233 1983 2257 ct
2007 2233 2224 2266 proventuum

1220 2281 1398 2311 eorundem
1416 2281 1496 2310 anni
1515 2281 1679 2319 presentis
1700 2275 1734 2310 in
1755 2281 1861 2318 ipsius
1878 2281 2009 2318 imperii
2026 2281 2224 2315 subsidium,

1220 2334 1314 2373 cujus
1341 2334 1526 2372 prosecutio
1557 2343 1593 2363 ex
1625 2334 1823 2364 necessitate
1851 2334 1943 2363 vobis
1973 2334 2125 2363 imminet
2153 2343 2226 2372 spe-

1221 2387 1312 2423 ciali,
1335 2387 1539 2426 providimus
1562 2388 1773 2425 erogandam.
1793 2388 1954 2424 Quocirca
1975 2388 2225 2417 universitatem

1222 2446 1364 2471 vestram
1387 2450 1559 2470 monemus
1584 2447 1614 2471 et
1635 2441 1806 2471 hortamur
1830 2446 1968 2474 attente,
1993 2441 2132 2470 firmiter
2153 2450 2226 2479 pre-

1220 2493 1371 2532 cipiendo
1394 2493 1590 2523 mandantes
1611 2498 1791 2532 quatenus,
1813 2493 1976 2523 interesse
1997 2493 2165 2531 proprium
2188 2502 2224 2523 ex

1220 2546 1331 2576 animo
1340 2551 1587 2584 prosequentes,
1600 2546 1703 2584 ipsam
1718 2546 1848 2575 tertiam
1860 2545 1979 2575 dilecto
1990 2545 2058 2575 filio
2069 2546 2226 2583 magistro

1222 2598 1400 2630 Bernardo,
1420 2598 1622 2628 subdiacono
1639 2603 1762 2628 nostro.
1781 2597 1900 2627 clerico
1917 2598 2028 2627 dilecti
2044 2598 2105 2626 filii
2122 2598 2226 2627 nostri

1220 2651 1420 2690 J[ohannis],
1436 2651 1524 2681 tituli
1539 2652 1657 2681 Sancte
1673 2651 1830 2681 Praxedis
1842 2651 2019 2688 presbiteri
2034 2650 2224 2680 cardinalis.

1254 2790 1274 2813 1.
1292 2789 1365 2813 Dans
1379 2789 1508 2813 l'adresse
1523 2789 1556 2812 de
1570 2790 1594 2812 la
1608 2788 1685 2819 piece
1699 2789 1768 2816 4035,
1783 2795 1818 2811 on
1834 2788 1884 2811 lit:
1900 2789 2119 2815 archidiaconis,
2134 2789 2227 2811 archi-

1221 2834 1384 2862 presbiteris
1402 2837 1425 2857 et
1442 2835 1551 2857 aliis...

1253 2877 1276 2901 ἱ).
1293 2881 1342 2901 Ms.
1359 2887 1366 2901 :
1384 2878 1562 2908 provinciam.

1255 2922 1276 2944 3.
1293 2921 1332 2945 La
1348 2922 1431 2946 forme
1447 2921 1582 2951 compti-ze
1599 2921 1632 2943 de
1648 2928 1677 2943 ce
1695 2927 1756 2943 nom
1772 2924 1811 2943 est
1828 2919 1936 2942 Iournie
1952 2926 1998 2949 par
2011 2919 2049 2941 les
2065 2918 2155 2948 pit-ces
2170 2918 2230 2942 4546

1225 2968 1250 2989 ct
1268 2965 1337 2989 ⁴550.
