2423 3487
190 251 246 281 ‘223
910 243 1147 276 REGISTRES
1170 242 1224 271 DE
1247 235 1468 271 GREGOIRE
1490 241 1548 271 ix.
2213 245 2275 275 224⁷

187 318 242 355 jus
259 316 384 345 meritis
401 315 490 344 locus
510 314 594 343 idem
617 313 730 343 multis
754 313 849 343 donis
871 311 1038 342 extollitur
1058 308 1190 338 multis-

191 378 252 407 que
269 367 438 397 miraculis
455 367 650 400 illustratur,
669 366 852 405 opprobriis
868 364 1011 394 infinitis
1029 362 1188 395 alliciens,

190 420 353 458 lapidibus
370 419 527 453 obruens,
547 422 575 448 et
597 427 659 457 que
684 428 700 448 a
720 418 819 447 totius
836 416 949 446 mundi
968 414 1119 445 venerari
1137 422 1189 443 so-

191 474 231 501 let
250 472 452 506 hominibus,
474 476 681 509 peccatorum
702 469 947 500 conculcatione
971 466 1187 497 confundens.

191 526 308 554 Verum
329 524 422 562 quia,
442 524 469 552 si
490 524 586 562 lupus
609 523 750 562 pastoris
768 523 875 552 locum
892 522 1054 554 obtineat,
1074 528 1189 549 conse-

190 586 293 615 quens
317 581 362 606 est
392 580 425 605 ut
451 585 582 613 gregem
614 576 779 605 morsibus
806 574 980 605 lacerando
1004 575 1186 604 consumat,

190 630 381 659 mandamus
399 632 577 667 quatenus.
599 627 817 666 personaliter
838 626 996 656 accedens
1019 625 1059 654 ad
1080 624 1188 653 locum

189 687 215 711 et
236 681 359 710 liabens
380 690 434 718 pre
451 680 555 709 oculis
572 680 677 709 solum
696 681 811 714 Deum,
831 679 859 708 si
878 687 946 707 rem
962 676 1130 706 inveneris
1142 675 1188 705 ita

189 744 270 768 esse,
289 734 411 763 <lictum
428 733 557 762 Heliam
575 733 614 762 al·
632 731 931 762 anuninistratione
949 729 1095 768 ejusdem
1118 736 1188 757 mo-

188 786 324 816 nasterii
350 786 396 815 sic
424 790 611 823 presumpta
638 794 771 823 prorsus
797 783 990 817 excludens,
1017 782 1125 820 ipsum
1152 784 1188 809 ut

188 839 330 877 predicta
351 842 472 872 castra,
497 837 698 867 munitiones
721 841 751 866 et
774 836 858 865 bona
883 835 1009 873 prefato
1034 833 1188 863 restituat

188 891 396 926 monasterie,
415 895 444 920 et
461 890 564 920 dictos
583 890 654 929 ejus
670 890 816 919 fautores
836 892 870 918 ut
887 888 993 918 eidem
1010 886 1187 917 conventui

187 945 224 974 ‹le
241 943 390 981 dampnis
408 948 438 973 et
452 943 585 981 injuriis
599 942 808 972 satisfaciant
824 941 990 978 irrogatis,
1004 938 1187 969 monitione

186 996 356 1034 premissa,
383 1005 440 1034 per
465 1004 638 1025 censuram
667 994 937 1028 ecclesiasticam,
967 991 1186 1031 appellatione

186 1054 319 1085 remota,
343 1047 552 1087 compellens,
582 1052 613 1077 et
638 1047 677 1077 ad
705 1056 817 1077 eorum
842 1047 1000 1076 invocans
1024 1044 1185 1074 malitiam

186 1101 463 1140 compescendam,
483 1101 511 1130 si
528 1109 661 1130 necesse
678 1100 788 1135 suerit,
808 1099 968 1129 auxilium
986 1097 1115 1127 brachii
1134 1106 1186 1127 se-

186 1154 318 1189 cularis,
333 1154 434 1183 facias
452 1153 558 1183 eidem
575 1152 775 1182 monasterio
792 1152 830 1182 de
846 1160 986 1190 persona
1000 1150 1117 1180 idonea
1129 1158 1187 1188 per

186 1207 377 1237 electionem
391 1206 582 1236 canonicam
599 1205 775 1244 provideri,
794 1209 822 1234 ct
840 1204 1024 1234 ministrari
1038 1203 1075 1233 de
1090 1202 1185 1232 bonis

185 1260 289 1298 ipsius
307 1259 444 1297 prefatis
462 1258 650 1293 monachis,
669 1267 741 1288 cum
760 1267 823 1287 non
844 1257 987 1287 babeant
1004 1256 1183 1294 proprium,

186 1321 344 1350 expensas
371 1311 575 1341 necessarias
602 1311 642 1340 ad
664 1310 853 1349 hujusmodi
879 1309 1048 1347 negotium
1073 1317 1186 1347 prose-

186 1365 363 1404 quendum.
384 1366 456 1394 Dat.
474 1364 631 1397 Viterhii,
649 1364 732 1393 XIII
751 1363 909 1393 kalendas
922 1362 1080 1402 januarii,
1100 1370 1186 1391 anno

185 1428 282 1449 nODO.
301 1431 314 1446 »

257 1584 374 1612 2886

223 1645 357 1678 Roberto,
375 1646 483 1672 decano
504 1645 737 1677 Cenomanensi,
756 1653 869 1671 morum
887 1645 1038 1671 honestate
1054 1643 1186 1678 praedito

186 1698 213 1720 et
230 1693 353 1720 scientIa
372 1693 537 1720 litterarum
555 1696 671 1725 ornato,
689 1693 822 1727 indulget
838 1695 870 1719 ut
886 1692 1082 1726 praebendam
1098 1700 1185 1726 quam

187 1743 215 1768 in
233 1742 356 1769 ecclesia
376 1742 553 1769 Abrineensi
575 1742 740 1774 obtinebat,
765 1750 864 1767 euram
885 1741 1052 1768 animarum
1075 1741 1186 1768 haben-

656 1583 788 1616 Viterbe,
802 1583 835 1610 18
850 1582 1008 1609 novembre
1023 1582 1101 1609 1235.

187 1795 256 1823 tem,
269 1800 334 1817 cum
349 1791 493 1817 decanatu
509 1799 569 1822 suo,
582 1791 628 1817 eui
646 1799 715 1817 cura
726 1790 835 1817 similis
849 1792 909 1816 erat
921 1798 1046 1822 annexa,
1059 1790 1186 1816 retinere

185 1839 284 1873 possit.
303 1854 333 1857 —
351 1840 435 1870 (nm.
451 1839 498 1869 18,
516 1840 536 1865 f.
553 1839 586 1865 92
602 1842 647 1871 v⁰;
665 1848 733 1865 ann.
749 1839 801 1871 IX,
822 1848 845 1865 c.
863 1839 937 1870 320.)

226 1952 237 1965 «
258 1941 386 1974 Roberto,
406 1940 516 1968 clerano
532 1940 759 1969 Cenomanensi.
780 1939 849 1969 Etsi
864 1948 904 1969 ne
919 1939 1030 1977 plures
1043 1957 1091 1968 —.
1111 1940 1184 1968 Dat.

184 1992 336 2022 Yiterbii.
354 1992 454 2021 XIIII
467 1991 625 2021 kalendas
645 1992 840 2026 decembris,
859 2001 944 2021 anno
962 2001 1056 2022 nono.
1077 2005 1089 2018 »

254 2163 367 2191 288?

218 2224 447 2259 Archiepiscopo
471 2225 621 2252 Lundensi
644 2225 823 2252 transmittit
846 2225 987 2260 pallium,
1009 2226 1186 2252 sumendum

184 2275 283 2299 tamen
299 2273 334 2299 de
350 2281 439 2299 manu
455 2273 669 2308 archiepiscopi
684 2273 871 2307 Upsalensis,
889 2273 935 2300 cui
952 2274 1015 2307 jure
1029 2274 1187 2308 primatiae

184 2321 222 2347 sit
238 2321 395 2354 subjectus.
412 2336 442 2339 —
460 2322 545 2353 (Rae.
562 2322 610 2355 18,
629 2322 697 2349 1:92
713 2325 759 2354 v⁰3
776 2331 845 2349 ann.
862 2322 919 2355 IX,
934 2330 958 2349 e.
974 2322 1040 2354 3213
1058 2337 1089 2340 —
1110 2323 1187 2350 Por-

182 2377 276 2396 THAST
291 2369 399 2400 10067.)

667 2164 800 2196 Viterbe,
818 2164 850 2190 17
866 2163 1019 2191 decembre
1035 2164 1113 2191 1235.

226 2483 238 2497 «
259 2494 278 2499 ..
296 2471 519 2508 arclu'rpiscopo
536 2471 698 2500 Lutttlcusi.
716 2471 799 2501 Cum
819 2470 963 2509 palleum
986 2471 1119 2508 insigne
1137 2488 1185 2500 -—.

183 2524 256 2552 Dat.
273 2523 426 2559 viterbii,
446 2524 523 2553 XVI
541 2523 699 2554 kalendas
712 2524 870 2562 januarii,
890 2532 976 2553 anno
992 2532 1090 2553 nono.
1112 2536 1125 2550 n

254 2694 372 2722 2888

218 2756 348 2789 Decano,
364 2757 475 2783 cantori
492 2760 519 2784 et
540 2758 645 2784 Heliae
667 2757 803 2790 Get-aldi,
823 2756 963 2783 canonico
980 2756 1186 2790 Engolismen-

184 2804 273 2836 sibus,
288 2805 496 2832 correctionem
518 2809 545 2833 et
566 2806 805 2832 reformationem
829 2804 991 2831 committit
1014 2805 1186 2831 monasterii

185 2852 287 2878 Sancti
304 2852 462 2880 Michaelis
474 2854 509 2880 de
520 2854 636 2887 Eremo,
650 2853 837 2881 Pictam-ensis
848 2852 1000 2885 dioecesis
1016 2853 1091 2886 quod
1103 2861 1186 2887 prop-

668 2696 800 2729 Viterbe,
817 2695 850 2722 22
866 2695 1020 2722 decembre
1036 2695 1114 2722 1235.

185 2903 228 2926 ter
258 2902 467 2935 negligentiam
496 2906 523 2929 et
549 2904 696 2930 malitiam
720 2902 880 2935 Aimerici,
907 2901 956 2936 qui
980 2910 1030 2936 pro
1053 2902 1184 2935 ejusdem

1273 307 1444 334 monasterii
1464 307 1584 340 abbate,
1601 307 1655 334 etsi
1672 306 1815 339 intrusus,
1833 315 1862 333 se
1878 307 2005 341 gerebat,
2022 308 2052 335 in
2068 309 2274 344 spiritualibus

1272 358 1299 382 et
1312 355 1524 389 temporalibus
1536 354 1822 387 ceciderat—(Rae.
1833 354 1876 388 18,
1888 355 1908 381 f.
1920 354 1953 381 92
1965 358 2008 388 v⁰;
2021 364 2090 383 ann.
2100 357 2152 391 IX,
2162 366 2186 386 e.
2197 359 2273 393 322.)

1314 475 1325 489 «
1347 486 1366 491 ..
1386 463 1507 497 decano,
1527 485 1544 490 ..
1564 463 1685 491 cantori
1706 467 1730 490 et
1752 462 1834 490 Helie
1858 462 1995 497 Geraldi,
2014 465 2159 494 canonico
2174 466 2273 505 Enyo-

1271 517 1475 545 lismensibus.
1500 514 1774 553 significantibus
1799 514 1929 545 dilectis
1954 515 2032 545 filiis
2058 517 2126 553 W.‚
2151 518 2268 556 priore,

1270 570 1313 603 J.,
1334 569 1514 606 suppriore,
1534 569 1582 603 P.,
1602 567 1752 602 sacrista,
1769 568 1820 602 R,
1835 568 2011 606 preposito,
2030 573 2060 599 et
2075 570 2271 608 quibusdam

1271 620 1347 650 aliis
1365 620 1536 650 monachis
1553 621 1665 651 Sancti
1683 619 1858 650 Michaelis
1875 620 1913 650 de
1926 622 2080 659 Heremo,
2101 623 2273 655 Pictaven-

1271 674 1316 703 sis
1336 673 1494 708 diocesis,
1514 682 1572 703 nos
1590 673 1749 703 noveritis
1767 674 1932 711 accepisse
1949 674 2052 713 quod,
2071 685 2144 706 cum
2159 685 2269 708 eorum

1269 726 1507 756 monasterium
1529 726 1562 755 in
1584 726 1816 764 spiritualibus
1835 726 1983 757 floruerit
2004 731 2034 758 et
2055 728 2089 757 in
2111 732 2273 768 tempora-

1268 778 1356 808 libus
1370 778 1611 808 habundaverit
1626 779 1665 808 ab
1682 779 1830 817 antiquo,
1849 788 1948 815 nunc,
1964 785 2094 819 propter
2107 782 2269 821 negligen-

1270 831 1366 866 tiam,
1386 831 1466 870 quin
1483 831 1644 861 malitiam
1662 831 1788 870 potius,
1810 832 1988 868 Aimerici,
2006 833 2062 872 qui
2085 843 2141 872 pro
2158 834 2273 867 abbate

1270 894 1304 915 se
1322 885 1405 923 gerit
1421 884 1525 920 illius,
1544 885 1663 915 defecit
1681 885 1792 915 taliter
1805 885 1839 915 in
1851 886 2014 925 utrisque,
2027 887 2123 926 quod,
2138 887 2202 918 nisi
2215 897 2274 927 per

1269 937 1511 976 providentiam
1529 938 1623 968 Sedis
1640 938 1828 976 Apostolice
1842 938 1994 969 celeriter
2007 944 2216 972 succurratur
2228 942 2271 972 ei-

1270 990 1354 1025 dem,
1373 990 1425 1019 vix
1441 990 1561 1020 adiciet
1577 995 1612 1019 ut
1626 995 1778 1028 resurgat
1793 991 1815 1019 ¹.
1838 991 1931 1021 Idem
1951 991 2055 1028 enim,
2072 992 2225 1032 perjuriis
2241 998 2272 1025 et

1270 1042 1345 1072 aliis
1362 1043 1502 1072 diversis
1520 1043 1718 1073 criminibus
1734 1043 1895 1078 irretitus,
1914 1043 1949 1072 in
1962 1044 2113 1075 abbatem
2129 1045 2271 1084 ejusdem

1269 1095 1463 1125 monasterii
1487 1104 1521 1126 se
1543 1096 1733 1134 procuravit
1752 1096 1895 1132 intrudi3
1921 1100 1952 1126 et
1969 1096 2106 1135 insuper
2121 1097 2206 1128 circa
2220 1107 2272 1129 re-

1269 1148 1501 1178 formationem
1519 1149 1700 1179 monastice
1714 1148 1890 1187 discipline
1908 1149 1987 1179 adeo
2001 1153 2049 1180 est
2062 1149 2229 1188 negligens
2239 1155 2272 1182 et

1269 1201 1441 1237 remissus,
1453 1202 1550 1240 quod,
1564 1206 1696 1240 propter
1709 1202 1814 1240 ipsius
1829 1201 2053 1238 insolentiam,
2065 1202 2271 1234 observantia.

1270 1254 1432 1292 regularis
1450 1255 1519 1285 sere
1536 1255 1635 1293 periit
1651 1255 1685 1284 in
1700 1255 1825 1285 eodem.
1848 1256 2001 1285 Preterea
2017 1255 2105 1294 ipse,
2123 1256 2178 1295 qui
2194 1256 2271 1286 sub-

1270 1307 1348 1337 ditis
1366 1308 1435 1337 suis
1453 1317 1525 1338 esse
1547 1308 1686 1338 debebat
1702 1308 1780 1337 odor
1795 1308 1860 1338 vite
1880 1308 1914 1337 in
1935 1308 2047 1344 vitam,
2066 1308 2143 1338 odor
2159 1309 2273 1339 mortis

1270 1360 1304 1389 in
1322 1363 1483 1390 morteni2
1502 1361 1650 1396 effectus,
1669 1370 1724 1390 eos
1742 1361 1798 1399 qui
1817 1361 1953 1390 fuerunt
1974 1360 2096 1391 ibidem
2115 1356 2272 1392 hactenus

1270 1413 1355 1443 male
1372 1414 1469 1444 fame.
1488 1413 1552 1443 sibi
1567 1414 1719 1449 associat,
1739 1423 1853 1444 eorum
1870 1413 2059 1444 excessibus
2077 1413 2201 1444 relictis
2216 1423 2272 1453 pe-

1270 1467 1361 1497 nitus
1377 1467 1589 1503 incorrectis,
1608 1467 1676 1497 illis
1694 1467 1813 1506 spretis
1835 1467 1969 1498 omnino
1990 1467 2047 1506 qui
2064 1467 2098 1497 in
2116 1468 2186 1506 ipso
2203 1476 2271 1498 mo-

1270 1521 1416 1551 nasterio
1442 1530 1459 1550 a
1489 1521 1633 1559 pueritia
1656 1521 1750 1551 suere
1774 1520 1987 1550 laudabiliter
2014 1520 2208 1551 conversati.
2233 1520 2274 1551 Et

1270 1582 1344 1603 cuni
1366 1582 1464 1612 super
1483 1573 1550 1604 hiis
1568 1578 1598 1603 et
1614 1573 1690 1604 aliis
1707 1573 1961 1604 enormitatibus
1979 1573 2048 1603 suis
2066 1573 2272 1612 redarguitur

1271 1626 1310 1656 ab
1333 1627 1472 1662 eisdem,
1495 1627 1584 1665 ipsos
1610 1627 1777 1657 sententia
1797 1626 2147 1656 excommunicationis
2167 1625 2273 1656 invol-

1268 1689 1345 1709 vere
1359 1688 1418 1709 nec
1435 1689 1499 1709 non
1517 1684 1545 1710 et
1561 1679 1921 1709 amministrationibus
1936 1679 2005 1709 suis
2020 1679 2159 1718 spoliare
2171 1679 2271 1709 mina-

1271 1736 1341 1768 tur,
1361 1742 1419 1763 nec
1432 1733 1623 1772 hujusmodi
1634 1733 1735 1762 minis
1749 1736 1934 1767 contentus,
1951 1741 2005 1762 eos
2018 1732 2058 1762 ad
2070 1731 2140 1762 loca
2150 1735 2273 1762 remota

1270 1785 1481 1821 transmittit,
1500 1794 1541 1815 ne
1562 1786 1668 1823 ipsius
1689 1785 1901 1815 inhonestam
1921 1785 2202 1816 conversationem
2220 1793 2273 1815 as-

1268 1838 1394 1876 piciant
1419 1838 1594 1876 ipsumque
1620 1843 1770 1868 avertant
1794 1838 1833 1867 ab
1857 1838 2047 1868 excessibus
2075 1842 2106 1868 et
2132 1837 2270 1868 delictis.

1269 1891 1470 1929 Adjecerunt
1493 1891 1630 1929 insuper
1651 1891 1738 1930 quod
1761 1891 1862 1921 abbas
1889 1891 2073 1930 predictus,
2103 1891 2138 1920 in
2163 1890 2275 1920 verbis

1271 1943 1340 1973 suis
1360 1949 1390 1974 et
1406 1944 1502 1973 factis
1523 1944 1635 1974 varius
1657 1948 1687 1974 et
1709 1944 1919 1979 inconstans,
1942 1944 2189 1983 bonajamdicti
2204 1951 2272 1974 mo-

1270 1997 1410 2027 nasterii
1432 1997 1589 2035 dilapidat
1609 1997 1789 2027 enormiter
1813 2001 1843 2027 et
1864 1997 2039 2032 consumit,
2058 2000 2098 2033 et,
2117 1995 2273 2026 modestie

1269 2050 1475 2080 monachalis
1492 2050 1625 2086 oblitus,
1643 2050 1838 2080 seculariter
1854 2053 2078 2085 conversatur,
2096 2049 2182 2079 circa
2197 2052 2274 2079 tem-

1269 2103 1433 2141 poralium
1451 2103 1786 2133 amministrationem
1804 2103 1884 2133 adeo
1900 2102 2116 2138 indiscretus,
2136 2100 2221 2141 quod
2237 2101 2272 2132 in

1271 2157 1342 2195 ejus
1360 2156 1515 2186 manibus
1531 2156 1662 2187 abbatie
1681 2156 1767 2186 bona
1785 2165 1981 2186 evanescere
2005 2164 2042 2186 ac
2062 2155 2208 2194 deperire
2223 2153 2273 2184 vi-

1270 2209 1403 2245 dentur;
1422 2209 1505 2239 alias
1521 2209 1625 2239 multa
1642 2209 1852 2239 committens
1869 2209 2027 2243 enormia,
2045 2208 2079 2237 in
2092 2207 2200 2238 anime
2215 2214 2276 2237 sue

1269 2261 1454 2300 periculum
1469 2285 1474 2295 ,
1510 2262 1775 2299 denigrationem
1811 2261 1994 2291 monastice
2025 2259 2207 2290 honestatis
2242 2262 2274 2289 et

1271 2314 1463 2344 scandalum
1484 2314 1719 2352 plurimorum,
1743 2322 1806 2353 que
1822 2313 1936 2343 limam
1952 2312 2129 2352 apostolice
2148 2319 2272 2342 correc-

1270 2367 1370 2397 tionis
1392 2371 1582 2405 exposcunt.
1607 2367 1690 2397 Cum
1712 2367 1826 2405 igitur,
1845 2366 2025 2397 secundum
2046 2363 2236 2404 Apostolum
2247 2364 2272 2399 ⁵,

1270 2420 1430 2450 instantia
1449 2425 1561 2450 nostra
1579 2420 1745 2450 cotidiana
1761 2419 1803 2449 sit
1819 2419 2036 2450 ecclesiarum
2050 2417 2197 2448 onmium
2213 2415 2272 2447 sol-

1268 2473 1406 2503 licitudo
1423 2473 1590 2509 continua,
1606 2473 1802 2503 mandamus
1817 2477 1991 2512 quatenus,
2004 2471 2220 2511 personaliter
2233 2469 2274 2500 ad

1269 2527 1508 2557 monasterium
1525 2527 1633 2565 ipsum
1652 2526 1811 2556 accedens
1833 2531 1864 2556 et
1879 2526 2005 2556 habens
2027 2533 2084 2563 pre
2102 2523 2204 2554 oculis
2221 2531 2272 2554 so-

1268 2580 1337 2609 lum
1367 2581 1483 2614 Deum,
1510 2580 1540 2610 ei
1565 2580 1661 2619 vi[ce]
1687 2579 1823 2617 no[stra]
1849 2578 2022 2616 of[ficium]
2048 2576 2279 2615 vi[sitationis]r

1269 2633 1456 2671 impendas,
1484 2633 1653 2670 corrigens
1679 2636 1710 2662 et
1733 2632 1918 2662 reformans
1941 2648 1991 2660 —.
2020 2631 2093 2660 Dat.
2118 2627 2272 2663 viterbii,

1268 2686 1317 2715 XI
1335 2685 1668 2724 kalendasjanuarii,
1684 2684 1896 2723 pontificatus
1915 2683 2020 2713 nostri
2036 2691 2122 2712 anno
2142 2689 2238 2711 nono.
2257 2691 2277 2706 »ν

1302 2820 1321 2843 1.
1340 2803 1422 2842 Psat.v
1438 2818 1494 2846 XL,
1512 2820 1534 2842 ἱ).

1299 2863 1321 2887 2.
1338 2863 1351 2886 2
1368 2862 1504 2892 Con.,11,
1523 2862 1558 2886 16.

1301 2907 1322 2931 3.
1340 2907 1352 2930 ‘2
1369 2906 1449 2935 Con,
1467 2906 1513 2936 XI,
1529 2905 1568 2929 Qs.
