2519 3518
120 285 178 319 973
965 283 1188 321 ponamus
1210 284 1370 320 mxi-'21⁴2
2158 295 2217 325 974

122 354 246 394 finem1.
277 356 350 386 Dat.
380 356 552 392 Laterani,
582 356 696 387 XVIII
723 356 880 387 kalendas
909 357 1008 388 maii.
1039 365 1126 387 anno

120 407 326 439 duodecimo.
347 420 359 435 n

190 585 310 614 4265
699 589 818 619 Latran,
835 589 866 615 21
883 589 958 615 avril
975 588 1053 615 1238.

157 648 300 682 Episcopo
324 648 541 676 Cenomanensi
572 649 693 676 mandat
717 653 878 684 quatenus,
910 650 1127 684 redemptiones

119 699 254 724 votorum
271 697 552 731 crucesignatorum,
569 706 602 724 ac
618 698 714 732 legata
727 701 755 725 ct
768 698 842 725 alias
854 699 994 733 deputata
1007 706 1127 725 succur-

119 746 165 773 sui
181 746 287 773 Terrae
304 746 470 773 Sanctaein
488 747 718 781 Rothomagensi
731 747 884 781 provincia
899 751 927 774 ct
942 748 971 774 in
984 748 1126 775 Cenoma<

121 795 205 822 nensi
225 795 351 822 dioecesi
367 796 452 829 juxta
468 797 592 823 formam
617 796 642 823 ei
667 797 807 823 traditam
830 797 985 829 colligens,
1007 797 1124 824 tertiam

120 846 232 878 partem
252 843 338 871 Petro
359 844 395 871 de
413 845 512 871 Brana
527 845 728 879 crucesignato
744 846 791 872 vel
815 845 876 878 ejus
893 845 1072 879 procuratori
1089 845 1125 873 ad

121 900 256 927 praesens
272 893 425 925 attribuat,
440 895 479 925 et,
493 893 566 920 duas
581 893 655 920 alias
669 893 814 928 recipiens
830 894 957 920 fideliter
970 896 998 921 ct
1011 902 1124 921 conser-

119 949 203 973 vans,
222 941 311 968 faciat
331 950 378 969 eas
394 941 502 974 eidem,
519 950 584 969 cum
607 942 696 969 fuerit
716 942 746 969 in
764 942 896 977 partibus
913 943 1124 970 Constantino-

119 990 270 1024 politanis,
288 990 401 1024 integre
416 991 571 1024 assignari,
588 991 796 1025 expendendas
819 999 869 1025 per
884 991 978 1025 ipsius
993 991 1123 1027 episcopi

119 1046 234 1071 manus,
252 1042 346 1073 prout,
362 1038 555 1066 consideratis
571 1039 680 1073 negotii
697 1039 942 1072 circumstantiis,
961 1040 1066 1066 melius
1080 1040 1124 1067 vi-

117 1086 194 1114 derit
217 1086 370 1121 expedire:
395 1095 452 1113 non
473 1086 607 1114 obstante
628 1087 828 1121 prohibitione
844 1088 944 1115 fratris
960 1088 1122 1121 Willelmi,

116 1135 153 1162 de
170 1134 272 1162 ordine
293 1136 416 1162 fratrum
434 1134 597 1167 Minorum,
620 1135 713 1169 ipsius
730 1144 822 1170 papae
838 1136 1072 1170 paenitentiarii.
1091 1150 1122 1155 —

116 1182 203 1214 (Bm.
221 1183 264 1214 19,
282 1184 300 1210 f.
314 1184 330 1209 7
346 1186 382 1215 r⁹;
400 1191 470 1210 ann.
486 1183 554 1215 XII,
570 1192 594 1211 c.
612 1184 661 1215 39;
685 1199 716 1202 —
741 1184 1005 1216 Monmu1192,i.
1023 1185 1072 1216 32;
1090 1198 1122 1204 -·

117 1230 272 1258 Porrmsr
286 1231 387 1263 10579;
406 1245 437 1249 —
454 1233 491 1258 ct.
508 1239 604 1265 supra,
623 1240 650 1258 n.
669 1231 748 1263 4025,
766 1232 834 1258 4027
851 1236 877 1259 rt
892 1232 984 1261 4029.)

157 1343 169 1358 «
187 1354 207 1361 ..
225 1333 357 1369 episcopo
374 1330 604 1360 Cenomanensi.
622 1331 833 1361 Presentium
847 1331 908 1361 tibi
926 1332 1120 1362 auctoritate

113 1400 162 1413 —-.
180 1384 251 1414 Dat.
271 1383 435 1419 Laterani,
450 1384 499 1414 XI
512 1383 671 1414 kalendas
685 1384 776 1419 maii,
790 1384 1001 1422 pontificatus
1015 1383 1120 1414 nostri

112 1445 199 1466 anno
215 1436 419 1466 duodecimo.
439 1447 452 1462 υ

146 1559 247 1583 428⁸.
265 1570 297 1574 —
318 1557 349 1583 In
371 1556 496 1583 eundem
519 1557 638 1584 modum
660 1556 751 1589 fratri
772 1556 905 1582 willelmo
925 1556 956 1581 cle
973 1554 1119 1591 Olerotz[e]‚

110 1604 217 1630 ordinis
233 1603 360 1636 fratrum
377 1604 594 1635 Predicatorum,
613 1606 642 1630 in
662 1605 815 1630 Pe'ctarensz'
834 1607 858 1630 et
879 1604 1066 1637 Audeyavensi
1080 1605 1121 1629 ci-

109 1652 239 1678 vitatibus
264 1660 294 1677 ae
315 1652 475 1685 dtocesibus,
504 1660 535 1678 ac
560 1653 590 1678 in
621 1653 780 1678 Brittannia
803 1655 851 1679 etc.
876 1667 908 1671 —
936 1652 994 1684 (Cf.
1021 1660 1118 1685 supra,

111 1708 140 1727 n.
156 1700 234 1732 3945,
252 1700 321 1728 4025
336 1703 364 1728 et
379 1700 471 1731 4026.)

182 1873 300 1902 426Ἰ

146 1936 219 1970 Regi
233 1936 359 1970 Angliae
375 1943 477 1962 causas
491 1935 613 1969 exponit
634 1938 752 1970 propter
768 1944 838 1970 quas
855 1935 1052 1971 [Riccardus],
1069 1945 1117 1963 co—

111 1993 172 2012 mes
201 1984 428 2017 Cornubiensis‚
461 1984 554 2019 ipsius
582 1984 657 2018 regis
682 1993 849 2018 germanus,
885 1985 1116 2018 crucesignatus,

109 2034 269 2062 transitum
286 2034 317 2060 in
338 2034 457 2061 Terram
477 2034 617 2061 Sanctam
632 2034 663 2060 in
678 2037 794 2068 tempus
809 2035 902 2068 magis
918 2039 1117 2069 opportunum

110 2090 263 2118 prorogare
280 2082 401 2114 debeat;
425 2082 460 2109 de
478 2082 606 2109 transitu
626 2084 726 2109 tamen
749 2082 894 2116 praedicti
916 2083 1033 2109 comitis
1049 2091 1116 2109 cum

109 2140 142 2160 eo
157 2140 208 2159 rex
227 2131 303 2158 illud
321 2131 459 2165 disponat
475 2131 550 2165 quod
566 2131 623 2165 ipsi
640 2131 711 2165 regi,
729 2139 816 2165 regno
829 2131 956 2165 Angliae
973 2134 1001 2157 et
1019 2131 1116 2158 eidem

109 2181 213 2209 comiti
231 2181 338 2208 melius
354 2180 465 2207 viderit
485 2180 637 2215 expedire;
657 2180 681 2207 si
701 2180 780 2207 enim
796 2180 852 2214 ipsi
868 2180 928 2214 regi
943 2183 971 2207 et
989 2180 1058 2207 aliis
1072 2180 1117 2207 vi-

110 2239 174 2258 sum
187 2230 278 2257 fuerit
286 2229 417 2264 ejusdem
430 2229 549 2256 comitis
562 2229 748 2256 voluntatem
761 2237 847 2263 super
859 2229 1008 2263 praedicto
1018 2231 1116 2256 trans-

111 2279 156 2307 itu
172 2287 255 2314 posse
275 2279 339 2305 sine
359 2278 453 2313 ipsius
471 2278 545 2311 regis
561 2280 590 2304 et
603 2277 748 2312 praedicti
768 2277 849 2311 regni
867 2277 1045 2304 detrimento
1059 2277 1116 2304 im-

111 2328 196 2363 pleri,
216 2327 278 2362 ipse
294 2335 370 2362 papa
393 2335 451 2353 non
472 2326 537 2353 vult
556 2326 693 2353 eumdem
715 2325 854 2352 comitem
877 2333 963 2360 super
989 2326 1042 2351 hoc
1065 2332 1116 2359 per

107 2376 239 2411 aliquem
256 2376 408 2411 impediri.
429 2390 460 2394 -
476 2376 563 2406 (Rae.
587 2375 631 2407 19,
652 2376 671 2402 f.
691 2375 707 2401 7
730 2377 766 2407 1¹⁰3
782 2382 851 2401 ann.
876 2374 944 2406 XII,
966 2382 990 2400 c.
1010 2373 1062 2405 40:
1084 2387 1116 2394 «-

110 2427 148 2453 cf.
162 2433 257 2458 supra,
275 2428 304 2451 n⁰
318 2424 409 2455 4095.)

686 1874 806 1907 Latran,
823 1874 858 1901 20
873 1875 949 1901 avril
966 1875 1045 1902 1238.

150 2537 164 2552 α
184 2548 204 2555 ..
221 2526 339 2554 illustri
357 2525 421 2562 reyi
433 2525 550 2561 Anqlie.
563 2523 650 2554 Olim
667 2531 705 2553 ex
721 2521 842 2552 litteris
858 2521 970 2551 dilecti
984 2521 1045 2550 filii
1062 2530 1116 2551 no-

108 2578 187 2608 bilis
208 2578 270 2608 viri
297 2601 316 2607 ..
342 2577 473 2607 comitis
495 2575 747 2609 Cornubiensis,
774 2574 923 2613 germani
940 2574 999 2608 tui,
1018 2574 1116 2604 affec-

110 2632 234 2662 tionem
256 2630 483 2661 redolentibus
506 2628 653 2663 filialem,
675 2627 862 2666 accepimus
886 2627 984 2666 quod,
1008 2627 1116 2657 crucis

109 2688 275 2714 caractere
289 2683 387 2714 affixo
405 2682 476 2712 suis
494 2681 653 2716 humeris,
672 2680 914 2720 tran[s]fretare
931 2679 1060 2709 volebat
1077 2679 1117 2709 ad

110 2737 270 2767 honorem
283 2740 314 2767 et
331 2735 470 2774 gloriam
484 2733 728 2772 Redemptoris.
750 2733 817 2763 Nos
837 2732 986 2771 quidem,
1006 2732 1117 2762 consi-

110 2790 222 2820 derato
243 2788 437 2819 discrimine
464 2787 551 2827 quod
575 2787 613 2817 de
638 2786 745 2825 ipsius
765 2785 916 2815 absentia
938 2793 1040 2822 regno
1061 2788 1116 2814 tuo

108 2845 237 2880 poterat
255 2841 443 2877 imminere,
461 2840 548 2880 quod
564 2839 731 2874 transiret,
754 2846 819 2867 non
835 2837 989 2867 duximus
1007 2845 1116 2875 accep-

112 2894 257 2931 tandum,
277 2894 363 2924 sicut
381 2897 413 2924 et
428 2892 523 2924 modo
540 2901 605 2923 non
628 2891 791 2925 ducimus,
808 2890 891 2928 ipso,
909 2889 986 2919 licet
1002 2889 1117 2919 lauda-

113 2946 234 2982 biliter,
252 2947 287 2976 in
305 2945 497 2986 hujusmodi
517 2944 682 2976 desiderio
697 2946 923 2983 permanente,
941 2942 1117 2980 presertim

1210 364 1285 386 cum
1302 356 1344 392 id,
1373 358 1574 396 temporibus
1594 358 1678 393 istis,
1699 368 1735 389 ex
1754 359 1863 389 causis
1887 359 2037 398 pluribus
2062 370 2119 391 nec
2139 370 2217 391 con-

1210 408 1334 438 sultum
1346 418 1417 439 esse
1431 415 1550 448 pateat,
1569 419 1628 441 nec
1643 411 1788 443 salubre.
1805 412 1899 442 Nosti
1916 413 2090 452 siquidem,
2109 418 2139 444 et
2156 423 2214 444 nos

1210 461 1309 491 etiam
1335 471 1372 492 ex
1396 462 1502 493 relatu
1529 463 1590 493 fide
1615 464 1714 501 digno
1740 465 1957 503 percepimus,
1983 467 2078 505 quod,
2102 467 2215 497 eod-m

1209 514 1327 544 comite
1344 515 1378 544 in
1398 515 1515 553 Anglie
1540 517 1689 554 partibus
1709 518 1897 554 constituto,
1923 523 1999 549 tuus
2016 524 2045 549 et
2065 520 2213 559 ejusdam

1209 575 1245 595 ac
1262 567 1356 604 regni
1375 572 1480 598 status
1497 573 1527 598 ct
1549 569 1582 598 in
1604 570 1770 608 prosperis
1792 571 1932 607 erigitur
1948 577 1978 602 et
1996 581 2013 601 a
2030 573 2139 611 pravis
2158 583 2212 602 ιιι·-

1208 618 1395 650 cidentibus
1421 626 1648 659 preservatum
1676 631 1739 661 que
1763 623 1825 653 etsi
1850 624 1972 659 forsan,
1994 626 2130 655 obtentu
2154 635 2212 656 sue

1208 672 1374 710 presentie
1390 673 1555 704 malivolis
1572 675 1832 713 quiescentibus,
1851 676 1973 707 lateant
1996 678 2030 707 in
2054 680 2210 717 presenti.

1208 728 1316 755 tamen
1335 730 1444 764 posset
1460 726 1607 757 accidere
1625 728 1710 766 quod
1727 728 1794 763 illa,
1810 729 1881 767 ipso
1893 730 1998 767 posito
2015 731 2048 760 in
2063 732 2208 767 remotis,

1207 777 1242 807 in
1265 778 1435 816 publicum
1462 786 1723 818 prorumperent.
1751 786 1792 817 et,
1824 783 1910 821 quod
1939 783 2042 813 absit!
2070 784 2210 823 alicujus

1208 831 1381 860 materiam
1399 832 1564 871 dispendii
1585 838 1794 870 generarent.
1815 835 1902 871 Quid
1917 835 2024 866 ultra?
2049 837 2162 867 Multis
2179 842 2210 867 et

1208 883 1417 914 evidentibus
1434 888 1521 922 patet
1538 885 1672 915 indiciis
1689 887 1775 924 quod
1790 887 1859 917 fere
1882 888 1930 917 nil
1948 889 2052 926 magis
2074 889 2209 920 celsitu-

1207 935 1295 965 dinis
1311 940 1365 966 tue
1382 936 1481 967 decus
1498 937 1633 975 ampliat
1650 942 1679 967 et
1699 947 1818 969 nomen
1839 940 1973 976 exaltat,
1999 951 2097 980 quam
2121 943 2209 981 ejus-

1206 987 1279 1018 dem
1304 988 1426 1018 nobilis
1452 989 1653 1020 salutaribus
1675 991 1779 1021 foveri
1804 992 1954 1022 consiliis
1983 998 2013 1023 et
2037 996 2208 1032 oportunis

1207 1040 1367 1070 subsidiis
1384 1041 1544 1080 adjuvari.
1560 1043 1724 1077 Preterea,
1738 1048 1768 1073 et
1782 1044 1810 1073 si
1825 1053 1932 1075 comes
1945 1046 2014 1084 ipse
2027 1046 2157 1077 deberet
2174 1048 2207 1077 iu

1206 1093 1352 1130 presenti
1375 1094 1529 1129 transire,
1552 1094 1781 1133 multipliciter
1802 1101 1909 1127 tamen
1932 1099 2000 1128 fore
2025 1099 2208 1129 dinoscitur

1206 1145 1423 1180 fructuosum,
1441 1151 1476 1175 ut
1495 1147 1722 1177 executionem
1745 1149 1811 1177 voti
1837 1149 1889 1178 sui
1912 1159 1947 1179 ac
1971 1150 2130 1181 baronum
2151 1153 2207 1191 qui

1206 1206 1317 1228 secum
1343 1198 1377 1227 in
1400 1199 1534 1228 Terram
1557 1199 1710 1229 Sanctam
1735 1205 1812 1230 sunt
1834 1202 1939 1239 parati
1966 1204 2152 1240 procedere,
2174 1206 2206 1233 in

1207 1255 1333 1288 tempus
1356 1256 1504 1288 proroget
1527 1256 1742 1289 oportunum:
1763 1254 1937 1291 presertim
1963 1264 2036 1284 cum
2061 1257 2206 1295 ejusde-ui

1204 1303 1303 1333 Terre
1325 1303 1495 1341 negotium
1520 1303 1636 1333 utilius
1658 1305 1821 1343 dirigatur
1840 1311 1871 1336 et
1892 1307 2023 1343 melius,
2049 1309 2077 1338 si
2098 1318 2115 1338 a
2138 1319 2208 1339 ms·-

1204 1355 1359 1393 gnatibus
1374 1356 1554 1386 secundum
1568 1356 1699 1387 diversa
1709 1362 1854 1397 tempora
1866 1360 2040 1390 subventio
2052 1361 2116 1391 sibi
2133 1371 2207 1392 sus·-

1203 1408 1330 1438 cessiva
1347 1409 1530 1447 proveniat,
1550 1418 1649 1447 quam
1675 1411 1763 1449 quod
1786 1411 1825 1440 ab
1843 1412 1925 1450 ipsis
1947 1412 2026 1443 illue
2044 1414 2077 1442 in
2094 1423 2160 1444 uno
2177 1420 2207 1445 «et

1203 1461 1318 1491 eodem
1333 1462 1486 1500 passagio
1504 1463 1709 1500 procedatur,
1729 1464 1845 1502 Igitur,
1863 1465 1911 1494 fili
1926 1466 2113 1503 karissime,
2132 1477 2205 1498 cum

1202 1514 1374 1553 potissime
1400 1515 1460 1544 tibi
1489 1515 1533 1545 sit
1562 1516 1720 1551 debitum,
1757 1518 2007 1556 tranquillitatis
2037 1520 2130 1558 regni
2158 1521 2206 1550 tui

1203 1567 1397 1597 continuum
1417 1567 1554 1605 diligere
1568 1568 1822 1606 incrementum,
1841 1575 1871 1599 et
1888 1575 1922 1600 tu
1938 1571 2007 1610 ipse
2021 1573 2206 1612 cujusmodi

1202 1620 1330 1650 utilitas
1348 1620 1455 1650 eidem
1478 1629 1516 1650 ex
1534 1622 1707 1651 memorati
1726 1623 1848 1653 nobilis
1864 1625 2031 1662 presentia
2047 1626 2206 1664 produca-

1202 1677 1266 1708 tur,
1285 1673 1407 1703 clarius
1425 1673 1511 1704 scias
1530 1678 1561 1704 et
1578 1674 1710 1711 melius,
1735 1685 1834 1714 quam
1850 1686 1867 1706 a
1888 1677 1983 1708 nohis
2001 1683 2111 1710 mente
2129 1688 2207 1709 con-

1202 1726 1267 1765 cipi
1284 1726 1335 1756 vel
1351 1726 1450 1757 verbo
1473 1726 1580 1757 valeat
1596 1727 1754 1766 explicari
1772 1738 1778 1758 ε
1797 1730 1969 1760 serenitati
1991 1736 2042 1761 tue
2061 1731 2207 1762 consuli-

1202 1787 1276 1808 mus
1297 1779 1352 1814 'ut,
1381 1779 1601 1810 consideratis
1626 1781 1799 1818 premissis
1825 1791 1861 1812 ac
1888 1782 1963 1813 aliis
1989 1784 2208 1815 circumstan-

1203 1831 1258 1861 tiis
1274 1831 1454 1867 universis,
1478 1832 1516 1862 de
1536 1833 1679 1863 transitu
1705 1834 1835 1864 comitis
1858 1836 2015 1873 sepedicti
2039 1845 2113 1866 cum
2133 1837 2204 1876 ipso

1201 1884 1357 1922 disponas
1376 1884 1463 1923 quod
1486 1885 1558 1920 tibi,
1576 1894 1676 1923 regno
1697 1890 1728 1916 et
1747 1887 1811 1916 sihi
1831 1887 1950 1917 melius
1969 1888 2091 1919 videris
2108 1899 2204 1928 expe-

1201 1936 1282 1967 dire.
1306 1937 1340 1967 Si
1364 1937 1452 1967 enim
1476 1937 1546 1971 tibi,
1573 1947 1610 1968 ac
1633 1937 1708 1968 aliis
1731 1939 1852 1977 quihus
1878 1949 1976 1978 super
1999 1941 2059 1971 hoc
2083 1942 2205 1981 scripta

1202 1994 1313 2019 nostra
1333 1989 1519 2027 dirigimus,
1538 1990 1646 2020 visum
1662 1991 1764 2021 fuerit
1787 1992 1873 2030 quod
1890 1993 2041 2024 voluntas
2058 1994 2206 2033 ejusdem

1201 2042 1331 2072 comitis
1355 2051 1453 2080 super
1478 2043 1668 2082 hujusmodi
1693 2044 1837 2074 transitu
1858 2045 1989 2083 impleri
2008 2046 2114 2077 valeat
2133 2047 2204 2077 sine

1201 2099 1256 2125 tuo
1278 2099 1309 2125 et
1327 2095 1432 2133 ipsius
1455 2096 1549 2133 regni
1567 2095 1678 2134 aliquo
1696 2096 1904 2134 detrimento,
1923 2107 1996 2128 eum
2016 2108 2114 2137 super
2132 2100 2204 2138 ipso

1200 2157 1257 2187 per
1272 2148 1416 2187 aliquem
1433 2148 1587 2179 nolumus
1603 2149 1769 2188 impediri.
1794 2151 1866 2180 Dat.
1885 2152 2050 2187 Laterani,
2069 2153 2134 2183 XII
2152 2154 2206 2183 ka-

1198 2200 1314 2231 lendas
1333 2201 1423 2232 maii.
1444 2210 1531 2231 anno
1547 2201 1750 2232 duodecimo.
1772 2214 1785 2228 n

1269 2400 1388 2428 4268
1773 2401 1894 2430 Latran.
1910 2402 1944 2428 20
1959 2403 2035 2429 avril
2053 2403 2129 2430 1238.

1234 2470 1248 2487 ((
1266 2463 1296 2489 In
1314 2463 1438 2488 eundem
1455 2463 1513 2488 sore
1529 2462 1646 2488 modun]
1664 2462 1751 2487 nobili
1764 2464 1822 2488 viro
1833 2463 1971 2493 Riccardo,
1986 2465 2080 2489 comiti
2095 2466 2201 2491 Cornu-

1199 2511 1296 2541 bieusi,
1311 2512 1507 2542 rrum-siquam,
1525 2519 1615 2544 usque
1633 2519 1638 2537 :
1658 2511 1760 2543 Igitur,
1778 2511 1931 2538 benedicte
1947 2513 1988 2538 fili
2005 2516 2073 2545 etc,
2091 2522 2201 2547 usque:

1199 2559 1433 2586 circumstantiis
1456 2559 1613 2590 universis,
1636 2559 1671 2584 de
1693 2559 1782 2585 maris
1807 2560 1932 2586 transitu
1954 2569 2018 2586 cum
2042 2565 2201 2589 memorato

1199 2616 1264 2641 rege
1284 2607 1423 2641 disponas
1441 2607 1515 2640 quod
1539 2606 1606 2638 sibi,
1631 2615 1716 2639 regno
1740 2613 1767 2633 ct¹
1789 2607 1841 2633 tibi
1865 2608 1969 2633 melius
1986 2609 2095 2635 videris
2114 2618 2202 2643 expe-

1199 2656 1271 2682 dire.
1290 2655 1321 2682 Si
1338 2655 1418 2681 enim
1440 2655 1494 2681 tibi
1513 2658 1580 2684 etta,
1598 2662 1688 2687 usque
1710 2663 1715 2680 :

1200 2703 1278 2730 mo=li
1304 2703 1431 2729 transitu
1455 2711 1504 2736 per
1528 2703 1657 2735 aliquem
1683 2702 1821 2735 impediri
1850 2704 1992 2732 uolentes,
2015 2705 2150 2731 volumus
2171 2708 2202 2733 ut

1199 2752 1325 2779 dilectus
1340 2751 1417 2777 filius
1433 2749 1537 2786 O[tt‹·],
1556 2750 1657 2777 Sancti
1673 2750 1789 2776 Nivolai
1809 2751 1837 2776 in
1854 2752 1976 2777 Carcere
1992 2752 2129 2778 Tulliano
2141 2753 2202 2780 dia,-

1200 2808 1288 2827 conus
1307 2799 1477 2831 cardinalis,
1498 2799 1665 2833 Apostolice
1687 2799 1771 2825 Sedis
1793 2800 1914 2829 legatus,
1942 2801 2033 2833 legata
2065 2801 2092 2826 in
2115 2801 2202 2828 Terre

1201 2848 1309 2875 Sancte
1324 2847 1500 2879 subsidium,
1517 2851 1567 2873 aut
1582 2855 1636 2880 quc
1652 2847 1687 2872 de
1700 2847 1841 2873 vicesima
1855 2856 1903 2873 scu
1919 2847 2079 2877 tricesima,
2092 2850 2137 2875 vel
2151 2857 2201 2883 pro

1200 2896 1403 2931 redemptione
1425 2899 1557 2922 votorum
1583 2895 1612 2921 in
1635 2894 1734 2920 eodem
1757 2903 1844 2927 regno
1866 2895 1964 2921 haberi
1988 2900 2133 2929 poterunt.
2151 2905 2201 2930 per

1738 2654 1926 2685 deu-humus»,
1948 2661 1974 2681 te
1998 2665 2083 2690 super
2101 2658 2202 2691 hujus-

1199 2945 1278 2972 viros
1297 2945 1334 2971 ad
1356 2945 1408 2971 hoe
1425 2944 1542 2970 idoneos
1559 2943 1657 2975 colligi
1676 2943 1774 2971 faeiat.
1792 2946 1819 2969 ot
1841 2944 1869 2969 iu
1887 2943 1972 2970 domo
1987 2945 2103 2977 Templi
2123 2945 2200 2971 Lon-
