<?xml version="1.0" encoding="UTF-8"?>
<!DOCTYPE html PUBLIC "-//W3C//DTD XHTML 1.0 Transitional//EN"
    "http://www.w3.org/TR/xhtml1/DTD/xhtml1-transitional.dtd">
<html xmlns="http://www.w3.org/1999/xhtml" xml:lang="en" lang="en">
 <head>
  <title>
</title>
<meta http-equiv="Content-Type" content="text/html;charset=utf-8" />
  <meta name='ocr-system' content='tesseract 3.04.00' />
  <meta name='ocr-capabilities' content='ocr_page ocr_carea ocr_par ocr_line ocrx_word'/>
</head>
<body>
  <div class='ocr_page' id='page_1' title='image "./lesregistresdale02cathuoft_0288.png"; bbox 0 0 2423 3487; ppageno 0'>
   <div class='ocr_carea' id='block_1_1' title="bbox 138 302 2221 344">
    <p class='ocr_par' dir='ltr' id='par_1_1' title="bbox 138 302 2221 344">
     <span class='ocr_line' id='line_1_1' title="bbox 138 302 2221 344; baseline -0.004 0"><span class='ocrx_word' id='word_1_1' title='bbox 138 316 192 344; x_wconf 65' lang='lat'>5223</span> <span class='ocrx_word' id='word_1_2' title='bbox 855 311 1092 342; x_wconf 73' lang='lat' dir='ltr'>REfflsTnEs</span> <span class='ocrx_word' id='word_1_3' title='bbox 1114 310 1169 339; x_wconf 80' lang='lat' dir='ltr'>DE</span> <span class='ocrx_word' id='word_1_4' title='bbox 1192 302 1412 339; x_wconf 78' lang='lat' dir='ltr'>GREGOIRE</span> <span class='ocrx_word' id='word_1_5' title='bbox 1437 309 1495 338; x_wconf 79' lang='lat' dir='ltr'>Ix.</span> <span class='ocrx_word' id='word_1_6' title='bbox 2166 309 2221 338; x_wconf 63' lang='lat'>5124</span> 
     </span>
    </p>
   </div>
   <div class='ocr_carea' id='block_1_2' title="bbox 130 375 1134 1204">
    <p class='ocr_par' dir='ltr' id='par_1_2' title="bbox 130 375 1134 1204">
     <span class='ocr_line' id='line_1_2' title="bbox 137 375 1134 410; baseline -0.005 -1"><span class='ocrx_word' id='word_1_7' title='bbox 137 379 311 410; x_wconf 81' lang='lat' dir='ltr'>subvenire</span> <span class='ocrx_word' id='word_1_8' title='bbox 330 379 460 409; x_wconf 76' lang='lat' dir='ltr'>curetis.</span> <span class='ocrx_word' id='word_1_9' title='bbox 481 379 566 407; x_wconf 81' lang='lat' dir='ltr'>idem</span> <span class='ocrx_word' id='word_1_10' title='bbox 584 378 623 407; x_wconf 88' lang='lat' dir='ltr'>ab</span> <span class='ocrx_word' id='word_1_11' title='bbox 638 378 804 408; x_wconf 77' lang='lat' dir='ltr'>universis</span> <span class='ocrx_word' id='word_1_12' title='bbox 820 376 1025 407; x_wconf 81' lang='lat' dir='ltr'>beneficiatis</span> <span class='ocrx_word' id='word_1_13' title='bbox 1041 375 1134 405; x_wconf 90' lang='lat' dir='ltr'>cleri-</span> 
     </span>
     <span class='ocr_line' id='line_1_3' title="bbox 137 427 1133 468; baseline -0.004 -8"><span class='ocrx_word' id='word_1_14' title='bbox 137 432 194 461; x_wconf 84' lang='lat' dir='ltr'>cis.</span> <span class='ocrx_word' id='word_1_15' title='bbox 212 431 338 460; x_wconf 80' lang='lat' dir='ltr'>Latinis</span> <span class='ocrx_word' id='word_1_16' title='bbox 352 435 381 460; x_wconf 87' lang='lat' dir='ltr'>et</span> <span class='ocrx_word' id='word_1_17' title='bbox 394 430 518 460; x_wconf 75' lang='lat' dir='ltr'>Grecis.</span> <span class='ocrx_word' id='word_1_18' title='bbox 534 435 639 459; x_wconf 81' lang='lat' dir='ltr'>vestre</span> <span class='ocrx_word' id='word_1_19' title='bbox 652 429 879 468; x_wconf 69' lang='lat' dir='ltr'>jurisdictioni</span> <span class='ocrx_word' id='word_1_20' title='bbox 895 428 1051 466; x_wconf 73' lang='lat' dir='ltr'>subjectis</span> <span class='ocrx_word' id='word_1_21' title='bbox 1062 427 1133 457; x_wconf 84' lang='lat' dir='ltr'>sieri</span> 
     </span>
     <span class='ocr_line' id='line_1_4' title="bbox 136 480 1133 520; baseline -0.005 -7"><span class='ocrx_word' id='word_1_22' title='bbox 136 484 305 513; x_wconf 75' lang='lat' dir='ltr'>facientes.</span> <span class='ocrx_word' id='word_1_23' title='bbox 329 483 527 519; x_wconf 62' lang='lat' dir='ltr'>assignando</span> <span class='ocrx_word' id='word_1_24' title='bbox 551 487 728 520; x_wconf 76' lang='lat' dir='ltr'>proventus</span> <span class='ocrx_word' id='word_1_25' title='bbox 753 481 942 519; x_wconf 86' lang='lat' dir='ltr'>hujusmodi</span> <span class='ocrx_word' id='word_1_26' title='bbox 961 480 1078 509; x_wconf 81' lang='lat' dir='ltr'>dilecto</span> <span class='ocrx_word' id='word_1_27' title='bbox 1096 480 1133 508; x_wconf 84' lang='lat' dir='ltr'>fi-</span> 
     </span>
     <span class='ocr_line' id='line_1_5' title="bbox 135 532 1133 569; baseline -0.005 -4"><span class='ocrx_word' id='word_1_28' title='bbox 135 536 178 565; x_wconf 86' lang='lat' dir='ltr'>lio</span> <span class='ocrx_word' id='word_1_29' title='bbox 204 558 223 563; x_wconf 91' lang='lat'>..</span> <span class='ocrx_word' id='word_1_30' title='bbox 247 535 357 564; x_wconf 89' lang='lat' dir='ltr'>abbati</span> <span class='ocrx_word' id='word_1_31' title='bbox 377 535 415 564; x_wconf 86' lang='lat' dir='ltr'>de</span> <span class='ocrx_word' id='word_1_32' title='bbox 439 536 569 569; x_wconf 79' lang='lat' dir='ltr'>Saraca,</span> <span class='ocrx_word' id='word_1_33' title='bbox 597 534 830 565; x_wconf 86' lang='lat' dir='ltr'>Cisterciensis</span> <span class='ocrx_word' id='word_1_34' title='bbox 856 533 994 566; x_wconf 85' lang='lat' dir='ltr'>ordinis,</span> <span class='ocrx_word' id='word_1_35' title='bbox 1020 532 1133 562; x_wconf 87' lang='lat' dir='ltr'>Corin-</span> 
     </span>
     <span class='ocr_line' id='line_1_6' title="bbox 137 585 1130 623; baseline -0.004 -6"><span class='ocrx_word' id='word_1_36' title='bbox 137 588 276 617; x_wconf 75' lang='lat' dir='ltr'>thiensis</span> <span class='ocrx_word' id='word_1_37' title='bbox 298 588 450 617; x_wconf 78' lang='lat' dir='ltr'>diocesis.</span> <span class='ocrx_word' id='word_1_38' title='bbox 478 587 634 623; x_wconf 64' lang='lat' dir='ltr'>magistro</span> <span class='ocrx_word' id='word_1_39' title='bbox 653 589 758 617; x_wconf 66' lang='lat' dir='ltr'>peu-0.</span> <span class='ocrx_word' id='word_1_40' title='bbox 778 586 975 616; x_wconf 77' lang='lat' dir='ltr'>cancellario</span> <span class='ocrx_word' id='word_1_41' title='bbox 998 585 1130 619; x_wconf 74' lang='lat' dir='ltr'>Achaie,</span> 
     </span>
     <span class='ocr_line' id='line_1_7' title="bbox 135 639 1132 675; baseline -0.005 -5"><span class='ocrx_word' id='word_1_42' title='bbox 135 640 335 670; x_wconf 84' lang='lat' dir='ltr'>subdiacono</span> <span class='ocrx_word' id='word_1_43' title='bbox 354 645 475 669; x_wconf 85' lang='lat' dir='ltr'>nostro.</span> <span class='ocrx_word' id='word_1_44' title='bbox 498 640 656 669; x_wconf 78' lang='lat' dir='ltr'>canonico</span> <span class='ocrx_word' id='word_1_45' title='bbox 682 639 882 673; x_wconf 64' lang='lat' dir='ltr'>Patracensi,</span> <span class='ocrx_word' id='word_1_46' title='bbox 901 648 937 667; x_wconf 89' lang='lat' dir='ltr'>ac</span> <span class='ocrx_word' id='word_1_47' title='bbox 962 661 980 666; x_wconf 90' lang='lat'>..</span> <span class='ocrx_word' id='word_1_48' title='bbox 1005 646 1132 675; x_wconf 77' lang='lat' dir='ltr'>precep-</span> 
     </span>
     <span class='ocr_line' id='line_1_8' title="bbox 133 690 1132 729; baseline -0.004 -8"><span class='ocrx_word' id='word_1_49' title='bbox 133 692 193 721; x_wconf 89' lang='lat' dir='ltr'>tori</span> <span class='ocrx_word' id='word_1_50' title='bbox 218 691 391 729; x_wconf 74' lang='lat' dir='ltr'>hospitalis</span> <span class='ocrx_word' id='word_1_51' title='bbox 408 692 526 721; x_wconf 74' lang='lat' dir='ltr'>Sancte</span> <span class='ocrx_word' id='word_1_52' title='bbox 545 691 647 721; x_wconf 81' lang='lat' dir='ltr'>Mat-ie</span> <span class='ocrx_word' id='word_1_53' title='bbox 665 691 939 720; x_wconf 79' lang='lat' dir='ltr'>Theotonicorum</span> <span class='ocrx_word' id='word_1_54' title='bbox 959 690 994 718; x_wconf 91' lang='lat' dir='ltr'>in</span> <span class='ocrx_word' id='word_1_55' title='bbox 1013 690 1132 718; x_wconf 78' lang='lat' dir='ltr'>Roma-</span> 
     </span>
     <span class='ocr_line' id='line_1_9' title="bbox 134 741 1131 781; baseline -0.004 -7"><span class='ocrx_word' id='word_1_56' title='bbox 134 745 199 774; x_wconf 86' lang='lat' dir='ltr'>nia.</span> <span class='ocrx_word' id='word_1_57' title='bbox 216 749 249 773; x_wconf 84' lang='lat' dir='ltr'>ut</span> <span class='ocrx_word' id='word_1_58' title='bbox 268 744 392 780; x_wconf 74' lang='lat' dir='ltr'>integre</span> <span class='ocrx_word' id='word_1_59' title='bbox 412 753 469 781; x_wconf 77' lang='lat' dir='ltr'>per</span> <span class='ocrx_word' id='word_1_60' title='bbox 485 753 602 773; x_wconf 82' lang='lat' dir='ltr'>manus</span> <span class='ocrx_word' id='word_1_61' title='bbox 619 753 742 773; x_wconf 85' lang='lat' dir='ltr'>corum.</span> <span class='ocrx_word' id='word_1_62' title='bbox 757 743 849 781; x_wconf 85' lang='lat' dir='ltr'>juxta</span> <span class='ocrx_word' id='word_1_63' title='bbox 870 742 1031 771; x_wconf 79' lang='lat' dir='ltr'>directum</span> <span class='ocrx_word' id='word_1_64' title='bbox 1050 741 1131 779; x_wconf 89' lang='lat' dir='ltr'>ipsis</span> 
     </span>
     <span class='ocr_line' id='line_1_10' title="bbox 133 794 1130 832; baseline -0.003 -7"><span class='ocrx_word' id='word_1_65' title='bbox 133 797 277 826; x_wconf 87' lang='lat' dir='ltr'>mandati</span> <span class='ocrx_word' id='word_1_66' title='bbox 296 796 398 825; x_wconf 79' lang='lat' dir='ltr'>nostri</span> <span class='ocrx_word' id='word_1_67' title='bbox 417 801 561 825; x_wconf 79' lang='lat' dir='ltr'>tenorem</span> <span class='ocrx_word' id='word_1_68' title='bbox 586 800 615 825; x_wconf 89' lang='lat' dir='ltr'>ct</span> <span class='ocrx_word' id='word_1_69' title='bbox 633 795 808 825; x_wconf 83' lang='lat' dir='ltr'>consilium</span> <span class='ocrx_word' id='word_1_70' title='bbox 829 795 945 832; x_wconf 87' lang='lat' dir='ltr'>prefati</span> <span class='ocrx_word' id='word_1_71' title='bbox 970 794 1130 832; x_wconf 91' lang='lat' dir='ltr'>principis</span> 
     </span>
     <span class='ocr_line' id='line_1_11' title="bbox 133 846 1130 886; baseline -0.004 -7"><span class='ocrx_word' id='word_1_72' title='bbox 133 860 167 880; x_wconf 83' lang='lat' dir='ltr'>ac.</span> <span class='ocrx_word' id='word_1_73' title='bbox 186 850 328 878; x_wconf 83' lang='lat' dir='ltr'>virorum</span> <span class='ocrx_word' id='word_1_74' title='bbox 346 850 449 879; x_wconf 83' lang='lat' dir='ltr'>Deum</span> <span class='ocrx_word' id='word_1_75' title='bbox 468 849 666 878; x_wconf 71' lang='lat' dir='ltr'>timentium.</span> <span class='ocrx_word' id='word_1_76' title='bbox 684 849 716 877; x_wconf 90' lang='lat' dir='ltr'>in</span> <span class='ocrx_word' id='word_1_77' title='bbox 736 848 865 886; x_wconf 86' lang='lat' dir='ltr'>imperii</span> <span class='ocrx_word' id='word_1_78' title='bbox 883 847 1001 886; x_wconf 86' lang='lat' dir='ltr'>prefati</span> <span class='ocrx_word' id='word_1_79' title='bbox 1021 846 1130 876; x_wconf 86' lang='lat' dir='ltr'>subsi-</span> 
     </span>
     <span class='ocr_line' id='line_1_12' title="bbox 132 900 1130 939; baseline -0.003 -7"><span class='ocrx_word' id='word_1_80' title='bbox 132 904 220 932; x_wconf 88' lang='lat' dir='ltr'>dium</span> <span class='ocrx_word' id='word_1_81' title='bbox 238 906 470 932; x_wconf 72' lang='lat' dir='ltr'>convertantur</span> <span class='ocrx_word' id='word_1_82' title='bbox 489 919 536 930; x_wconf 87' lang='lat'>—-.</span> <span class='ocrx_word' id='word_1_83' title='bbox 556 901 711 939; x_wconf 69' lang='lat' dir='ltr'>Alioquin</span> <span class='ocrx_word' id='word_1_84' title='bbox 729 919 767 922; x_wconf 86' lang='lat'>-—</span> <span class='ocrx_word' id='word_1_85' title='bbox 785 901 881 930; x_wconf 78' lang='lat' dir='ltr'>dictis</span> <span class='ocrx_word' id='word_1_86' title='bbox 901 900 1010 929; x_wconf 86' lang='lat' dir='ltr'>abbati</span> <span class='ocrx_word' id='word_1_87' title='bbox 1030 904 1059 929; x_wconf 91' lang='lat' dir='ltr'>et</span> <span class='ocrx_word' id='word_1_88' title='bbox 1077 908 1130 929; x_wconf 81' lang='lat' dir='ltr'>ca-</span> 
     </span>
     <span class='ocr_line' id='line_1_13' title="bbox 133 954 1130 986; baseline -0.003 -1"><span class='ocrx_word' id='word_1_89' title='bbox 133 957 249 986; x_wconf 73' lang='lat' dir='ltr'>nonico</span> <span class='ocrx_word' id='word_1_90' title='bbox 269 956 384 984; x_wconf 86' lang='lat' dir='ltr'>damus</span> <span class='ocrx_word' id='word_1_91' title='bbox 406 955 527 984; x_wconf 87' lang='lat' dir='ltr'>nostris</span> <span class='ocrx_word' id='word_1_92' title='bbox 550 954 670 984; x_wconf 86' lang='lat' dir='ltr'>litteris</span> <span class='ocrx_word' id='word_1_93' title='bbox 693 955 727 983; x_wconf 92' lang='lat' dir='ltr'>in</span> <span class='ocrx_word' id='word_1_94' title='bbox 747 954 910 983; x_wconf 84' lang='lat' dir='ltr'>mandatis</span> <span class='ocrx_word' id='word_1_95' title='bbox 933 957 967 982; x_wconf 88' lang='lat' dir='ltr'>ut</span> <span class='ocrx_word' id='word_1_96' title='bbox 990 958 1053 982; x_wconf 87' lang='lat' dir='ltr'>tam</span> <span class='ocrx_word' id='word_1_97' title='bbox 1074 962 1130 982; x_wconf 80' lang='lat' dir='ltr'>vos</span> 
     </span>
     <span class='ocr_line' id='line_1_14' title="bbox 131 1005 1130 1047; baseline -0.003 -10"><span class='ocrx_word' id='word_1_98' title='bbox 131 1018 227 1047; x_wconf 80' lang='lat' dir='ltr'>quam</span> <span class='ocrx_word' id='word_1_99' title='bbox 245 1008 381 1037; x_wconf 73' lang='lat' dir='ltr'>clericos</span> <span class='ocrx_word' id='word_1_100' title='bbox 398 1012 594 1037; x_wconf 81' lang='lat' dir='ltr'>memoratos</span> <span class='ocrx_word' id='word_1_101' title='bbox 611 1007 650 1036; x_wconf 90' lang='lat' dir='ltr'>ab</span> <span class='ocrx_word' id='word_1_102' title='bbox 667 1006 917 1036; x_wconf 81' lang='lat' dir='ltr'>subventionem</span> <span class='ocrx_word' id='word_1_103' title='bbox 940 1005 1130 1044; x_wconf 84' lang='lat' dir='ltr'>hujusmodi</span> 
     </span>
     <span class='ocr_line' id='line_1_15' title="bbox 131 1059 1128 1098; baseline -0.003 -8"><span class='ocrx_word' id='word_1_104' title='bbox 131 1066 161 1091; x_wconf 89' lang='lat' dir='ltr'>et</span> <span class='ocrx_word' id='word_1_105' title='bbox 184 1061 442 1098; x_wconf 69' lang='lat' dir='ltr'>assignationem</span> <span class='ocrx_word' id='word_1_106' title='bbox 461 1060 545 1089; x_wconf 81' lang='lat' dir='ltr'>dicte</span> <span class='ocrx_word' id='word_1_107' title='bbox 567 1061 668 1098; x_wconf 84' lang='lat' dir='ltr'>partis</span> <span class='ocrx_word' id='word_1_108' title='bbox 692 1064 909 1097; x_wconf 76' lang='lat' dir='ltr'>proventuum</span> <span class='ocrx_word' id='word_1_109' title='bbox 932 1059 1128 1093; x_wconf 83' lang='lat' dir='ltr'>faciendam,</span> 
     </span>
     <span class='ocr_line' id='line_1_16' title="bbox 130 1111 1130 1151; baseline -0.005 -7"><span class='ocrx_word' id='word_1_110' title='bbox 130 1114 311 1144; x_wconf 86' lang='lat' dir='ltr'>monitione</span> <span class='ocrx_word' id='word_1_111' title='bbox 338 1113 514 1151; x_wconf 87' lang='lat' dir='ltr'>premissa,</span> <span class='ocrx_word' id='word_1_112' title='bbox 537 1113 731 1142; x_wconf 83' lang='lat' dir='ltr'>auctoritate</span> <span class='ocrx_word' id='word_1_113' title='bbox 759 1116 886 1146; x_wconf 69' lang='lat' dir='ltr'>nostra,</span> <span class='ocrx_word' id='word_1_114' title='bbox 912 1111 1130 1149; x_wconf 81' lang='lat' dir='ltr'>appellatione</span> 
     </span>
     <span class='ocr_line' id='line_1_17' title="bbox 130 1166 795 1204; baseline -0.006 -7"><span class='ocrx_word' id='word_1_115' title='bbox 130 1172 265 1197; x_wconf 81' lang='lat' dir='ltr'>remota.</span> <span class='ocrx_word' id='word_1_116' title='bbox 284 1166 491 1204; x_wconf 82' lang='lat' dir='ltr'>compellant.</span> <span class='ocrx_word' id='word_1_117' title='bbox 513 1166 585 1195; x_wconf 88' lang='lat' dir='ltr'>Dat.</span> <span class='ocrx_word' id='word_1_118' title='bbox 601 1170 635 1194; x_wconf 91' lang='lat' dir='ltr'>ut</span> <span class='ocrx_word' id='word_1_119' title='bbox 653 1174 762 1203; x_wconf 81' lang='lat' dir='ltr'>supra.</span> <span class='ocrx_word' id='word_1_120' title='bbox 783 1177 795 1191; x_wconf 73' lang='lat' dir='ltr'>x&gt;</span> 
     </span>
    </p>
   </div>
   <div class='ocr_carea' id='block_1_3' title="bbox 199 1337 316 1365">
    <p class='ocr_par' dir='ltr' id='par_1_3' title="bbox 199 1337 316 1365">
     <span class='ocr_line' id='line_1_18' title="bbox 199 1337 316 1365; baseline -0.009 0"><span class='ocrx_word' id='word_1_121' title='bbox 199 1337 316 1365; x_wconf 66' lang='lat'>3⁴¹0</span> 
     </span>
    </p>
   </div>
   <div class='ocr_carea' id='block_1_4' title="bbox 129 1398 1130 1481">
    <p class='ocr_par' dir='ltr' id='par_1_4' title="bbox 129 1398 1130 1481">
     <span class='ocr_line' id='line_1_19' title="bbox 163 1398 1130 1432; baseline -0.002 -5"><span class='ocrx_word' id='word_1_122' title='bbox 163 1399 272 1427; x_wconf 77' lang='lat' dir='ltr'>Abbati</span> <span class='ocrx_word' id='word_1_123' title='bbox 288 1400 323 1425; x_wconf 91' lang='lat' dir='ltr'>de</span> <span class='ocrx_word' id='word_1_124' title='bbox 341 1399 448 1426; x_wconf 80' lang='lat' dir='ltr'>Tilieto</span> <span class='ocrx_word' id='word_1_125' title='bbox 464 1399 624 1425; x_wconf 80' lang='lat' dir='ltr'>committit</span> <span class='ocrx_word' id='word_1_126' title='bbox 642 1398 865 1432; x_wconf 80' lang='lat' dir='ltr'>inquisitionem</span> <span class='ocrx_word' id='word_1_127' title='bbox 886 1398 1045 1424; x_wconf 82' lang='lat' dir='ltr'>criminun]</span> <span class='ocrx_word' id='word_1_128' title='bbox 1064 1398 1130 1432; x_wconf 89' lang='lat' dir='ltr'>qui-</span> 
     </span>
     <span class='ocr_line' id='line_1_20' title="bbox 129 1446 1129 1481; baseline -0.002 -6"><span class='ocrx_word' id='word_1_129' title='bbox 129 1448 181 1475; x_wconf 84' lang='lat' dir='ltr'>bus</span> <span class='ocrx_word' id='word_1_130' title='bbox 197 1447 348 1481; x_wconf 72' lang='lat' dir='ltr'>episcopus</span> <span class='ocrx_word' id='word_1_131' title='bbox 364 1447 631 1480; x_wconf 69' lang='lat' dir='ltr'>Vigintimiliensis</span> <span class='ocrx_word' id='word_1_132' title='bbox 644 1447 814 1480; x_wconf 85' lang='lat' dir='ltr'>implicatus</span> <span class='ocrx_word' id='word_1_133' title='bbox 828 1449 899 1478; x_wconf 85' lang='lat' dir='ltr'>erat,</span> <span class='ocrx_word' id='word_1_134' title='bbox 913 1446 996 1480; x_wconf 81' lang='lat' dir='ltr'>eique</span> <span class='ocrx_word' id='word_1_135' title='bbox 1009 1447 1129 1473; x_wconf 84' lang='lat' dir='ltr'>mandat</span> 
     </span>
    </p>
   </div>
   <div class='ocr_carea' id='block_1_5' title="bbox 646 1336 1057 1369">
    <p class='ocr_par' dir='ltr' id='par_1_5' title="bbox 646 1336 1057 1369">
     <span class='ocr_line' id='line_1_21' title="bbox 646 1336 1057 1369; baseline -0.002 -6"><span class='ocrx_word' id='word_1_136' title='bbox 646 1336 744 1369; x_wconf 85' lang='lat' dir='ltr'>Terni,</span> <span class='ocrx_word' id='word_1_137' title='bbox 758 1336 792 1362; x_wconf 74' lang='lat'>‘22</span> <span class='ocrx_word' id='word_1_138' title='bbox 809 1336 966 1362; x_wconf 72' lang='lat' dir='ltr'>novembre</span> <span class='ocrx_word' id='word_1_139' title='bbox 979 1336 1057 1362; x_wconf 72' lang='lat'>1236.</span> 
     </span>
    </p>
   </div>
   <div class='ocr_carea' id='block_1_6' title="bbox 129 1495 1131 1671">
    <p class='ocr_par' dir='ltr' id='par_1_6' title="bbox 129 1495 1131 1671">
     <span class='ocr_line' id='line_1_22' title="bbox 129 1495 1130 1531; baseline 0 -9"><span class='ocrx_word' id='word_1_140' title='bbox 129 1498 272 1531; x_wconf 76' lang='lat' dir='ltr'>quatenus</span> <span class='ocrx_word' id='word_1_141' title='bbox 290 1497 420 1529; x_wconf 84' lang='lat' dir='ltr'>praefato</span> <span class='ocrx_word' id='word_1_142' title='bbox 433 1496 567 1529; x_wconf 76' lang='lat' dir='ltr'>episeopo</span> <span class='ocrx_word' id='word_1_143' title='bbox 582 1495 741 1522; x_wconf 82' lang='lat' dir='ltr'>terminum</span> <span class='ocrx_word' id='word_1_144' title='bbox 759 1495 912 1529; x_wconf 71' lang='lat' dir='ltr'>praefigat,</span> <span class='ocrx_word' id='word_1_145' title='bbox 930 1503 985 1528; x_wconf 82' lang='lat' dir='ltr'>quo</span> <span class='ocrx_word' id='word_1_146' title='bbox 1001 1504 1029 1521; x_wconf 82' lang='lat' dir='ltr'>se</span> <span class='ocrx_word' id='word_1_147' title='bbox 1045 1504 1130 1529; x_wconf 66' lang='lat' dir='ltr'>apos-⁴</span> 
     </span>
     <span class='ocr_line' id='line_1_23' title="bbox 129 1544 1130 1578; baseline -0.001 -7"><span class='ocrx_word' id='word_1_148' title='bbox 129 1545 216 1572; x_wconf 70' lang='lat' dir='ltr'>tolico</span> <span class='ocrx_word' id='word_1_149' title='bbox 230 1544 398 1578; x_wconf 65' lang='lat' dir='ltr'>conspectui</span> <span class='ocrx_word' id='word_1_150' title='bbox 413 1544 604 1578; x_wconf 80' lang='lat' dir='ltr'>personaliter</span> <span class='ocrx_word' id='word_1_151' title='bbox 618 1546 824 1577; x_wconf 79' lang='lat' dir='ltr'>repraesentet,</span> <span class='ocrx_word' id='word_1_152' title='bbox 838 1551 887 1577; x_wconf 85' lang='lat' dir='ltr'>pro</span> <span class='ocrx_word' id='word_1_153' title='bbox 902 1544 1016 1570; x_wconf 69' lang='lat' dir='ltr'>meritis</span> <span class='ocrx_word' id='word_1_154' title='bbox 1030 1552 1130 1578; x_wconf 80' lang='lat' dir='ltr'>rec-ep-</span> 
     </span>
     <span class='ocr_line' id='line_1_24' title="bbox 130 1591 1131 1625; baseline 0 -5"><span class='ocrx_word' id='word_1_155' title='bbox 130 1597 221 1620; x_wconf 73' lang='lat' dir='ltr'>turus,</span> <span class='ocrx_word' id='word_1_156' title='bbox 241 1607 271 1611; x_wconf 77' lang='lat'>—·</span> <span class='ocrx_word' id='word_1_157' title='bbox 288 1593 373 1623; x_wconf 63' lang='lat' dir='ltr'>tnnc..</span> <span class='ocrx_word' id='word_1_158' title='bbox 396 1592 444 1625; x_wconf 84' lang='lat'>18,</span> <span class='ocrx_word' id='word_1_159' title='bbox 467 1593 486 1618; x_wconf 78' lang='lat' dir='ltr'>f.</span> <span class='ocrx_word' id='word_1_160' title='bbox 510 1592 561 1618; x_wconf 71' lang='lat'>212</span> <span class='ocrx_word' id='word_1_161' title='bbox 585 1595 621 1623; x_wconf 84' lang='lat' dir='ltr'>r⁰;</span> <span class='ocrx_word' id='word_1_162' title='bbox 639 1600 707 1618; x_wconf 85' lang='lat' dir='ltr'>ann.</span> <span class='ocrx_word' id='word_1_163' title='bbox 729 1592 773 1624; x_wconf 84' lang='lat' dir='ltr'>X,</span> <span class='ocrx_word' id='word_1_164' title='bbox 796 1600 820 1617; x_wconf 83' lang='lat' dir='ltr'>c.</span> <span class='ocrx_word' id='word_1_165' title='bbox 842 1591 907 1623; x_wconf 71' lang='lat'><em>‘294;</em></span> <span class='ocrx_word' id='word_1_166' title='bbox 926 1607 957 1610; x_wconf 86' lang='lat'>—</span> <span class='ocrx_word' id='word_1_167' title='bbox 976 1593 1131 1620; x_wconf 64' lang='lat' dir='ltr'>POTTnAsr</span> 
     </span>
     <span class='ocr_line' id='line_1_25' title="bbox 130 1641 239 1671; baseline -0.018 -3"><span class='ocrx_word' id='word_1_168' title='bbox 130 1641 239 1671; x_wconf 74' lang='lat'>10265.)</span> 
     </span>
    </p>
   </div>
   <div class='ocr_carea' id='block_1_7' title="bbox 125 1741 1131 2832">
    <p class='ocr_par' dir='ltr' id='par_1_7' title="bbox 125 1741 1131 2832">
     <span class='ocr_line' id='line_1_26' title="bbox 172 1741 1131 1779; baseline 0.002 -11"><span class='ocrx_word' id='word_1_169' title='bbox 172 1754 183 1768; x_wconf 73' lang='lat' dir='ltr'>a</span> <span class='ocrx_word' id='word_1_170' title='bbox 206 1765 224 1770; x_wconf 91' lang='lat'>..</span> <span class='ocrx_word' id='word_1_171' title='bbox 239 1742 338 1770; x_wconf 79' lang='lat' dir='ltr'>abbati</span> <span class='ocrx_word' id='word_1_172' title='bbox 351 1742 384 1769; x_wconf 75' lang='lat' dir='ltr'>[Ie</span> <span class='ocrx_word' id='word_1_173' title='bbox 402 1742 517 1770; x_wconf 67' lang='lat' dir='ltr'>Tilirlo.</span> <span class='ocrx_word' id='word_1_174' title='bbox 536 1741 572 1770; x_wconf 83' lang='lat' dir='ltr'>ln</span> <span class='ocrx_word' id='word_1_175' title='bbox 590 1745 716 1770; x_wconf 90' lang='lat' dir='ltr'>tantum</span> <span class='ocrx_word' id='word_1_176' title='bbox 731 1741 853 1770; x_wconf 85' lang='lat' dir='ltr'>clamor</span> <span class='ocrx_word' id='word_1_177' title='bbox 870 1742 925 1779; x_wconf 77' lang='lat' dir='ltr'>qui</span> <span class='ocrx_word' id='word_1_178' title='bbox 937 1741 1131 1779; x_wconf 78' lang='lat' dir='ltr'>jamdudum</span> 
     </span>
     <span class='ocr_line' id='line_1_27' title="bbox 131 1793 1130 1832; baseline -0.001 -8"><span class='ocrx_word' id='word_1_179' title='bbox 131 1799 242 1824; x_wconf 85' lang='lat' dir='ltr'>contra</span> <span class='ocrx_word' id='word_1_180' title='bbox 266 1794 453 1832; x_wconf 76' lang='lat' dir='ltr'>episcopum</span> <span class='ocrx_word' id='word_1_181' title='bbox 478 1793 798 1830; x_wconf 68' lang='lat' dir='ltr'>Yigintimiliensem</span> <span class='ocrx_word' id='word_1_182' title='bbox 826 1794 972 1823; x_wconf 76' lang='lat' dir='ltr'>ascendit</span> <span class='ocrx_word' id='word_1_183' title='bbox 996 1794 1034 1824; x_wconf 85' lang='lat' dir='ltr'>de</span> <span class='ocrx_word' id='word_1_184' title='bbox 1060 1794 1130 1823; x_wconf 90' lang='lat' dir='ltr'>suis</span> 
     </span>
     <span class='ocr_line' id='line_1_28' title="bbox 131 1846 1131 1885; baseline 0 -8"><span class='ocrx_word' id='word_1_185' title='bbox 131 1847 282 1877; x_wconf 75' lang='lat' dir='ltr'>nefandis</span> <span class='ocrx_word' id='word_1_186' title='bbox 301 1847 443 1881; x_wconf 77' lang='lat' dir='ltr'>actibus,</span> <span class='ocrx_word' id='word_1_187' title='bbox 470 1846 658 1881; x_wconf 74' lang='lat' dir='ltr'>invalescit,</span> <span class='ocrx_word' id='word_1_188' title='bbox 680 1846 764 1884; x_wconf 83' lang='lat' dir='ltr'>quod</span> <span class='ocrx_word' id='word_1_189' title='bbox 787 1846 998 1876; x_wconf 82' lang='lat' dir='ltr'>dissimulare</span> <span class='ocrx_word' id='word_1_190' title='bbox 1022 1848 1131 1885; x_wconf 85' lang='lat' dir='ltr'>ipsum</span> 
     </span>
     <span class='ocr_line' id='line_1_29' title="bbox 131 1899 1130 1938; baseline 0.001 -9"><span class='ocrx_word' id='word_1_191' title='bbox 131 1899 269 1930; x_wconf 86' lang='lat' dir='ltr'>ulterius</span> <span class='ocrx_word' id='word_1_192' title='bbox 293 1899 382 1929; x_wconf 82' lang='lat' dir='ltr'>salva</span> <span class='ocrx_word' id='word_1_193' title='bbox 402 1899 605 1928; x_wconf 78' lang='lat' dir='ltr'>conscientia</span> <span class='ocrx_word' id='word_1_194' title='bbox 626 1908 690 1928; x_wconf 90' lang='lat' dir='ltr'>non</span> <span class='ocrx_word' id='word_1_195' title='bbox 712 1899 858 1929; x_wconf 80' lang='lat' dir='ltr'>valemus</span> <span class='ocrx_word' id='word_1_196' title='bbox 880 1908 986 1938; x_wconf 74' lang='lat' dir='ltr'>neque</span> <span class='ocrx_word' id='word_1_197' title='bbox 1006 1900 1130 1938; x_wconf 81' lang='lat' dir='ltr'>absque</span> 
     </span>
     <span class='ocr_line' id='line_1_30' title="bbox 130 1951 1130 1991; baseline 0.001 -9"><span class='ocrx_word' id='word_1_198' title='bbox 130 1952 275 1991; x_wconf 74' lang='lat' dir='ltr'>periculo</span> <span class='ocrx_word' id='word_1_199' title='bbox 301 1952 449 1981; x_wconf 79' lang='lat' dir='ltr'>tolerare.</span> <span class='ocrx_word' id='word_1_200' title='bbox 477 1953 590 1981; x_wconf 82' lang='lat' dir='ltr'>Preter</span> <span class='ocrx_word' id='word_1_201' title='bbox 616 1951 680 1981; x_wconf 88' lang='lat' dir='ltr'>alia</span> <span class='ocrx_word' id='word_1_202' title='bbox 702 1952 865 1990; x_wconf 75' lang='lat' dir='ltr'>siquidem</span> <span class='ocrx_word' id='word_1_203' title='bbox 888 1953 1000 1989; x_wconf 70' lang='lat' dir='ltr'>gravia</span> <span class='ocrx_word' id='word_1_204' title='bbox 1027 1962 1089 1991; x_wconf 79' lang='lat' dir='ltr'>que</span> <span class='ocrx_word' id='word_1_205' title='bbox 1112 1963 1130 1983; x_wconf 85' lang='lat' dir='ltr'>a.</span> 
     </span>
     <span class='ocr_line' id='line_1_31' title="bbox 129 2005 1130 2043; baseline -0.001 -7"><span class='ocrx_word' id='word_1_206' title='bbox 129 2005 243 2036; x_wconf 83' lang='lat' dir='ltr'>multis</span> <span class='ocrx_word' id='word_1_207' title='bbox 261 2010 337 2035; x_wconf 87' lang='lat' dir='ltr'>sunt</span> <span class='ocrx_word' id='word_1_208' title='bbox 351 2005 451 2035; x_wconf 82' lang='lat' dir='ltr'>relata</span> <span class='ocrx_word' id='word_1_209' title='bbox 469 2005 506 2034; x_wconf 81' lang='lat' dir='ltr'>de</span> <span class='ocrx_word' id='word_1_210' title='bbox 520 2005 601 2043; x_wconf 77' lang='lat' dir='ltr'>ipso.</span> <span class='ocrx_word' id='word_1_211' title='bbox 618 2014 732 2042; x_wconf 78' lang='lat' dir='ltr'>nuper,</span> <span class='ocrx_word' id='word_1_212' title='bbox 748 2005 877 2035; x_wconf 85' lang='lat' dir='ltr'>dilectis</span> <span class='ocrx_word' id='word_1_213' title='bbox 894 2005 973 2034; x_wconf 84' lang='lat' dir='ltr'>filiis</span> <span class='ocrx_word' id='word_1_214' title='bbox 988 2030 1007 2035; x_wconf 88' lang='lat'>..</span> <span class='ocrx_word' id='word_1_215' title='bbox 1025 2007 1130 2036; x_wconf 88' lang='lat' dir='ltr'>archi-</span> 
     </span>
     <span class='ocr_line' id='line_1_32' title="bbox 128 2057 1130 2095; baseline 0.001 -7"><span class='ocrx_word' id='word_1_216' title='bbox 128 2058 279 2092; x_wconf 86' lang='lat' dir='ltr'>diacono,</span> <span class='ocrx_word' id='word_1_217' title='bbox 299 2081 320 2086; x_wconf 93' lang='lat'>..</span> <span class='ocrx_word' id='word_1_218' title='bbox 339 2058 503 2095; x_wconf 74' lang='lat' dir='ltr'>preposito</span> <span class='ocrx_word' id='word_1_219' title='bbox 525 2062 553 2087; x_wconf 89' lang='lat' dir='ltr'>ct</span> <span class='ocrx_word' id='word_1_220' title='bbox 576 2057 753 2087; x_wconf 83' lang='lat' dir='ltr'>Guillelmo</span> <span class='ocrx_word' id='word_1_221' title='bbox 775 2058 812 2087; x_wconf 90' lang='lat' dir='ltr'>de</span> <span class='ocrx_word' id='word_1_222' title='bbox 834 2058 952 2095; x_wconf 74' lang='lat' dir='ltr'>Pigna.</span> <span class='ocrx_word' id='word_1_223' title='bbox 972 2060 1130 2089; x_wconf 80' lang='lat' dir='ltr'>canonico</span> 
     </span>
     <span class='ocr_line' id='line_1_33' title="bbox 127 2110 1131 2148; baseline 0.001 -8"><span class='ocrx_word' id='word_1_224' title='bbox 127 2110 484 2147; x_wconf 70' lang='lat' dir='ltr'>Vigintimiliensibus‚</span> <span class='ocrx_word' id='word_1_225' title='bbox 508 2115 537 2139; x_wconf 87' lang='lat' dir='ltr'>et</span> <span class='ocrx_word' id='word_1_226' title='bbox 563 2110 761 2148; x_wconf 81' lang='lat' dir='ltr'>quibusdam</span> <span class='ocrx_word' id='word_1_227' title='bbox 787 2110 916 2140; x_wconf 84' lang='lat' dir='ltr'>clericis</span> <span class='ocrx_word' id='word_1_228' title='bbox 936 2111 1131 2147; x_wconf 57' lang='lat' dir='ltr'>vigintimi-</span> 
     </span>
     <span class='ocr_line' id='line_1_34' title="bbox 128 2162 1130 2201; baseline 0.001 -9"><span class='ocrx_word' id='word_1_229' title='bbox 128 2162 245 2192; x_wconf 84' lang='lat' dir='ltr'>liensis</span> <span class='ocrx_word' id='word_1_230' title='bbox 262 2162 402 2191; x_wconf 74' lang='lat' dir='ltr'>diocesis</span> <span class='ocrx_word' id='word_1_231' title='bbox 422 2163 653 2193; x_wconf 80' lang='lat' dir='ltr'>referentibus.</span> <span class='ocrx_word' id='word_1_232' title='bbox 671 2163 765 2192; x_wconf 86' lang='lat' dir='ltr'>nobis</span> <span class='ocrx_word' id='word_1_233' title='bbox 780 2163 925 2192; x_wconf 83' lang='lat' dir='ltr'>innotuit</span> <span class='ocrx_word' id='word_1_234' title='bbox 942 2164 1027 2201; x_wconf 77' lang='lat' dir='ltr'>quod</span> <span class='ocrx_word' id='word_1_235' title='bbox 1043 2164 1130 2194; x_wconf 92' lang='lat' dir='ltr'>idem</span> 
     </span>
     <span class='ocr_line' id='line_1_35' title="bbox 129 2215 1131 2253; baseline 0 -8"><span class='ocrx_word' id='word_1_236' title='bbox 129 2215 316 2252; x_wconf 77' lang='lat' dir='ltr'>epist-opus.</span> <span class='ocrx_word' id='word_1_237' title='bbox 335 2215 390 2252; x_wconf 78' lang='lat' dir='ltr'>qui</span> <span class='ocrx_word' id='word_1_238' title='bbox 409 2215 517 2243; x_wconf 77' lang='lat' dir='ltr'>necin</span> <span class='ocrx_word' id='word_1_239' title='bbox 539 2215 761 2252; x_wconf 83' lang='lat' dir='ltr'>episcopatum</span> <span class='ocrx_word' id='word_1_240' title='bbox 784 2224 840 2253; x_wconf 86' lang='lat' dir='ltr'>per</span> <span class='ocrx_word' id='word_1_241' title='bbox 862 2215 982 2244; x_wconf 90' lang='lat' dir='ltr'>ostium</span> <span class='ocrx_word' id='word_1_242' title='bbox 1008 2221 1056 2245; x_wconf 81' lang='lat' dir='ltr'>est</span> <span class='ocrx_word' id='word_1_243' title='bbox 1079 2217 1131 2245; x_wconf 92' lang='lat' dir='ltr'>in-</span> 
     </span>
     <span class='ocr_line' id='line_1_36' title="bbox 130 2267 1130 2307; baseline -0.001 -11"><span class='ocrx_word' id='word_1_244' title='bbox 130 2276 275 2306; x_wconf 83' lang='lat' dir='ltr'>gressus,</span> <span class='ocrx_word' id='word_1_245' title='bbox 292 2276 350 2296; x_wconf 78' lang='lat' dir='ltr'>nec</span> <span class='ocrx_word' id='word_1_246' title='bbox 367 2267 509 2296; x_wconf 67' lang='lat' dir='ltr'>officium</span> <span class='ocrx_word' id='word_1_247' title='bbox 527 2276 622 2295; x_wconf 90' lang='lat' dir='ltr'>suum</span> <span class='ocrx_word' id='word_1_248' title='bbox 640 2268 823 2305; x_wconf 76' lang='lat' dir='ltr'>exequitur,</span> <span class='ocrx_word' id='word_1_249' title='bbox 839 2268 905 2296; x_wconf 81' lang='lat' dir='ltr'>nisi</span> <span class='ocrx_word' id='word_1_250' title='bbox 922 2272 955 2297; x_wconf 91' lang='lat' dir='ltr'>ut</span> <span class='ocrx_word' id='word_1_251' title='bbox 973 2269 1130 2307; x_wconf 74' lang='lat' dir='ltr'>subjectis</span> 
     </span>
     <span class='ocr_line' id='line_1_37' title="bbox 129 2320 1129 2357; baseline 0.001 -6"><span class='ocrx_word' id='word_1_252' title='bbox 129 2320 265 2353; x_wconf 82' lang='lat' dir='ltr'>officiat,</span> <span class='ocrx_word' id='word_1_253' title='bbox 292 2320 336 2348; x_wconf 92' lang='lat' dir='ltr'>ita</span> <span class='ocrx_word' id='word_1_254' title='bbox 361 2324 409 2349; x_wconf 82' lang='lat' dir='ltr'>est</span> <span class='ocrx_word' id='word_1_255' title='bbox 432 2320 515 2349; x_wconf 83' lang='lat' dir='ltr'>fedis</span> <span class='ocrx_word' id='word_1_256' title='bbox 537 2320 664 2349; x_wconf 80' lang='lat' dir='ltr'>actibus</span> <span class='ocrx_word' id='word_1_257' title='bbox 687 2320 883 2357; x_wconf 76' lang='lat' dir='ltr'>depravatus</span> <span class='ocrx_word' id='word_1_258' title='bbox 907 2330 942 2350; x_wconf 89' lang='lat' dir='ltr'>ac</span> <span class='ocrx_word' id='word_1_259' title='bbox 966 2321 1048 2351; x_wconf 80' lang='lat' dir='ltr'>alios</span> <span class='ocrx_word' id='word_1_260' title='bbox 1072 2332 1129 2353; x_wconf 83' lang='lat' dir='ltr'>sue</span> 
     </span>
     <span class='ocr_line' id='line_1_38' title="bbox 128 2371 1130 2413; baseline 0.002 -11"><span class='ocrx_word' id='word_1_261' title='bbox 128 2372 351 2413; x_wconf 78' lang='lat' dir='ltr'>perversionis</span> <span class='ocrx_word' id='word_1_262' title='bbox 372 2371 517 2409; x_wconf 86' lang='lat' dir='ltr'>exemplo</span> <span class='ocrx_word' id='word_1_263' title='bbox 541 2372 711 2409; x_wconf 80' lang='lat' dir='ltr'>depravat.</span> <span class='ocrx_word' id='word_1_264' title='bbox 734 2376 769 2401; x_wconf 80' lang='lat' dir='ltr'>ut</span> <span class='ocrx_word' id='word_1_265' title='bbox 792 2373 822 2401; x_wconf 92' lang='lat' dir='ltr'>ei</span> <span class='ocrx_word' id='word_1_266' title='bbox 847 2373 950 2410; x_wconf 86' lang='lat' dir='ltr'>possit</span> <span class='ocrx_word' id='word_1_267' title='bbox 969 2374 1130 2404; x_wconf 74' lang='lat' dir='ltr'>veraciter</span> 
     </span>
     <span class='ocr_line' id='line_1_39' title="bbox 129 2424 1127 2463; baseline 0.002 -8"><span class='ocrx_word' id='word_1_268' title='bbox 129 2425 287 2463; x_wconf 81' lang='lat' dir='ltr'>adaptari,</span> <span class='ocrx_word' id='word_1_269' title='bbox 308 2424 394 2463; x_wconf 85' lang='lat' dir='ltr'>quod</span> <span class='ocrx_word' id='word_1_270' title='bbox 409 2424 530 2453; x_wconf 84' lang='lat' dir='ltr'>dicitur</span> <span class='ocrx_word' id='word_1_271' title='bbox 548 2434 554 2453; x_wconf 81' lang='lat' dir='ltr'><em>z</em></span> <span class='ocrx_word' id='word_1_272' title='bbox 575 2437 586 2450; x_wconf 85' lang='lat'>«</span> <span class='ocrx_word' id='word_1_273' title='bbox 608 2425 724 2454; x_wconf 84' lang='lat' dir='ltr'>Homo.</span> <span class='ocrx_word' id='word_1_274' title='bbox 743 2434 816 2454; x_wconf 83' lang='lat' dir='ltr'>cnm</span> <span class='ocrx_word' id='word_1_275' title='bbox 837 2425 871 2454; x_wconf 93' lang='lat' dir='ltr'>in</span> <span class='ocrx_word' id='word_1_276' title='bbox 888 2425 1011 2455; x_wconf 87' lang='lat' dir='ltr'>honore</span> <span class='ocrx_word' id='word_1_277' title='bbox 1031 2432 1127 2462; x_wconf 84' lang='lat' dir='ltr'>esset,</span> 
     </span>
     <span class='ocr_line' id='line_1_40' title="bbox 130 2476 1127 2516; baseline 0 -10"><span class='ocrx_word' id='word_1_278' title='bbox 130 2490 143 2506; x_wconf 90' lang='lat'>»</span> <span class='ocrx_word' id='word_1_279' title='bbox 160 2486 224 2507; x_wconf 90' lang='lat' dir='ltr'>non</span> <span class='ocrx_word' id='word_1_280' title='bbox 241 2476 414 2511; x_wconf 68' lang='lat' dir='ltr'>intellexit,</span> <span class='ocrx_word' id='word_1_281' title='bbox 426 2477 586 2515; x_wconf 81' lang='lat' dir='ltr'>jumentis</span> <span class='ocrx_word' id='word_1_282' title='bbox 603 2477 840 2514; x_wconf 76' lang='lat' dir='ltr'>insipientibus</span> <span class='ocrx_word' id='word_1_283' title='bbox 857 2481 1094 2516; x_wconf 84' lang='lat' dir='ltr'>comparatus¹.</span> <span class='ocrx_word' id='word_1_284' title='bbox 1113 2491 1127 2506; x_wconf 73' lang='lat' dir='ltr'>n</span> 
     </span>
     <span class='ocr_line' id='line_1_41' title="bbox 128 2529 1130 2567; baseline 0.001 -7"><span class='ocrx_word' id='word_1_285' title='bbox 128 2531 223 2565; x_wconf 69' lang='lat' dir='ltr'>Nam,</span> <span class='ocrx_word' id='word_1_286' title='bbox 240 2539 313 2559; x_wconf 91' lang='lat' dir='ltr'>cum</span> <span class='ocrx_word' id='word_1_287' title='bbox 334 2529 473 2559; x_wconf 87' lang='lat' dir='ltr'>eundem</span> <span class='ocrx_word' id='word_1_288' title='bbox 490 2529 714 2567; x_wconf 79' lang='lat' dir='ltr'>episcopatum</span> <span class='ocrx_word' id='word_1_289' title='bbox 731 2529 923 2565; x_wconf 76' lang='lat' dir='ltr'>simoniace,</span> <span class='ocrx_word' id='word_1_290' title='bbox 944 2531 1029 2560; x_wconf 86' lang='lat' dir='ltr'>sicut</span> <span class='ocrx_word' id='word_1_291' title='bbox 1047 2532 1130 2561; x_wconf 82' lang='lat' dir='ltr'>dici-</span> 
     </span>
     <span class='ocr_line' id='line_1_42' title="bbox 126 2581 1129 2620; baseline 0 -7"><span class='ocrx_word' id='word_1_292' title='bbox 126 2587 190 2618; x_wconf 85' lang='lat' dir='ltr'>tur,</span> <span class='ocrx_word' id='word_1_293' title='bbox 209 2583 251 2612; x_wconf 87' lang='lat' dir='ltr'>sit</span> <span class='ocrx_word' id='word_1_294' title='bbox 268 2582 415 2620; x_wconf 72' lang='lat' dir='ltr'>adeptus,</span> <span class='ocrx_word' id='word_1_295' title='bbox 433 2581 466 2610; x_wconf 90' lang='lat' dir='ltr'>in</span> <span class='ocrx_word' id='word_1_296' title='bbox 484 2582 589 2619; x_wconf 84' lang='lat' dir='ltr'>ipsius</span> <span class='ocrx_word' id='word_1_297' title='bbox 606 2582 675 2611; x_wconf 87' lang='lat' dir='ltr'>soro</span> <span class='ocrx_word' id='word_1_298' title='bbox 688 2581 844 2611; x_wconf 85' lang='lat' dir='ltr'>ecclesias</span> <span class='ocrx_word' id='word_1_299' title='bbox 858 2586 889 2611; x_wconf 88' lang='lat' dir='ltr'>et</span> <span class='ocrx_word' id='word_1_300' title='bbox 905 2582 1129 2614; x_wconf 81' lang='lat' dir='ltr'>ecclesiastica</span> 
     </span>
     <span class='ocr_line' id='line_1_43' title="bbox 125 2634 1129 2673; baseline 0 -7"><span class='ocrx_word' id='word_1_301' title='bbox 125 2636 285 2666; x_wconf 80' lang='lat' dir='ltr'>beneficia</span> <span class='ocrx_word' id='word_1_302' title='bbox 303 2639 491 2665; x_wconf 86' lang='lat' dir='ltr'>mercantur</span> <span class='ocrx_word' id='word_1_303' title='bbox 510 2634 719 2673; x_wconf 75' lang='lat' dir='ltr'>sy1noni[aci]</span> <span class='ocrx_word' id='word_1_304' title='bbox 736 2639 945 2670; x_wconf 79' lang='lat' dir='ltr'>mercatores,</span> <span class='ocrx_word' id='word_1_305' title='bbox 961 2636 1065 2666; x_wconf 82' lang='lat' dir='ltr'>nichil</span> <span class='ocrx_word' id='word_1_306' title='bbox 1082 2637 1129 2666; x_wconf 82' lang='lat' dir='ltr'>ibi</span> 
     </span>
     <span class='ocr_line' id='line_1_44' title="bbox 127 2687 1128 2727; baseline -0.001 -8"><span class='ocrx_word' id='word_1_307' title='bbox 127 2688 346 2727; x_wconf 72' lang='lat' dir='ltr'>spiritualiter</span> <span class='ocrx_word' id='word_1_308' title='bbox 362 2688 400 2717; x_wconf 90' lang='lat' dir='ltr'>de</span> <span class='ocrx_word' id='word_1_309' title='bbox 417 2687 648 2725; x_wconf 79' lang='lat' dir='ltr'>spiritualibus</span> <span class='ocrx_word' id='word_1_310' title='bbox 663 2688 781 2725; x_wconf 75' lang='lat' dir='ltr'>agitur,</span> <span class='ocrx_word' id='word_1_311' title='bbox 801 2688 858 2717; x_wconf 90' lang='lat' dir='ltr'>sed</span> <span class='ocrx_word' id='word_1_312' title='bbox 874 2688 947 2726; x_wconf 93' lang='lat' dir='ltr'>plus</span> <span class='ocrx_word' id='word_1_313' title='bbox 963 2690 1128 2719; x_wconf 74' lang='lat' dir='ltr'>offerenti-</span> 
     </span>
     <span class='ocr_line' id='line_1_45' title="bbox 125 2741 1128 2779; baseline 0 -8"><span class='ocrx_word' id='word_1_314' title='bbox 125 2742 187 2771; x_wconf 88' lang='lat' dir='ltr'>bus</span> <span class='ocrx_word' id='word_1_315' title='bbox 209 2741 444 2775; x_wconf 80' lang='lat' dir='ltr'>conceduntur,</span> <span class='ocrx_word' id='word_1_316' title='bbox 466 2749 529 2769; x_wconf 89' lang='lat' dir='ltr'>non</span> <span class='ocrx_word' id='word_1_317' title='bbox 547 2741 754 2770; x_wconf 87' lang='lat' dir='ltr'>considerato</span> <span class='ocrx_word' id='word_1_318' title='bbox 770 2741 949 2779; x_wconf 77' lang='lat' dir='ltr'>prudenter</span> <span class='ocrx_word' id='word_1_319' title='bbox 965 2742 1051 2779; x_wconf 81' lang='lat' dir='ltr'>quod</span> <span class='ocrx_word' id='word_1_320' title='bbox 1068 2743 1128 2771; x_wconf 89' lang='lat' dir='ltr'>Ec-</span> 
     </span>
     <span class='ocr_line' id='line_1_46' title="bbox 126 2793 1127 2832; baseline -0.001 -8"><span class='ocrx_word' id='word_1_321' title='bbox 126 2794 225 2824; x_wconf 84' lang='lat' dir='ltr'>clesie</span> <span class='ocrx_word' id='word_1_322' title='bbox 243 2794 394 2832; x_wconf 88' lang='lat' dir='ltr'>princeps</span> <span class='ocrx_word' id='word_1_323' title='bbox 410 2793 445 2822; x_wconf 91' lang='lat' dir='ltr'>in</span> <span class='ocrx_word' id='word_1_324' title='bbox 465 2793 609 2832; x_wconf 74' lang='lat' dir='ltr'>Symone</span> <span class='ocrx_word' id='word_1_325' title='bbox 627 2793 705 2822; x_wconf 87' lang='lat' dir='ltr'>talia</span> <span class='ocrx_word' id='word_1_326' title='bbox 729 2802 792 2822; x_wconf 81' lang='lat' dir='ltr'>non</span> <span class='ocrx_word' id='word_1_327' title='bbox 812 2797 861 2823; x_wconf 84' lang='lat' dir='ltr'>est</span> <span class='ocrx_word' id='word_1_328' title='bbox 877 2802 994 2830; x_wconf 85' lang='lat' dir='ltr'>passus</span> <span class='ocrx_word' id='word_1_329' title='bbox 1004 2796 1024 2829; x_wconf 62' lang='grc' dir='ltr'>Ἰ,</span> <span class='ocrx_word' id='word_1_330' title='bbox 1047 2798 1075 2823; x_wconf 86' lang='lat' dir='ltr'>et</span> <span class='ocrx_word' id='word_1_331' title='bbox 1093 2795 1127 2823; x_wconf 92' lang='lat' dir='ltr'>in</span> 
     </span>
    </p>
   </div>
   <div class='ocr_carea' id='block_1_8' title="bbox 156 2919 523 2989">
    <p class='ocr_par' dir='ltr' id='par_1_8' title="bbox 156 2919 523 2989">
     <span class='ocr_line' id='line_1_47' title="bbox 159 2919 523 2945; baseline -0.003 -2"><span class='ocrx_word' id='word_1_332' title='bbox 159 2920 178 2943; x_wconf 88' lang='grc'>1.</span> <span class='ocrx_word' id='word_1_333' title='bbox 199 2919 241 2942; x_wconf 81' lang='lat' dir='ltr'>l&#39;s.</span> <span class='ocrx_word' id='word_1_334' title='bbox 259 2919 380 2945; x_wconf 67' lang='lat' dir='ltr'>XLx&#39;nl,</span> <span class='ocrx_word' id='word_1_335' title='bbox 400 2919 425 2942; x_wconf 78' lang='lat'>13</span> <span class='ocrx_word' id='word_1_336' title='bbox 441 2922 465 2942; x_wconf 82' lang='lat' dir='ltr'>et</span> <span class='ocrx_word' id='word_1_337' title='bbox 484 2919 523 2943; x_wconf 72' lang='lat'>21.</span> 
     </span>
     <span class='ocr_line' id='line_1_48' title="bbox 156 2963 436 2989; baseline -0.004 -3"><span class='ocrx_word' id='word_1_338' title='bbox 156 2964 178 2986; x_wconf 63' lang='lat'>⁵2.</span> <span class='ocrx_word' id='word_1_339' title='bbox 198 2964 259 2986; x_wconf 64' lang='lat' dir='ltr'>Aur.</span> <span class='ocrx_word' id='word_1_340' title='bbox 278 2963 351 2989; x_wconf 64' lang='lat' dir='ltr'>thl,</span> <span class='ocrx_word' id='word_1_341' title='bbox 369 2963 436 2986; x_wconf 58' lang='lat'>9:34.</span> 
     </span>
    </p>
   </div>
   <div class='ocr_carea' id='block_1_9' title="bbox 1210 373 2223 2787">
    <p class='ocr_par' dir='ltr' id='par_1_9' title="bbox 1210 373 2223 2787">
     <span class='ocr_line' id='line_1_49' title="bbox 1217 373 2222 413; baseline 0 -9"><span class='ocrx_word' id='word_1_342' title='bbox 1217 375 1317 413; x_wconf 65' lang='lat' dir='ltr'>Gyezi</span> <span class='ocrx_word' id='word_1_343' title='bbox 1333 383 1397 404; x_wconf 89' lang='lat' dir='ltr'>non</span> <span class='ocrx_word' id='word_1_344' title='bbox 1415 374 1573 403; x_wconf 87' lang='lat' dir='ltr'>sustinuit</span> <span class='ocrx_word' id='word_1_345' title='bbox 1591 373 1746 403; x_wconf 78' lang='lat' dir='ltr'>Heliseus</span> <span class='ocrx_word' id='word_1_346' title='bbox 1759 375 1779 409; x_wconf 85' lang='lat'>¹,</span> <span class='ocrx_word' id='word_1_347' title='bbox 1796 383 1855 404; x_wconf 85' lang='lat' dir='ltr'>nec</span> <span class='ocrx_word' id='word_1_348' title='bbox 1872 374 2092 404; x_wconf 84' lang='lat' dir='ltr'>dissimulavit</span> <span class='ocrx_word' id='word_1_349' title='bbox 2106 374 2222 405; x_wconf 88' lang='lat' dir='ltr'>Chris-</span> 
     </span>
     <span class='ocr_line' id='line_1_50' title="bbox 1218 425 2223 464; baseline 0 -8"><span class='ocrx_word' id='word_1_350' title='bbox 1218 431 1270 456; x_wconf 85' lang='lat' dir='ltr'>tus</span> <span class='ocrx_word' id='word_1_351' title='bbox 1287 426 1320 454; x_wconf 90' lang='lat' dir='ltr'>in</span> <span class='ocrx_word' id='word_1_352' title='bbox 1341 426 1568 455; x_wconf 77' lang='lat' dir='ltr'>venditoribus</span> <span class='ocrx_word' id='word_1_353' title='bbox 1583 425 1809 455; x_wconf 82' lang='lat' dir='ltr'>columbarum</span> <span class='ocrx_word' id='word_1_354' title='bbox 1823 429 1842 455; x_wconf 82' lang='lat'>·².</span> <span class='ocrx_word' id='word_1_355' title='bbox 1863 427 1901 456; x_wconf 87' lang='lat' dir='ltr'>Et</span> <span class='ocrx_word' id='word_1_356' title='bbox 1918 435 1990 456; x_wconf 90' lang='lat' dir='ltr'>cum</span> <span class='ocrx_word' id='word_1_357' title='bbox 2011 427 2081 464; x_wconf 87' lang='lat' dir='ltr'>ipse</span> <span class='ocrx_word' id='word_1_358' title='bbox 2097 426 2163 456; x_wconf 83' lang='lat' dir='ltr'>vite</span> <span class='ocrx_word' id='word_1_359' title='bbox 2180 427 2223 456; x_wconf 89' lang='lat' dir='ltr'>sit</span> 
     </span>
     <span class='ocr_line' id='line_1_51' title="bbox 1217 478 2220 516; baseline 0.001 -9"><span class='ocrx_word' id='word_1_360' title='bbox 1217 478 1394 509; x_wconf 69' lang='lat' dir='ltr'>dissolute,</span> <span class='ocrx_word' id='word_1_361' title='bbox 1424 478 1552 516; x_wconf 87' lang='lat' dir='ltr'>publice</span> <span class='ocrx_word' id='word_1_362' title='bbox 1583 478 1735 508; x_wconf 84' lang='lat' dir='ltr'>detinens</span> <span class='ocrx_word' id='word_1_363' title='bbox 1761 478 1995 514; x_wconf 88' lang='lat' dir='ltr'>concubinam,</span> <span class='ocrx_word' id='word_1_364' title='bbox 2026 484 2061 508; x_wconf 88' lang='lat' dir='ltr'>nt</span> <span class='ocrx_word' id='word_1_365' title='bbox 2084 479 2220 514; x_wconf 82' lang='lat' dir='ltr'>subditi,</span> 
     </span>
     <span class='ocr_line' id='line_1_52' title="bbox 1217 530 2223 570; baseline 0.001 -10"><span class='ocrx_word' id='word_1_366' title='bbox 1217 530 1365 568; x_wconf 86' lang='lat' dir='ltr'>exemplo</span> <span class='ocrx_word' id='word_1_367' title='bbox 1382 540 1441 559; x_wconf 86' lang='lat' dir='ltr'>suo</span> <span class='ocrx_word' id='word_1_368' title='bbox 1457 531 1613 568; x_wconf 77' lang='lat' dir='ltr'>corrupti,</span> <span class='ocrx_word' id='word_1_369' title='bbox 1631 530 1671 560; x_wconf 85' lang='lat' dir='ltr'>ad</span> <span class='ocrx_word' id='word_1_370' title='bbox 1687 530 1864 560; x_wconf 86' lang='lat' dir='ltr'>inhonesta</span> <span class='ocrx_word' id='word_1_371' title='bbox 1881 535 1911 560; x_wconf 90' lang='lat' dir='ltr'>et</span> <span class='ocrx_word' id='word_1_372' title='bbox 1929 531 2036 569; x_wconf 86' lang='lat' dir='ltr'>turpia</span> <span class='ocrx_word' id='word_1_373' title='bbox 2052 532 2146 570; x_wconf 83' lang='lat' dir='ltr'>quasi</span> <span class='ocrx_word' id='word_1_374' title='bbox 2166 540 2223 570; x_wconf 88' lang='lat' dir='ltr'>per</span> 
     </span>
     <span class='ocr_line' id='line_1_53' title="bbox 1217 583 2222 621; baseline 0.002 -9"><span class='ocrx_word' id='word_1_375' title='bbox 1217 592 1368 621; x_wconf 88' lang='lat' dir='ltr'>campum</span> <span class='ocrx_word' id='word_1_376' title='bbox 1389 583 1523 613; x_wconf 78' lang='lat' dir='ltr'>licentio</span> <span class='ocrx_word' id='word_1_377' title='bbox 1545 583 1676 612; x_wconf 79' lang='lat' dir='ltr'>facilius</span> <span class='ocrx_word' id='word_1_378' title='bbox 1695 583 1924 621; x_wconf 78' lang='lat' dir='ltr'>prolabantur,</span> <span class='ocrx_word' id='word_1_379' title='bbox 1949 593 2012 613; x_wconf 89' lang='lat' dir='ltr'>non</span> <span class='ocrx_word' id='word_1_380' title='bbox 2037 584 2142 614; x_wconf 90' lang='lat' dir='ltr'>solum</span> <span class='ocrx_word' id='word_1_381' title='bbox 2167 594 2222 615; x_wconf 88' lang='lat' dir='ltr'>ex-</span> 
     </span>
     <span class='ocr_line' id='line_1_54' title="bbox 1216 636 2222 676; baseline 0.002 -11"><span class='ocrx_word' id='word_1_382' title='bbox 1216 644 1330 665; x_wconf 83' lang='lat' dir='ltr'>cessus</span> <span class='ocrx_word' id='word_1_383' title='bbox 1348 644 1459 665; x_wconf 85' lang='lat' dir='ltr'>eorum</span> <span class='ocrx_word' id='word_1_384' title='bbox 1484 644 1547 664; x_wconf 87' lang='lat' dir='ltr'>non</span> <span class='ocrx_word' id='word_1_385' title='bbox 1572 636 1722 673; x_wconf 75' lang='lat' dir='ltr'>corrigit,</span> <span class='ocrx_word' id='word_1_386' title='bbox 1748 636 1804 666; x_wconf 84' lang='lat' dir='ltr'>sed</span> <span class='ocrx_word' id='word_1_387' title='bbox 1821 636 1947 674; x_wconf 92' lang='lat' dir='ltr'>potius,</span> <span class='ocrx_word' id='word_1_388' title='bbox 1967 637 2005 666; x_wconf 87' lang='lat' dir='ltr'>ab</span> <span class='ocrx_word' id='word_1_389' title='bbox 2028 637 2076 667; x_wconf 85' lang='lat' dir='ltr'>eis</span> <span class='ocrx_word' id='word_1_390' title='bbox 2092 641 2222 676; x_wconf 87' lang='lat' dir='ltr'>recepta</span> 
     </span>
     <span class='ocr_line' id='line_1_55' title="bbox 1215 688 2222 727; baseline 0.002 -10"><span class='ocrx_word' id='word_1_391' title='bbox 1215 688 1373 726; x_wconf 83' lang='lat' dir='ltr'>pecunia,</span> <span class='ocrx_word' id='word_1_392' title='bbox 1393 688 1427 717; x_wconf 91' lang='lat' dir='ltr'>in</span> <span class='ocrx_word' id='word_1_393' title='bbox 1446 688 1516 717; x_wconf 82' lang='lat' dir='ltr'>suis</span> <span class='ocrx_word' id='word_1_394' title='bbox 1534 688 1661 717; x_wconf 84' lang='lat' dir='ltr'>fecibus</span> <span class='ocrx_word' id='word_1_395' title='bbox 1681 689 1769 726; x_wconf 89' lang='lat' dir='ltr'>ipsos</span> <span class='ocrx_word' id='word_1_396' title='bbox 1786 698 1932 719; x_wconf 80' lang='lat' dir='ltr'>marcere</span> <span class='ocrx_word' id='word_1_397' title='bbox 1955 689 2131 727; x_wconf 86' lang='lat' dir='ltr'>permittit,</span> <span class='ocrx_word' id='word_1_398' title='bbox 2152 699 2222 720; x_wconf 87' lang='lat' dir='ltr'>ma·-</span> 
     </span>
     <span class='ocr_line' id='line_1_56' title="bbox 1217 740 2222 779; baseline 0.002 -10"><span class='ocrx_word' id='word_1_399' title='bbox 1217 740 1373 769; x_wconf 86' lang='lat' dir='ltr'>trimonia</span> <span class='ocrx_word' id='word_1_400' title='bbox 1391 741 1424 769; x_wconf 90' lang='lat' dir='ltr'>in</span> <span class='ocrx_word' id='word_1_401' title='bbox 1442 741 1599 777; x_wconf 70' lang='lat' dir='ltr'>gradibus</span> <span class='ocrx_word' id='word_1_402' title='bbox 1616 740 1728 770; x_wconf 86' lang='lat' dir='ltr'>divina</span> <span class='ocrx_word' id='word_1_403' title='bbox 1744 741 1815 779; x_wconf 77' lang='lat' dir='ltr'>lege</span> <span class='ocrx_word' id='word_1_404' title='bbox 1832 741 2010 779; x_wconf 86' lang='lat' dir='ltr'>prohibitis</span> <span class='ocrx_word' id='word_1_405' title='bbox 2026 742 2060 771; x_wconf 91' lang='lat' dir='ltr'>in</span> <span class='ocrx_word' id='word_1_406' title='bbox 2080 751 2139 772; x_wconf 88' lang='lat' dir='ltr'>sua</span> <span class='ocrx_word' id='word_1_407' title='bbox 2156 742 2222 772; x_wconf 89' lang='lat' dir='ltr'>dio-</span> 
     </span>
     <span class='ocr_line' id='line_1_57' title="bbox 1215 793 2222 832; baseline 0.003 -11"><span class='ocrx_word' id='word_1_408' title='bbox 1215 793 1281 822; x_wconf 85' lang='lat' dir='ltr'>cesi</span> <span class='ocrx_word' id='word_1_409' title='bbox 1299 793 1449 823; x_wconf 85' lang='lat' dir='ltr'>contrahi</span> <span class='ocrx_word' id='word_1_410' title='bbox 1468 793 1601 831; x_wconf 83' lang='lat' dir='ltr'>patitur,</span> <span class='ocrx_word' id='word_1_411' title='bbox 1620 798 1649 823; x_wconf 84' lang='lat' dir='ltr'>et</span> <span class='ocrx_word' id='word_1_412' title='bbox 1667 798 1834 823; x_wconf 82' lang='lat' dir='ltr'>eontracta</span> <span class='ocrx_word' id='word_1_413' title='bbox 1849 793 1996 832; x_wconf 72' lang='lat' dir='ltr'>legitime</span> <span class='ocrx_word' id='word_1_414' title='bbox 2014 795 2152 832; x_wconf 84' lang='lat' dir='ltr'>pecunie</span> <span class='ocrx_word' id='word_1_415' title='bbox 2169 804 2222 825; x_wconf 91' lang='lat' dir='ltr'>se-</span> 
     </span>
     <span class='ocr_line' id='line_1_58' title="bbox 1215 845 2222 885; baseline 0.003 -11"><span class='ocrx_word' id='word_1_416' title='bbox 1215 850 1305 883; x_wconf 83' lang='lat' dir='ltr'>parat</span> <span class='ocrx_word' id='word_1_417' title='bbox 1325 845 1524 875; x_wconf 79' lang='lat' dir='ltr'>interventu.</span> <span class='ocrx_word' id='word_1_418' title='bbox 1546 845 1691 875; x_wconf 86' lang='lat' dir='ltr'>Clerieos</span> <span class='ocrx_word' id='word_1_419' title='bbox 1709 850 1740 876; x_wconf 86' lang='lat' dir='ltr'>et</span> <span class='ocrx_word' id='word_1_420' title='bbox 1762 846 1919 876; x_wconf 87' lang='lat' dir='ltr'>ecclesias</span> <span class='ocrx_word' id='word_1_421' title='bbox 1937 847 2081 877; x_wconf 86' lang='lat' dir='ltr'>civitatis</span> <span class='ocrx_word' id='word_1_422' title='bbox 2104 847 2222 885; x_wconf 66' lang='lat' dir='ltr'>Vigin-</span> 
     </span>
     <span class='ocr_line' id='line_1_59' title="bbox 1215 897 2221 938; baseline 0.004 -12"><span class='ocrx_word' id='word_1_423' title='bbox 1215 897 1407 927; x_wconf 83' lang='lat' dir='ltr'>timiliensis</span> <span class='ocrx_word' id='word_1_424' title='bbox 1437 902 1467 927; x_wconf 91' lang='lat' dir='ltr'>et</span> <span class='ocrx_word' id='word_1_425' title='bbox 1504 898 1589 928; x_wconf 90' lang='lat' dir='ltr'>dicte</span> <span class='ocrx_word' id='word_1_426' title='bbox 1625 898 1767 929; x_wconf 86' lang='lat' dir='ltr'>diocesis</span> <span class='ocrx_word' id='word_1_427' title='bbox 1804 904 1918 937; x_wconf 85' lang='lat' dir='ltr'>gravat</span> <span class='ocrx_word' id='word_1_428' title='bbox 1953 900 2221 938; x_wconf 88' lang='lat' dir='ltr'>importabilibus</span> 
     </span>
     <span class='ocr_line' id='line_1_60' title="bbox 1214 950 2221 990; baseline 0.004 -11"><span class='ocrx_word' id='word_1_429' title='bbox 1214 950 1441 980; x_wconf 81' lang='lat' dir='ltr'>exactionibus</span> <span class='ocrx_word' id='word_1_430' title='bbox 1458 955 1487 980; x_wconf 86' lang='lat' dir='ltr'>et</span> <span class='ocrx_word' id='word_1_431' title='bbox 1505 951 1663 985; x_wconf 77' lang='lat' dir='ltr'>collectis,</span> <span class='ocrx_word' id='word_1_432' title='bbox 1682 961 1718 982; x_wconf 82' lang='lat' dir='ltr'>ex</span> <span class='ocrx_word' id='word_1_433' title='bbox 1736 952 1857 990; x_wconf 83' lang='lat' dir='ltr'>quibus</span> <span class='ocrx_word' id='word_1_434' title='bbox 1877 953 2007 990; x_wconf 87' lang='lat' dir='ltr'>spurios</span> <span class='ocrx_word' id='word_1_435' title='bbox 2022 961 2099 982; x_wconf 90' lang='lat' dir='ltr'>suos</span> <span class='ocrx_word' id='word_1_436' title='bbox 2116 952 2175 982; x_wconf 85' lang='lat' dir='ltr'>alit</span> <span class='ocrx_word' id='word_1_437' title='bbox 2190 957 2221 983; x_wconf 88' lang='lat' dir='ltr'>et</span> 
     </span>
     <span class='ocr_line' id='line_1_61' title="bbox 1213 1003 2222 1044; baseline 0.003 -12"><span class='ocrx_word' id='word_1_438' title='bbox 1213 1012 1371 1041; x_wconf 80' lang='lat' dir='ltr'>personas</span> <span class='ocrx_word' id='word_1_439' title='bbox 1389 1003 1471 1033; x_wconf 87' lang='lat' dir='ltr'>alias</span> <span class='ocrx_word' id='word_1_440' title='bbox 1486 1004 1692 1039; x_wconf 72' lang='lat' dir='ltr'>inhonestas,</span> <span class='ocrx_word' id='word_1_441' title='bbox 1706 1014 1780 1034; x_wconf 91' lang='lat' dir='ltr'>cum</span> <span class='ocrx_word' id='word_1_442' title='bbox 1793 1005 1914 1044; x_wconf 87' lang='lat' dir='ltr'>quibus</span> <span class='ocrx_word' id='word_1_443' title='bbox 1929 1006 2046 1034; x_wconf 79' lang='lat' dir='ltr'>infami</span> <span class='ocrx_word' id='word_1_444' title='bbox 2060 1006 2222 1036; x_wconf 86' lang='lat' dir='ltr'>comercio</span> 
     </span>
     <span class='ocr_line' id='line_1_62' title="bbox 1213 1056 2221 1096; baseline 0.003 -11"><span class='ocrx_word' id='word_1_445' title='bbox 1213 1056 1415 1091; x_wconf 73' lang='lat' dir='ltr'>maculatur-3</span> <span class='ocrx_word' id='word_1_446' title='bbox 1433 1065 1492 1086; x_wconf 87' lang='lat' dir='ltr'>nec</span> <span class='ocrx_word' id='word_1_447' title='bbox 1511 1056 1559 1086; x_wconf 83' lang='lat' dir='ltr'>sic</span> <span class='ocrx_word' id='word_1_448' title='bbox 1574 1057 1706 1086; x_wconf 87' lang='lat' dir='ltr'>modum</span> <span class='ocrx_word' id='word_1_449' title='bbox 1726 1066 1784 1087; x_wconf 85' lang='lat' dir='ltr'>sue</span> <span class='ocrx_word' id='word_1_450' title='bbox 1801 1058 1973 1096; x_wconf 83' lang='lat' dir='ltr'>cupiditati</span> <span class='ocrx_word' id='word_1_451' title='bbox 1990 1067 2128 1096; x_wconf 83' lang='lat' dir='ltr'>ponens,</span> <span class='ocrx_word' id='word_1_452' title='bbox 2145 1067 2221 1088; x_wconf 89' lang='lat' dir='ltr'>usu-</span> 
     </span>
     <span class='ocr_line' id='line_1_63' title="bbox 1213 1108 2222 1149; baseline 0.004 -12"><span class='ocrx_word' id='word_1_453' title='bbox 1213 1118 1266 1138; x_wconf 87' lang='lat' dir='ltr'>ras</span> <span class='ocrx_word' id='word_1_454' title='bbox 1290 1117 1307 1137; x_wconf 85' lang='lat' dir='ltr'>a</span> <span class='ocrx_word' id='word_1_455' title='bbox 1328 1108 1459 1138; x_wconf 84' lang='lat' dir='ltr'>clericis</span> <span class='ocrx_word' id='word_1_456' title='bbox 1485 1109 1572 1145; x_wconf 86' lang='lat' dir='ltr'>suis,</span> <span class='ocrx_word' id='word_1_457' title='bbox 1596 1118 1737 1148; x_wconf 85' lang='lat' dir='ltr'>quarum</span> <span class='ocrx_word' id='word_1_458' title='bbox 1761 1110 1887 1140; x_wconf 86' lang='lat' dir='ltr'>crimen</span> <span class='ocrx_word' id='word_1_459' title='bbox 1910 1110 2084 1149; x_wconf 86' lang='lat' dir='ltr'>utriusque</span> <span class='ocrx_word' id='word_1_460' title='bbox 2107 1112 2222 1141; x_wconf 85' lang='lat' dir='ltr'>Testa-</span> 
     </span>
     <span class='ocr_line' id='line_1_64' title="bbox 1213 1161 2222 1202; baseline 0.003 -12"><span class='ocrx_word' id='word_1_461' title='bbox 1213 1162 1316 1191; x_wconf 88' lang='lat' dir='ltr'>menti</span> <span class='ocrx_word' id='word_1_462' title='bbox 1339 1161 1459 1199; x_wconf 71' lang='lat' dir='ltr'>pagina</span> <span class='ocrx_word' id='word_1_463' title='bbox 1476 1162 1674 1197; x_wconf 86' lang='lat' dir='ltr'>detestatur,</span> <span class='ocrx_word' id='word_1_464' title='bbox 1693 1167 1879 1201; x_wconf 81' lang='lat' dir='ltr'>extorquet,</span> <span class='ocrx_word' id='word_1_465' title='bbox 1905 1172 1941 1193; x_wconf 85' lang='lat' dir='ltr'>ac</span> <span class='ocrx_word' id='word_1_466' title='bbox 1962 1163 2131 1202; x_wconf 82' lang='lat' dir='ltr'>dispensat</span> <span class='ocrx_word' id='word_1_467' title='bbox 2147 1172 2222 1194; x_wconf 91' lang='lat' dir='ltr'>cum</span> 
     </span>
     <span class='ocr_line' id='line_1_65' title="bbox 1213 1215 2223 1247; baseline 0.003 -3"><span class='ocrx_word' id='word_1_468' title='bbox 1213 1215 1460 1245; x_wconf 83' lang='lat' dir='ltr'>concubinariis</span> <span class='ocrx_word' id='word_1_469' title='bbox 1485 1219 1516 1244; x_wconf 88' lang='lat' dir='ltr'>et</span> <span class='ocrx_word' id='word_1_470' title='bbox 1539 1215 1618 1245; x_wconf 83' lang='lat' dir='ltr'>filiis</span> <span class='ocrx_word' id='word_1_471' title='bbox 1639 1215 1840 1246; x_wconf 89' lang='lat' dir='ltr'>eorumdem.</span> <span class='ocrx_word' id='word_1_472' title='bbox 1862 1215 2013 1246; x_wconf 83' lang='lat' dir='ltr'>Absolvit</span> <span class='ocrx_word' id='word_1_473' title='bbox 2033 1216 2133 1246; x_wconf 88' lang='lat' dir='ltr'>etiam</span> <span class='ocrx_word' id='word_1_474' title='bbox 2151 1225 2223 1247; x_wconf 88' lang='lat' dir='ltr'>ma-</span> 
     </span>
     <span class='ocr_line' id='line_1_66' title="bbox 1213 1268 2222 1306; baseline 0.003 -10"><span class='ocrx_word' id='word_1_475' title='bbox 1213 1276 1315 1297; x_wconf 91' lang='lat' dir='ltr'>nuum</span> <span class='ocrx_word' id='word_1_476' title='bbox 1332 1268 1521 1306; x_wconf 87' lang='lat' dir='ltr'>injectores,</span> <span class='ocrx_word' id='word_1_477' title='bbox 1540 1268 1623 1298; x_wconf 85' lang='lat' dir='ltr'>Sede</span> <span class='ocrx_word' id='word_1_478' title='bbox 1639 1268 1829 1306; x_wconf 85' lang='lat' dir='ltr'>Apostolica</span> <span class='ocrx_word' id='word_1_479' title='bbox 1842 1269 2042 1303; x_wconf 89' lang='lat' dir='ltr'>inconsulta,</span> <span class='ocrx_word' id='word_1_480' title='bbox 2061 1273 2091 1299; x_wconf 87' lang='lat' dir='ltr'>et</span> <span class='ocrx_word' id='word_1_481' title='bbox 2108 1274 2222 1299; x_wconf 90' lang='lat' dir='ltr'>contra</span> 
     </span>
     <span class='ocr_line' id='line_1_67' title="bbox 1213 1320 2222 1360; baseline 0.003 -10"><span class='ocrx_word' id='word_1_482' title='bbox 1213 1330 1285 1350; x_wconf 91' lang='lat' dir='ltr'>eam</span> <span class='ocrx_word' id='word_1_483' title='bbox 1310 1320 1397 1350; x_wconf 79' lang='lat' dir='ltr'>laxat</span> <span class='ocrx_word' id='word_1_484' title='bbox 1426 1320 1591 1350; x_wconf 86' lang='lat' dir='ltr'>lubricum</span> <span class='ocrx_word' id='word_1_485' title='bbox 1618 1320 1732 1359; x_wconf 81' lang='lat' dir='ltr'>lingue</span> <span class='ocrx_word' id='word_1_486' title='bbox 1761 1330 1835 1356; x_wconf 87' lang='lat' dir='ltr'>sue,</span> <span class='ocrx_word' id='word_1_487' title='bbox 1870 1321 2001 1360; x_wconf 86' lang='lat' dir='ltr'>publice</span> <span class='ocrx_word' id='word_1_488' title='bbox 2030 1322 2222 1353; x_wconf 89' lang='lat' dir='ltr'>mentiendo</span> 
     </span>
     <span class='ocr_line' id='line_1_68' title="bbox 1213 1374 2222 1413; baseline 0.002 -10"><span class='ocrx_word' id='word_1_489' title='bbox 1213 1374 1300 1413; x_wconf 82' lang='lat' dir='ltr'>quod</span> <span class='ocrx_word' id='word_1_490' title='bbox 1325 1382 1390 1403; x_wconf 90' lang='lat' dir='ltr'>non</span> <span class='ocrx_word' id='word_1_491' title='bbox 1416 1374 1564 1411; x_wconf 88' lang='lat' dir='ltr'>precellit</span> <span class='ocrx_word' id='word_1_492' title='bbox 1587 1374 1742 1404; x_wconf 81' lang='lat' dir='ltr'>Summus</span> <span class='ocrx_word' id='word_1_493' title='bbox 1768 1374 1921 1404; x_wconf 83' lang='lat' dir='ltr'>Pontifex</span> <span class='ocrx_word' id='word_1_494' title='bbox 1947 1375 1981 1403; x_wconf 91' lang='lat' dir='ltr'>in</span> <span class='ocrx_word' id='word_1_495' title='bbox 2008 1375 2222 1405; x_wconf 85' lang='lat' dir='ltr'>concessione</span> 
     </span>
     <span class='ocr_line' id='line_1_69' title="bbox 1212 1427 2222 1467; baseline 0.002 -11"><span class='ocrx_word' id='word_1_496' title='bbox 1212 1427 1419 1465; x_wconf 81' lang='lat' dir='ltr'>indulgentie</span> <span class='ocrx_word' id='word_1_497' title='bbox 1441 1427 1625 1465; x_wconf 79' lang='lat' dir='ltr'>simplicem</span> <span class='ocrx_word' id='word_1_498' title='bbox 1642 1428 1863 1463; x_wconf 80' lang='lat' dir='ltr'>sacerdotem,</span> <span class='ocrx_word' id='word_1_499' title='bbox 1889 1428 2041 1467; x_wconf 82' lang='lat' dir='ltr'>quodque</span> <span class='ocrx_word' id='word_1_500' title='bbox 2065 1428 2222 1458; x_wconf 81' lang='lat' dir='ltr'>concubi-</span> 
     </span>
     <span class='ocr_line' id='line_1_70' title="bbox 1214 1480 2221 1519; baseline 0.002 -10"><span class='ocrx_word' id='word_1_501' title='bbox 1214 1489 1290 1509; x_wconf 87' lang='lat' dir='ltr'>nam</span> <span class='ocrx_word' id='word_1_502' title='bbox 1307 1480 1430 1510; x_wconf 88' lang='lat' dir='ltr'>detinet</span> <span class='ocrx_word' id='word_1_503' title='bbox 1448 1489 1484 1510; x_wconf 91' lang='lat' dir='ltr'>ex</span> <span class='ocrx_word' id='word_1_504' title='bbox 1502 1485 1615 1510; x_wconf 85' lang='lat' dir='ltr'>nostra</span> <span class='ocrx_word' id='word_1_505' title='bbox 1631 1480 1840 1518; x_wconf 80' lang='lat' dir='ltr'>indulgentia</span> <span class='ocrx_word' id='word_1_506' title='bbox 1852 1480 2006 1519; x_wconf 82' lang='lat' dir='ltr'>speciali;</span> <span class='ocrx_word' id='word_1_507' title='bbox 2025 1485 2055 1511; x_wconf 89' lang='lat' dir='ltr'>et</span> <span class='ocrx_word' id='word_1_508' title='bbox 2068 1480 2154 1511; x_wconf 90' lang='lat' dir='ltr'>velut</span> <span class='ocrx_word' id='word_1_509' title='bbox 2172 1480 2221 1511; x_wconf 86' lang='lat' dir='ltr'>sal</span> 
     </span>
     <span class='ocr_line' id='line_1_71' title="bbox 1213 1533 2222 1571; baseline 0.002 -9"><span class='ocrx_word' id='word_1_510' title='bbox 1213 1533 1438 1563; x_wconf 82' lang='lat' dir='ltr'>infatuatum³</span> <span class='ocrx_word' id='word_1_511' title='bbox 1454 1533 1617 1571; x_wconf 80' lang='lat' dir='ltr'>sapientie</span> <span class='ocrx_word' id='word_1_512' title='bbox 1633 1542 1749 1563; x_wconf 85' lang='lat' dir='ltr'>carens</span> <span class='ocrx_word' id='word_1_513' title='bbox 1765 1534 1898 1571; x_wconf 88' lang='lat' dir='ltr'>penitus</span> <span class='ocrx_word' id='word_1_514' title='bbox 1917 1533 2139 1569; x_wconf 88' lang='lat' dir='ltr'>condimento,</span> <span class='ocrx_word' id='word_1_515' title='bbox 2153 1535 2222 1564; x_wconf 86' lang='lat' dir='ltr'>fac-</span> 
     </span>
     <span class='ocr_line' id='line_1_72' title="bbox 1215 1585 2221 1621; baseline 0.001 -6"><span class='ocrx_word' id='word_1_516' title='bbox 1215 1591 1263 1616; x_wconf 87' lang='lat' dir='ltr'>tas</span> <span class='ocrx_word' id='word_1_517' title='bbox 1280 1586 1344 1616; x_wconf 84' lang='lat' dir='ltr'>sibi</span> <span class='ocrx_word' id='word_1_518' title='bbox 1359 1586 1586 1616; x_wconf 87' lang='lat' dir='ltr'>confessiones</span> <span class='ocrx_word' id='word_1_519' title='bbox 1602 1585 1737 1621; x_wconf 80' lang='lat' dir='ltr'>revelat,</span> <span class='ocrx_word' id='word_1_520' title='bbox 1756 1590 1869 1615; x_wconf 85' lang='lat' dir='ltr'>contra</span> <span class='ocrx_word' id='word_1_521' title='bbox 1883 1586 2059 1616; x_wconf 86' lang='lat' dir='ltr'>canonicas</span> <span class='ocrx_word' id='word_1_522' title='bbox 2076 1587 2221 1617; x_wconf 85' lang='lat' dir='ltr'>sanctio-</span> 
     </span>
     <span class='ocr_line' id='line_1_73' title="bbox 1214 1639 2222 1669; baseline 0.001 -1"><span class='ocrx_word' id='word_1_523' title='bbox 1214 1648 1284 1669; x_wconf 86' lang='lat' dir='ltr'>nes.</span> <span class='ocrx_word' id='word_1_524' title='bbox 1308 1639 1437 1668; x_wconf 85' lang='lat' dir='ltr'>Passim</span> <span class='ocrx_word' id='word_1_525' title='bbox 1456 1639 1835 1668; x_wconf 83' lang='lat' dir='ltr'>excommunicationum</span> <span class='ocrx_word' id='word_1_526' title='bbox 1857 1639 2040 1669; x_wconf 81' lang='lat' dir='ltr'>sententias</span> <span class='ocrx_word' id='word_1_527' title='bbox 2065 1639 2222 1669; x_wconf 80' lang='lat' dir='ltr'>fulminat</span> 
     </span>
     <span class='ocr_line' id='line_1_74' title="bbox 1213 1691 2222 1729; baseline 0.001 -8"><span class='ocrx_word' id='word_1_528' title='bbox 1213 1692 1247 1721; x_wconf 93' lang='lat' dir='ltr'>in</span> <span class='ocrx_word' id='word_1_529' title='bbox 1266 1691 1480 1722; x_wconf 84' lang='lat' dir='ltr'>ecclesiarum</span> <span class='ocrx_word' id='word_1_530' title='bbox 1498 1691 1640 1729; x_wconf 85' lang='lat' dir='ltr'>prelatos</span> <span class='ocrx_word' id='word_1_531' title='bbox 1657 1696 1688 1721; x_wconf 87' lang='lat' dir='ltr'>et</span> <span class='ocrx_word' id='word_1_532' title='bbox 1704 1691 1841 1721; x_wconf 84' lang='lat' dir='ltr'>clericos</span> <span class='ocrx_word' id='word_1_533' title='bbox 1858 1691 1922 1721; x_wconf 88' lang='lat' dir='ltr'>sihi</span> <span class='ocrx_word' id='word_1_534' title='bbox 1939 1692 2099 1727; x_wconf 80' lang='lat' dir='ltr'>subditos,</span> <span class='ocrx_word' id='word_1_535' title='bbox 2118 1693 2222 1722; x_wconf 89' lang='lat' dir='ltr'>moni-</span> 
     </span>
     <span class='ocr_line' id='line_1_75' title="bbox 1214 1744 2221 1783; baseline 0.002 -10"><span class='ocrx_word' id='word_1_536' title='bbox 1214 1744 1302 1774; x_wconf 90' lang='lat' dir='ltr'>tione</span> <span class='ocrx_word' id='word_1_537' title='bbox 1321 1744 1433 1782; x_wconf 85' lang='lat' dir='ltr'>aliqua</span> <span class='ocrx_word' id='word_1_538' title='bbox 1457 1753 1520 1773; x_wconf 90' lang='lat' dir='ltr'>non</span> <span class='ocrx_word' id='word_1_539' title='bbox 1544 1744 1724 1782; x_wconf 83' lang='lat' dir='ltr'>premissa3</span> <span class='ocrx_word' id='word_1_540' title='bbox 1745 1749 1776 1774; x_wconf 93' lang='lat' dir='ltr'>et</span> <span class='ocrx_word' id='word_1_541' title='bbox 1796 1744 1873 1774; x_wconf 92' lang='lat' dir='ltr'>licet</span> <span class='ocrx_word' id='word_1_542' title='bbox 1896 1745 1982 1774; x_wconf 88' lang='lat' dir='ltr'>idem</span> <span class='ocrx_word' id='word_1_543' title='bbox 2002 1744 2155 1783; x_wconf 84' lang='lat' dir='ltr'>pluribus</span> <span class='ocrx_word' id='word_1_544' title='bbox 2178 1745 2221 1775; x_wconf 84' lang='lat' dir='ltr'>sit</span> 
     </span>
     <span class='ocr_line' id='line_1_76' title="bbox 1214 1797 2222 1834; baseline 0.001 -8"><span class='ocrx_word' id='word_1_545' title='bbox 1214 1797 1592 1827; x_wconf 84' lang='lat' dir='ltr'>excommunicationum</span> <span class='ocrx_word' id='word_1_546' title='bbox 1609 1798 1785 1827; x_wconf 86' lang='lat' dir='ltr'>sententiis</span> <span class='ocrx_word' id='word_1_547' title='bbox 1808 1798 2004 1834; x_wconf 78' lang='lat' dir='ltr'>innodatus,</span> <span class='ocrx_word' id='word_1_548' title='bbox 2030 1798 2222 1829; x_wconf 88' lang='lat' dir='ltr'>nichilomi-</span> 
     </span>
     <span class='ocr_line' id='line_1_77' title="bbox 1214 1850 2219 1890; baseline 0.002 -11"><span class='ocrx_word' id='word_1_549' title='bbox 1214 1860 1276 1880; x_wconf 87' lang='lat' dir='ltr'>nus</span> <span class='ocrx_word' id='word_1_550' title='bbox 1294 1855 1402 1880; x_wconf 83' lang='lat' dir='ltr'>tamen</span> <span class='ocrx_word' id='word_1_551' title='bbox 1422 1850 1535 1879; x_wconf 80' lang='lat' dir='ltr'>divina</span> <span class='ocrx_word' id='word_1_552' title='bbox 1553 1850 1732 1885; x_wconf 84' lang='lat' dir='ltr'>celebrare,</span> <span class='ocrx_word' id='word_1_553' title='bbox 1750 1850 1862 1886; x_wconf 88' lang='lat' dir='ltr'>immo,</span> <span class='ocrx_word' id='word_1_554' title='bbox 1883 1851 2092 1890; x_wconf 86' lang='lat' dir='ltr'>quantumin</span> <span class='ocrx_word' id='word_1_555' title='bbox 2106 1860 2142 1881; x_wconf 92' lang='lat' dir='ltr'>eo</span> <span class='ocrx_word' id='word_1_556' title='bbox 2159 1856 2219 1886; x_wconf 84' lang='lat' dir='ltr'>est,</span> 
     </span>
     <span class='ocr_line' id='line_1_78' title="bbox 1212 1903 2221 1942; baseline 0.002 -10"><span class='ocrx_word' id='word_1_557' title='bbox 1212 1903 1419 1941; x_wconf 82' lang='lat' dir='ltr'>prophanare</span> <span class='ocrx_word' id='word_1_558' title='bbox 1436 1903 1612 1941; x_wconf 84' lang='lat' dir='ltr'>presumit,</span> <span class='ocrx_word' id='word_1_559' title='bbox 1631 1903 1665 1933; x_wconf 89' lang='lat' dir='ltr'>in</span> <span class='ocrx_word' id='word_1_560' title='bbox 1684 1904 1794 1934; x_wconf 86' lang='lat' dir='ltr'>anime</span> <span class='ocrx_word' id='word_1_561' title='bbox 1811 1913 1869 1934; x_wconf 89' lang='lat' dir='ltr'>sue</span> <span class='ocrx_word' id='word_1_562' title='bbox 1888 1904 2071 1942; x_wconf 89' lang='lat' dir='ltr'>periculum</span> <span class='ocrx_word' id='word_1_563' title='bbox 2090 1909 2120 1934; x_wconf 88' lang='lat' dir='ltr'>et</span> <span class='ocrx_word' id='word_1_564' title='bbox 2143 1914 2221 1935; x_wconf 92' lang='lat' dir='ltr'>con-</span> 
     </span>
     <span class='ocr_line' id='line_1_79' title="bbox 1213 1955 2220 1996; baseline 0.003 -12"><span class='ocrx_word' id='word_1_565' title='bbox 1213 1960 1372 1993; x_wconf 87' lang='lat' dir='ltr'>temptum</span> <span class='ocrx_word' id='word_1_566' title='bbox 1390 1955 1614 1986; x_wconf 82' lang='lat' dir='ltr'>ecclesiastice</span> <span class='ocrx_word' id='word_1_567' title='bbox 1632 1956 1819 1994; x_wconf 77' lang='lat' dir='ltr'>discipline.</span> <span class='ocrx_word' id='word_1_568' title='bbox 1836 1957 1956 1996; x_wconf 86' lang='lat' dir='ltr'>Sicque</span> <span class='ocrx_word' id='word_1_569' title='bbox 1972 1957 2053 1995; x_wconf 84' lang='lat' dir='ltr'>ipse,</span> <span class='ocrx_word' id='word_1_570' title='bbox 2073 1957 2130 1996; x_wconf 91' lang='lat' dir='ltr'>qui</span> <span class='ocrx_word' id='word_1_571' title='bbox 2147 1957 2220 1987; x_wconf 87' lang='lat' dir='ltr'>sub-</span> 
     </span>
     <span class='ocr_line' id='line_1_80' title="bbox 1213 2008 2220 2048; baseline 0.003 -11"><span class='ocrx_word' id='word_1_572' title='bbox 1213 2008 1291 2038; x_wconf 83' lang='lat' dir='ltr'>ditis</span> <span class='ocrx_word' id='word_1_573' title='bbox 1312 2009 1382 2038; x_wconf 80' lang='lat' dir='ltr'>suis</span> <span class='ocrx_word' id='word_1_574' title='bbox 1408 2017 1473 2038; x_wconf 88' lang='lat' dir='ltr'>non</span> <span class='ocrx_word' id='word_1_575' title='bbox 1500 2008 1606 2038; x_wconf 86' lang='lat' dir='ltr'>solum</span> <span class='ocrx_word' id='word_1_576' title='bbox 1624 2018 1773 2047; x_wconf 86' lang='lat' dir='ltr'>preesse,</span> <span class='ocrx_word' id='word_1_577' title='bbox 1798 2018 1913 2039; x_wconf 87' lang='lat' dir='ltr'>verum</span> <span class='ocrx_word' id='word_1_578' title='bbox 1938 2009 2037 2039; x_wconf 77' lang='lat' dir='ltr'>etiam</span> <span class='ocrx_word' id='word_1_579' title='bbox 2064 2010 2220 2048; x_wconf 86' lang='lat' dir='ltr'>prodesse</span> 
     </span>
     <span class='ocr_line' id='line_1_81' title="bbox 1212 2060 2220 2101; baseline 0.002 -12"><span class='ocrx_word' id='word_1_580' title='bbox 1212 2060 1356 2095; x_wconf 83' lang='lat' dir='ltr'>deberet,</span> <span class='ocrx_word' id='word_1_581' title='bbox 1374 2061 1473 2090; x_wconf 83' lang='lat' dir='ltr'>verbo</span> <span class='ocrx_word' id='word_1_582' title='bbox 1490 2061 1614 2099; x_wconf 87' lang='lat' dir='ltr'>pariter</span> <span class='ocrx_word' id='word_1_583' title='bbox 1626 2065 1656 2091; x_wconf 87' lang='lat' dir='ltr'>et</span> <span class='ocrx_word' id='word_1_584' title='bbox 1671 2061 1818 2099; x_wconf 82' lang='lat' dir='ltr'>exemplo</span> <span class='ocrx_word' id='word_1_585' title='bbox 1830 2061 1944 2091; x_wconf 89' lang='lat' dir='ltr'>multis</span> <span class='ocrx_word' id='word_1_586' title='bbox 1956 2066 2005 2092; x_wconf 84' lang='lat' dir='ltr'>est.</span> <span class='ocrx_word' id='word_1_587' title='bbox 2016 2062 2050 2091; x_wconf 90' lang='lat' dir='ltr'>in</span> <span class='ocrx_word' id='word_1_588' title='bbox 2065 2061 2220 2101; x_wconf 85' lang='lat' dir='ltr'>laqueum</span> 
     </span>
     <span class='ocr_line' id='line_1_82' title="bbox 1213 2113 2218 2153; baseline 0.002 -10"><span class='ocrx_word' id='word_1_589' title='bbox 1213 2118 1243 2143; x_wconf 89' lang='lat' dir='ltr'>et</span> <span class='ocrx_word' id='word_1_590' title='bbox 1259 2113 1403 2143; x_wconf 88' lang='lat' dir='ltr'>ruinam.</span> <span class='ocrx_word' id='word_1_591' title='bbox 1423 2114 1504 2144; x_wconf 91' lang='lat' dir='ltr'>Cum</span> <span class='ocrx_word' id='word_1_592' title='bbox 1522 2114 1625 2152; x_wconf 73' lang='lat' dir='ltr'>igitur</span> <span class='ocrx_word' id='word_1_593' title='bbox 1641 2114 1716 2149; x_wconf 86' lang='lat' dir='ltr'>hec,</span> <span class='ocrx_word' id='word_1_594' title='bbox 1738 2114 1765 2144; x_wconf 91' lang='lat' dir='ltr'>si</span> <span class='ocrx_word' id='word_1_595' title='bbox 1782 2123 1859 2144; x_wconf 86' lang='lat' dir='ltr'>vera</span> <span class='ocrx_word' id='word_1_596' title='bbox 1876 2118 1968 2150; x_wconf 88' lang='lat' dir='ltr'>sunt,</span> <span class='ocrx_word' id='word_1_597' title='bbox 1987 2114 2132 2153; x_wconf 84' lang='lat' dir='ltr'>relinqui</span> <span class='ocrx_word' id='word_1_598' title='bbox 2154 2123 2218 2145; x_wconf 88' lang='lat' dir='ltr'>non</span> 
     </span>
     <span class='ocr_line' id='line_1_83' title="bbox 1212 2166 2219 2202; baseline 0.003 -7"><span class='ocrx_word' id='word_1_599' title='bbox 1212 2166 1352 2196; x_wconf 86' lang='lat' dir='ltr'>debeant</span> <span class='ocrx_word' id='word_1_600' title='bbox 1376 2167 1581 2202; x_wconf 83' lang='lat' dir='ltr'>indiscussa,</span> <span class='ocrx_word' id='word_1_601' title='bbox 1607 2167 1755 2198; x_wconf 85' lang='lat' dir='ltr'>volentes</span> <span class='ocrx_word' id='word_1_602' title='bbox 1778 2168 1978 2198; x_wconf 84' lang='lat' dir='ltr'>descendere</span> <span class='ocrx_word' id='word_1_603' title='bbox 1999 2177 2035 2198; x_wconf 81' lang='lat' dir='ltr'>ac</span> <span class='ocrx_word' id='word_1_604' title='bbox 2058 2168 2169 2198; x_wconf 83' lang='lat' dir='ltr'>videre</span> <span class='ocrx_word' id='word_1_605' title='bbox 2191 2168 2219 2198; x_wconf 83' lang='lat' dir='ltr'>si</span> 
     </span>
     <span class='ocr_line' id='line_1_84' title="bbox 1213 2219 2220 2259; baseline 0.002 -11"><span class='ocrx_word' id='word_1_606' title='bbox 1213 2219 1389 2249; x_wconf 88' lang='lat' dir='ltr'>clamorem</span> <span class='ocrx_word' id='word_1_607' title='bbox 1405 2220 1527 2249; x_wconf 73' lang='lat' dir='ltr'>veritas</span> <span class='ocrx_word' id='word_1_608' title='bbox 1551 2220 1738 2254; x_wconf 80' lang='lat' dir='ltr'>comitatur,</span> <span class='ocrx_word' id='word_1_609' title='bbox 1755 2220 1952 2250; x_wconf 82' lang='lat' dir='ltr'>mandamus</span> <span class='ocrx_word' id='word_1_610' title='bbox 1969 2225 2146 2259; x_wconf 84' lang='lat' dir='ltr'>quatenus,</span> <span class='ocrx_word' id='word_1_611' title='bbox 2167 2220 2220 2249; x_wconf 90' lang='lat' dir='ltr'>in-</span> 
     </span>
     <span class='ocr_line' id='line_1_85' title="bbox 1212 2272 2219 2312; baseline 0.003 -12"><span class='ocrx_word' id='word_1_612' title='bbox 1212 2272 1349 2309; x_wconf 80' lang='lat' dir='ltr'>quirens</span> <span class='ocrx_word' id='word_1_613' title='bbox 1371 2281 1469 2310; x_wconf 88' lang='lat' dir='ltr'>super</span> <span class='ocrx_word' id='word_1_614' title='bbox 1489 2272 1556 2301; x_wconf 88' lang='lat' dir='ltr'>hiis</span> <span class='ocrx_word' id='word_1_615' title='bbox 1578 2277 1609 2302; x_wconf 86' lang='lat' dir='ltr'>et</span> <span class='ocrx_word' id='word_1_616' title='bbox 1633 2273 1709 2302; x_wconf 88' lang='lat' dir='ltr'>aliis</span> <span class='ocrx_word' id='word_1_617' title='bbox 1732 2273 1926 2310; x_wconf 77' lang='lat' dir='ltr'>diligentius</span> <span class='ocrx_word' id='word_1_618' title='bbox 1949 2273 2136 2308; x_wconf 75' lang='lat' dir='ltr'>veritatem,</span> <span class='ocrx_word' id='word_1_619' title='bbox 2156 2282 2219 2312; x_wconf 83' lang='lat' dir='ltr'>que</span> 
     </span>
     <span class='ocr_line' id='line_1_86' title="bbox 1211 2324 2219 2365; baseline 0.003 -12"><span class='ocrx_word' id='word_1_620' title='bbox 1211 2324 1396 2359; x_wconf 81' lang='lat' dir='ltr'>inveneris,</span> <span class='ocrx_word' id='word_1_621' title='bbox 1415 2325 1511 2355; x_wconf 87' lang='lat' dir='ltr'>nobis</span> <span class='ocrx_word' id='word_1_622' title='bbox 1529 2325 1594 2355; x_wconf 89' lang='lat' dir='ltr'>tuis</span> <span class='ocrx_word' id='word_1_623' title='bbox 1613 2325 1735 2355; x_wconf 90' lang='lat' dir='ltr'>litteris</span> <span class='ocrx_word' id='word_1_624' title='bbox 1758 2325 1900 2355; x_wconf 85' lang='lat' dir='ltr'>fideliter</span> <span class='ocrx_word' id='word_1_625' title='bbox 1922 2326 2078 2356; x_wconf 89' lang='lat' dir='ltr'>intimare</span> <span class='ocrx_word' id='word_1_626' title='bbox 2100 2334 2219 2365; x_wconf 87' lang='lat' dir='ltr'>procu-</span> 
     </span>
     <span class='ocr_line' id='line_1_87' title="bbox 1212 2378 2219 2417; baseline 0.003 -11"><span class='ocrx_word' id='word_1_627' title='bbox 1212 2386 1280 2412; x_wconf 88' lang='lat' dir='ltr'>res,</span> <span class='ocrx_word' id='word_1_628' title='bbox 1298 2382 1349 2412; x_wconf 92' lang='lat' dir='ltr'>ut,</span> <span class='ocrx_word' id='word_1_629' title='bbox 1367 2387 1405 2407; x_wconf 82' lang='lat' dir='ltr'>ex</span> <span class='ocrx_word' id='word_1_630' title='bbox 1429 2382 1484 2407; x_wconf 83' lang='lat' dir='ltr'>tua</span> <span class='ocrx_word' id='word_1_631' title='bbox 1511 2378 1673 2408; x_wconf 88' lang='lat' dir='ltr'>relatione</span> <span class='ocrx_word' id='word_1_632' title='bbox 1692 2378 1896 2409; x_wconf 88' lang='lat' dir='ltr'>sufficienter</span> <span class='ocrx_word' id='word_1_633' title='bbox 1914 2379 2086 2414; x_wconf 84' lang='lat' dir='ltr'>instructi,</span> <span class='ocrx_word' id='word_1_634' title='bbox 2105 2387 2219 2417; x_wconf 87' lang='lat' dir='ltr'>proce-</span> 
     </span>
     <span class='ocr_line' id='line_1_88' title="bbox 1212 2429 2219 2470; baseline 0.004 -12"><span class='ocrx_word' id='word_1_635' title='bbox 1212 2429 1328 2459; x_wconf 83' lang='lat' dir='ltr'>damus</span> <span class='ocrx_word' id='word_1_636' title='bbox 1349 2430 1466 2460; x_wconf 68' lang='lat' dir='ltr'>exinde</span> <span class='ocrx_word' id='word_1_637' title='bbox 1487 2435 1583 2469; x_wconf 83' lang='lat' dir='ltr'>prout</span> <span class='ocrx_word' id='word_1_638' title='bbox 1606 2431 1789 2461; x_wconf 88' lang='lat' dir='ltr'>secundum</span> <span class='ocrx_word' id='word_1_639' title='bbox 1811 2432 1916 2461; x_wconf 88' lang='lat' dir='ltr'>Deum</span> <span class='ocrx_word' id='word_1_640' title='bbox 1939 2432 2120 2462; x_wconf 84' lang='lat' dir='ltr'>viderimus</span> <span class='ocrx_word' id='word_1_641' title='bbox 2143 2440 2219 2470; x_wconf 90' lang='lat' dir='ltr'>pro-</span> 
     </span>
     <span class='ocr_line' id='line_1_89' title="bbox 1212 2483 2219 2523; baseline 0.002 -11"><span class='ocrx_word' id='word_1_642' title='bbox 1212 2483 1392 2513; x_wconf 91' lang='lat' dir='ltr'>cedendum</span> <span class='ocrx_word' id='word_1_643' title='bbox 1406 2494 1411 2519; x_wconf 89' lang='lat'>;</span> <span class='ocrx_word' id='word_1_644' title='bbox 1428 2484 1550 2522; x_wconf 87' lang='lat' dir='ltr'>prefixo</span> <span class='ocrx_word' id='word_1_645' title='bbox 1563 2484 1669 2514; x_wconf 91' lang='lat' dir='ltr'>eidem</span> <span class='ocrx_word' id='word_1_646' title='bbox 1681 2484 1833 2523; x_wconf 87' lang='lat' dir='ltr'>episcopo</span> <span class='ocrx_word' id='word_1_647' title='bbox 1846 2485 1986 2515; x_wconf 89' lang='lat' dir='ltr'>termino</span> <span class='ocrx_word' id='word_1_648' title='bbox 1999 2484 2219 2523; x_wconf 87' lang='lat' dir='ltr'>peremptorio</span> 
     </span>
     <span class='ocr_line' id='line_1_90' title="bbox 1211 2537 2219 2576; baseline 0.004 -12"><span class='ocrx_word' id='word_1_649' title='bbox 1211 2537 1421 2573; x_wconf 88' lang='lat' dir='ltr'>competenti,</span> <span class='ocrx_word' id='word_1_650' title='bbox 1444 2546 1507 2575; x_wconf 87' lang='lat' dir='ltr'>quo</span> <span class='ocrx_word' id='word_1_651' title='bbox 1526 2546 1560 2567; x_wconf 90' lang='lat' dir='ltr'>se</span> <span class='ocrx_word' id='word_1_652' title='bbox 1578 2541 1689 2567; x_wconf 85' lang='lat' dir='ltr'>nostro</span> <span class='ocrx_word' id='word_1_653' title='bbox 1707 2538 1898 2576; x_wconf 85' lang='lat' dir='ltr'>conspectui</span> <span class='ocrx_word' id='word_1_654' title='bbox 1923 2542 2142 2576; x_wconf 84' lang='lat' dir='ltr'>representet,</span> <span class='ocrx_word' id='word_1_655' title='bbox 2160 2546 2219 2576; x_wconf 87' lang='lat' dir='ltr'>pro</span> 
     </span>
     <span class='ocr_line' id='line_1_91' title="bbox 1210 2589 2217 2627; baseline 0.004 -11"><span class='ocrx_word' id='word_1_656' title='bbox 1210 2589 1339 2618; x_wconf 89' lang='lat' dir='ltr'>meritis</span> <span class='ocrx_word' id='word_1_657' title='bbox 1355 2594 1548 2627; x_wconf 84' lang='lat' dir='ltr'>recepturus</span> <span class='ocrx_word' id='word_1_658' title='bbox 1560 2600 1565 2625; x_wconf 72' lang='grc' dir='ltr'><strong>ς</strong></span> <span class='ocrx_word' id='word_1_659' title='bbox 1582 2599 1618 2619; x_wconf 86' lang='lat' dir='ltr'>ac</span> <span class='ocrx_word' id='word_1_660' title='bbox 1631 2590 1779 2625; x_wconf 88' lang='lat' dir='ltr'>interim,</span> <span class='ocrx_word' id='word_1_661' title='bbox 1790 2590 1899 2620; x_wconf 91' lang='lat' dir='ltr'>omnis</span> <span class='ocrx_word' id='word_1_662' title='bbox 1912 2591 2020 2620; x_wconf 89' lang='lat' dir='ltr'>mutui</span> <span class='ocrx_word' id='word_1_663' title='bbox 2033 2590 2084 2620; x_wconf 88' lang='lat' dir='ltr'>vel</span> <span class='ocrx_word' id='word_1_664' title='bbox 2095 2590 2217 2621; x_wconf 85' lang='lat' dir='ltr'>aliena-</span> 
     </span>
     <span class='ocr_line' id='line_1_92' title="bbox 1210 2640 2218 2681; baseline 0.003 -12"><span class='ocrx_word' id='word_1_665' title='bbox 1210 2640 1310 2671; x_wconf 86' lang='lat' dir='ltr'>tionis</span> <span class='ocrx_word' id='word_1_666' title='bbox 1328 2645 1497 2671; x_wconf 85' lang='lat' dir='ltr'>contractu</span> <span class='ocrx_word' id='word_1_667' title='bbox 1515 2642 1579 2672; x_wconf 88' lang='lat' dir='ltr'>sibi</span> <span class='ocrx_word' id='word_1_668' title='bbox 1591 2642 1724 2680; x_wconf 87' lang='lat' dir='ltr'>penitus</span> <span class='ocrx_word' id='word_1_669' title='bbox 1741 2643 1929 2678; x_wconf 88' lang='lat' dir='ltr'>interdicto,</span> <span class='ocrx_word' id='word_1_670' title='bbox 1942 2643 2062 2681; x_wconf 87' lang='lat' dir='ltr'>ipsum,</span> <span class='ocrx_word' id='word_1_671' title='bbox 2077 2643 2105 2672; x_wconf 85' lang='lat' dir='ltr'>si</span> <span class='ocrx_word' id='word_1_672' title='bbox 2122 2651 2218 2673; x_wconf 88' lang='lat' dir='ltr'>secus</span> 
     </span>
     <span class='ocr_line' id='line_1_93' title="bbox 1210 2694 2218 2735; baseline 0.003 -13"><span class='ocrx_word' id='word_1_673' title='bbox 1210 2697 1319 2723; x_wconf 86' lang='lat' dir='ltr'>actum</span> <span class='ocrx_word' id='word_1_674' title='bbox 1330 2694 1442 2729; x_wconf 84' lang='lat' dir='ltr'>fuerit,</span> <span class='ocrx_word' id='word_1_675' title='bbox 1453 2695 1629 2725; x_wconf 82' lang='lat' dir='ltr'>denunties</span> <span class='ocrx_word' id='word_1_676' title='bbox 1639 2695 1773 2725; x_wconf 84' lang='lat' dir='ltr'>irritum</span> <span class='ocrx_word' id='word_1_677' title='bbox 1785 2700 1815 2726; x_wconf 91' lang='lat' dir='ltr'>et</span> <span class='ocrx_word' id='word_1_678' title='bbox 1826 2695 1998 2735; x_wconf 81' lang='lat' dir='ltr'>inane[m]‚</span> <span class='ocrx_word' id='word_1_679' title='bbox 2008 2704 2044 2725; x_wconf 85' lang='lat' dir='ltr'>ac</span> <span class='ocrx_word' id='word_1_680' title='bbox 2053 2695 2157 2725; x_wconf 85' lang='lat' dir='ltr'>facias</span> <span class='ocrx_word' id='word_1_681' title='bbox 2169 2695 2218 2725; x_wconf 88' lang='lat' dir='ltr'>eis</span> 
     </span>
     <span class='ocr_line' id='line_1_94' title="bbox 1210 2746 2219 2787; baseline 0.002 -13"><span class='ocrx_word' id='word_1_682' title='bbox 1210 2746 1465 2785; x_wconf 82' lang='lat' dir='ltr'>quihujusmodi</span> <span class='ocrx_word' id='word_1_683' title='bbox 1475 2748 1729 2786; x_wconf 87' lang='lat' dir='ltr'>inquisitionem</span> <span class='ocrx_word' id='word_1_684' title='bbox 1738 2753 1996 2787; x_wconf 86' lang='lat' dir='ltr'>prosequuntur,</span> <span class='ocrx_word' id='word_1_685' title='bbox 2007 2756 2168 2786; x_wconf 86' lang='lat' dir='ltr'>expensas</span> <span class='ocrx_word' id='word_1_686' title='bbox 2179 2746 2219 2777; x_wconf 85' lang='lat' dir='ltr'>ad</span> 
     </span>
    </p>
   </div>
   <div class='ocr_carea' id='block_1_10' title="bbox 1239 2878 2015 2996">
    <p class='ocr_par' dir='ltr' id='par_1_10' title="bbox 1239 2878 2015 2996">
     <span class='ocr_line' id='line_1_95' title="bbox 1242 2878 1558 2905; baseline 0.009 -4"><span class='ocrx_word' id='word_1_687' title='bbox 1242 2878 1262 2901; x_wconf 87' lang='lat'>1.</span> <span class='ocrx_word' id='word_1_688' title='bbox 1281 2884 1308 2901; x_wconf 76' lang='lat' dir='ltr'>iv</span> <span class='ocrx_word' id='word_1_689' title='bbox 1326 2878 1404 2904; x_wconf 74' lang='lat' dir='ltr'>Rae..</span> <span class='ocrx_word' id='word_1_690' title='bbox 1423 2879 1454 2905; x_wconf 70' lang='lat' dir='ltr'>V.</span> <span class='ocrx_word' id='word_1_691' title='bbox 1472 2880 1558 2904; x_wconf 50' lang='grc' dir='ltr'>’ἰῶ-17.</span> 
     </span>
     <span class='ocr_line' id='line_1_96' title="bbox 1239 2921 2015 2954; baseline 0.005 -10"><span class='ocrx_word' id='word_1_692' title='bbox 1239 2921 1453 2949; x_wconf 65' lang='lat' dir='ltr'>⁴2.tx1n†.xxt.</span> <span class='ocrx_word' id='word_1_693' title='bbox 1473 2923 1513 2950; x_wconf 59' lang='lat'>1⁴1;</span> <span class='ocrx_word' id='word_1_694' title='bbox 1532 2923 1620 2947; x_wconf 74' lang='lat' dir='ltr'>MAnc.</span> <span class='ocrx_word' id='word_1_695' title='bbox 1638 2924 1683 2952; x_wconf 80' lang='lat' dir='ltr'>XI,</span> <span class='ocrx_word' id='word_1_696' title='bbox 1702 2924 1860 2953; x_wconf 49' lang='lat' dir='ltr'>153503xx.</span> <span class='ocrx_word' id='word_1_697' title='bbox 1879 2924 1917 2954; x_wconf 84' lang='lat'>11,</span> <span class='ocrx_word' id='word_1_698' title='bbox 1937 2924 2015 2948; x_wconf 72' lang='lat'>14-16.</span> 
     </span>
     <span class='ocr_line' id='line_1_97' title="bbox 1240 2965 1862 2996; baseline 0.003 -7"><span class='ocrx_word' id='word_1_699' title='bbox 1240 2965 1260 2989; x_wconf 90' lang='grc'>3.</span> <span class='ocrx_word' id='word_1_700' title='bbox 1278 2965 1318 2989; x_wconf 78' lang='lat' dir='ltr'>Cf.</span> <span class='ocrx_word' id='word_1_701' title='bbox 1338 2965 1420 2989; x_wconf 75' lang='grc' dir='ltr'>ΜΛΤΤ.</span> <span class='ocrx_word' id='word_1_702' title='bbox 1444 2967 1474 2992; x_wconf 73' lang='lat' dir='ltr'>V.</span> <span class='ocrx_word' id='word_1_703' title='bbox 1495 2968 1530 2995; x_wconf 71' lang='lat'>13,</span> <span class='ocrx_word' id='word_1_704' title='bbox 1549 2969 1742 2996; x_wconf 61' lang='lat' dir='ltr'>intermutatw</span> <span class='ocrx_word' id='word_1_705' title='bbox 1760 2969 1862 2991; x_wconf 64' lang='lat' dir='ltr'>italica,</span> 
     </span>
    </p>
   </div>
  </div>
 </body>
</html>
