2423 3487
162 276 197 306 91
882 269 1118 300 ruzuts'siiizs
1143 267 1195 296 DE
1219 261 1439 296 GREGOIRE
1462 267 1520 296 ix.
2209 265 2247 295 92

164 340 317 370 scrutatis
332 339 535 375 singul-‘vrtuti
553 338 786 368 voluntatibus,
800 337 981 374 predictum
999 334 1158 363 archidia-

164 401 291 421 conum,
312 392 416 419 virum
441 391 634 419 littei-alunt.
659 389 829 426 providum
845 393 872 418 ct
893 388 1082 417 honestum,
1104 396 1159 423 per

164 444 256 481 cujus
274 443 469 471 industriam
488 446 636 479 speratur
655 441 766 469 ezulcm
784 440 922 470 ccclesia
944 440 975 468 in
1003 439 1158 476 spiritua—

162 495 249 523 libus
267 499 295 523 et
314 494 545 531 temporalibus
563 493 780 522 reformanda.
804 493 839 520 111
858 501 952 521 suunt
971 491 1159 528 episcopum

164 547 330 583 elegerunt
345 556 349 576 :
366 546 458 583 cujus
476 545 667 573 electionem
684 544 882 573 venerahilis
900 544 1000 572 frater
1015 548 1156 571 noster..

162 600 362 630 Turonensis
380 599 654 636 archivpiscopus,
672 598 942 636 metropolitanus
957 606 1080 626 eorum,
1095 597 1158 625 sibi

163 662 235 682 cum
251 652 378 681 decreto
395 656 613 688 presentatam
632 650 671 679 ab
688 651 779 687 ipsis,
798 654 980 687 opponente
997 658 1031 677 se
1049 648 1116 677 5010
1138 671 1156 676 ..

163 709 293 734 011111011-
311 703 566 737 Ccmunanensi,
586 703 722 732 ecclesie
740 703 882 740 predicte
899 702 1073 735 cammico,
1094 710 1158 729 11110

161 766 198 786 ex
215 761 354 794 quatuor
370 756 582 793 supradictis,
609 760 639 784 et
658 755 697 784 ad
722 759 866 784 nostram
883 754 1084 783 audientiam
1102 762 1158 790 ap-

161 809 312 848 pellante,
333 808 433 837 noluit
452 809 655 842 confirmare,
675 807 840 844 negotium
857 807 895 835 ad
915 806 1031 836 Sedem
1055 808 1157 843 Apos-

162 862 290 891 tolicam
318 860 530 891 remittendo:
553 860 636 897 apud
658 869 766 898 quam.
793 859 871 888 dicti
899 859 1058 889 ι1050011111
1085 868 1158 896 pro-

161 919 309 944 curatore
342 913 533 943 electionem
567 912 755 951 hujusmodi
792 912 979 941 confirmari
1016 916 1157 949 petente.

160 967 305 1005 prefatus
328 970 439 995 cantor
456 965 645 1003 excipiendo
667 965 833 1002 proposuit
857 974 921 993 uon
942 964 1106 993 modicum
1125 964 1158 992 111

160 1020 265 1057 ipsius
282 1028 434 1057 processu
452 1019 556 1047 fuisse
575 1023 759 1056 peccatum.
778 1027 851 1047 cum
869 1022 943 1046 ante
960 1017 1158 1046 scrutinium

161 1071 210 1100 illi
227 1072 282 1109 qui
299 1071 566 1100 archidiaconum
585 1071 808 1105 nominarunt,
826 1079 899 1099 011111
914 1079 950 1099 eo
967 1074 996 1099 et
1014 1070 1083 1099 suis
1101 1069 1159 1098 ha-

162 1124 311 1153 buissent
332 1123 369 1153 de
390 1124 459 1161 ipso
482 1123 633 1159 eligendo
653 1127 844 1157 tractatumg
868 1131 965 1161 quem
984 1122 1082 1152 etiam
1104 1122 1160 1151 de-

160 1186 230 1206 cem
249 1177 299 1206 vel
323 1176 472 1206 undecim
492 1176 525 1205 in
549 1176 709 1205 scrutinio
733 1175 999 1209 nominantibus,
1024 1180 1087 1204 tres
1111 1174 1160 1204 vel

160 1235 300 1269 quatuor
324 1230 381 1259 tali
401 1229 494 1259 modo
520 1233 757 1259 consenserunt
781 1229 815 1257 in
839 1229 959 1267 ipsum.
980 1229 1126 1258 dicentes
1152 1238 1158 1256 :

163 1296 175 1310 (ι
194 1284 266 1312 Non
290 1282 561 1317 contradicimus,
588 1282 614 1311 si
642 1281 893 1311 archidiaconus
917 1281 1058 1318 eligatur
1078 1291 1108 1316 »3
1130 1285 1160 1310 et

160 1344 250 1369 cum,
277 1335 360 1364 votis
390 1335 620 1364 canonicorum
647 1339 717 1372 post
744 1334 941 1364 scrutinium
970 1334 1157 1372 publicatis.

162 1388 272 1418 statim
291 1388 371 1425 ipse,
391 1387 582 1424 priusquam
600 1387 830 1424 procederetur
846 1386 996 1421 ulterius,
1016 1386 1160 1424 appella-

161 1442 214 1475 rit,
226 1450 265 1470 ne
278 1441 506 1478 procederetur
523 1440 561 1469 ad
578 1440 782 1474 electionem,
802 1440 924 1469 omissa
939 1440 1043 1469 forma
1061 1449 1159 1469 cano-

161 1494 246 1528 nica,
271 1498 301 1523 et
326 1502 365 1522 110
387 1493 461 1531 quis
486 1492 674 1529 eligeretur,
699 1493 751 1522 cui
772 1493 810 1522 de
832 1493 964 1522 statutis
989 1494 1159 1523 canonicis

161 1546 286 1584 aliquid
301 1546 462 1581 obviaret,
485 1545 733 1584 quatuordecim
755 1546 920 1580 canonici,
940 1546 1158 1584 appellatione

161 1599 311 1637 despecta
334 1599 489 1637 nullaque
514 1598 688 1628 collatione
712 1598 826 1628 hahita
850 1599 884 1628 111
914 1601 1080 1629 communi
1108 1600 1159 1630 vel

161 1652 319 1682 electione
331 1652 502 1689 premissa,
520 1652 681 1681 cantando
700 1653 733 1680 Te
746 1653 839 1681 Deam.
855 1654 1030 1688 laudamus,
1049 1654 1159 1691 depor-

161 1709 312 1735 taverunt
339 1705 477 1735 eundem
508 1705 777 1734 archidiacmium
804 1706 844 1734 ad
877 1706 990 1736 altare.
1024 1707 1159 1736 Addidit

161 1758 260 1788 etiam
271 1758 377 1787 dictus
391 1758 599 1796 cantorquod
614 1758 843 1787 incrastinum
855 1758 1026 1789 electionis
1041 1760 1110 1798 ipse
1123 1770 1158 1789 ac

163 1814 229 1840 tres
250 1810 307 1839 alii
327 1810 505 1849 supradicti
526 1810 559 1839 in
577 1810 719 1848 capitulo
735 1810 952 1848 appellarunt,
972 1821 1011 1841 ne
1031 1813 1158 1850 sigilla-

162 1868 254 1893 retur
270 1863 394 1902 aliquid
409 1863 518 1901 sigillo
531 1863 666 1901 capituli
680 1864 713 1893 in
730 1864 949 1903 prejudicium
966 1867 1156 1896 eorundem.

160 1916 280 1947 Contra
297 1916 391 1945 electi
410 1926 485 1945 vero
501 1926 674 1954 personam
694 1917 813 1956 objecit
830 1918 916 1955 quod
936 1918 981 1948 sic.
1004 1918 1158 1949 illittera—

161 1973 212 1999 tus
227 1969 348 1999 existit.
367 1970 451 2008 quod
468 1979 526 1999 nec
543 1969 644 1999 latine
662 1970 749 1999 novit
768 1979 825 2000 nec
843 1971 959 2008 gallice
975 1973 1155 2010 predicare,

157 2031 195 2053 ex
211 2032 273 2061 quo
293 2032 389 2059 grave
405 2027 514 2060 posset
530 2024 736 2053 Naniietensi
754 2024 876 2053 diocesi
895 2025 1078 2062 periculum
1095 2027 1157 2055 im-

158 2075 299 2109 minere,
326 2076 466 2105 maxime
491 2085 563 2105 cum
589 2076 622 2105 111
649 2076 728 2105 locis
752 2077 870 2106 vicinis
893 2078 987 2106 11111111
1013 2079 1050 2108 de
1075 2088 1157 2109 novo

159 2127 296 2158 heretici
312 2128 376 2157 sint
394 2129 535 2163 inventi,
555 2133 584 2157 et
601 2129 740 2158 diocesis
763 2129 835 2160 illa,
864 2140 925 2168 que
948 2136 1056 2168 preter
1076 2132 1157 2162 duas

159 2180 347 2218 populosior
363 2184 410 2209 est
427 2181 512 2209 inter
533 2181 614 2209 alias
633 2182 779 2211 dioceses
801 2183 969 2220 provincie
986 2184 1157 2213 Turonen-

160 2233 218 2268 sis,
234 2242 320 2270 sepe,
339 2238 468 2271 propter
485 2234 643 2263 malitiam
659 2234 880 2264 habitantium
896 2236 928 2264 in
942 2237 1065 2268 eadem.
1080 2248 1157 2267 con-

160 2286 303 2319 sueverit
320 2286 484 2317 interdici,
502 2287 533 2315 in
553 2291 676 2316 tantum
697 2288 781 2326 quod
799 2289 936 2326 quedam
958 2299 1033 2327 pars
1053 2291 1157 2328 ipsius

158 2347 216 2376 per
233 2338 351 2375 viginti
369 2348 472 2368 annos
496 2343 524 2368 et
549 2339 689 2377 amplius
710 2341 865 2370 continuo
886 2342 1030 2379 subjecta
1052 2344 1158 2372 extitit

159 2390 382 2420 ecclesiastico
398 2391 584 2421 interdicto.
604 2393 738 2430 Propter
751 2403 903 2430 magnum
922 2395 1158 2433 11110411101111111·

159 2443 212 2471 nis
228 2442 392 2471 desectum
408 2453 502 2481 quem
520 2444 605 2473 idem
624 2445 887 2475 archiditwomts.
904 2447 971 2476 sere
989 2452 1157 2483 octogena-

159 2494 239 2530 rius,
255 2495 387 2532 patitur,
402 2496 576 2534 episcopali
594 2506 656 2525 non
673 2499 823 2533 congruit
840 2499 1004 2535 dignitati,
1018 2500 1090 2537 plus
1107 2502 1158 2531 de-

159 2546 227 2576 bito
252 2547 371 2577 timens
399 2549 526 2579 nobiles
551 2553 581 2579 et
608 2554 768 2587 potentes,
797 2551 884 2589 quod
908 2561 945 2581 ex
972 2552 1033 2582 hoc
1055 2553 1159 2592 liquet

161 2603 286 2637 aperte,
305 2601 460 2638 quoniam
481 2602 799 2638 excommunicatos,
827 2608 921 2641 prout
939 2604 1068 2640 debuit,
1094 2615 1157 2636 11011

160 2653 292 2689 vitavit3
311 2654 397 2692 quod
411 2655 509 2684 etiam
524 2656 579 2694 qui
595 2656 849 2685 nominaverunt
865 2657 1005 2687 eundem
1022 2659 1159 2690 minime

156 2705 366 2743 ignorarunt,
385 2716 523 2745 quorum
540 2708 635 2737 multi
654 2709 687 2737 in
705 2709 817 2738 eodem
843 2710 872 2739 ei
893 2710 1020 2740 similes
1043 2712 1159 2742 extite-

156 2762 246 2788 runt.
264 2759 360 2789 Unde
374 2763 439 2789 tam
457 2761 485 2790 ei
505 2770 602 2799 quam
620 2761 702 2799 ipsis
721 2762 903 2791 timendum
920 2767 967 2792 est
989 2764 1075 2801 quod
1093 2774 1157 2794 non

158 2810 266 2840 solum
288 2811 438 2849 minoris,
463 2813 519 2843 sed
542 2814 640 2843 etiam
656 2814 791 2853 majoris
809 2816 1158 2848 excommunicationis

158 2862 291 2893 vinculo
316 2864 383 2894 sint
404 2865 546 2900 astricti,
573 2875 646 2896 cum
667 2866 763 2896 multi
785 2876 859 2896 011111
882 2867 1158 2906 participantibus

158 2917 432 2947 excommunicati
447 2918 573 2948 fuerint
589 2919 622 2948 in
644 2919 768 2949 diocesi
787 2920 985 2958 supradicta.
1006 2922 1159 2952 Preterea

1243 332 1345 361 nimia
1362 331 1589 370 complectitur
1603 331 1776 361 affectione
1795 330 2013 369 propinquos,
2034 339 2091 368 pro
2107 340 2248 369 quorum

1241 384 1368 419 timore,
1389 384 1643 414 consistentium
1659 383 1720 413 suh
1738 387 1898 422 potestate
1914 383 2122 421 quorundam
2137 387 2249 422 poten-

1243 437 1335 471 tium,
1355 436 1411 474 qui
1428 436 1513 466 hona
1532 436 1679 475 ejusdem
1695 436 1833 466 ecclesie
1855 435 2003 465 detinent
2019 440 2187 474 occupata,
2208 436 2250 466 ad

1242 499 1279 520 ea
1295 490 1519 527 recuperanda
1536 489 1678 519 viriliter
1699 489 1876 527 procedere
1897 498 1962 518 non
1984 489 2133 524 auderet,
2155 497 2192 518 ac
2208 489 2249 518 ad

1242 551 1379 571 munera
1403 551 1465 580 que
1491 542 1658 572 interdum
1683 542 1862 580 prudentes
1888 545 2061 575 avertunt,
2091 550 2126 571 se
2149 541 2249 572 facile

1237 595 1331 633 juxta
1347 595 1494 633 ejusdem
1515 594 1789 635 consuetudinem
1812 593 2007 629 inclinaret3
2033 594 2170 633 ejusque
2189 603 2248 624 ne-

1242 647 1400 685 gligentia
1416 656 1453 677 ex
1471 656 1508 677 eo
1522 647 1678 677 notabilis
1693 656 1764 677 esse
1777 647 1918 682 videtur,
1937 647 2024 685 quod
2039 647 2074 676 in
2087 647 2250 677 archidia-

1242 704 1361 729 conatu
1380 709 1456 735 suo,
1484 700 1536 729 cui
1558 700 1645 729 circa
1670 700 1790 737 viginti
1812 708 1917 729 annos
1940 699 2080 738 prefuit,
2104 700 2248 730 debitam

1241 752 1466 782 cohertionem
1482 761 1546 781 non
1568 752 1730 787 exercuit,
1750 752 1826 782 licet
1844 752 1949 782 multa
1964 752 2130 782 invenerit
2146 752 2251 782 corri-

1242 805 1358 843 genda.
1390 805 1498 841 Quare
1527 805 1634 843 ipsius
1667 805 1863 835 electionem
1894 806 2023 835 dicebat
2058 805 2250 835 nullatenus

1242 858 1511 892 confirmandam,
1533 862 1563 887 et
1587 857 1731 895 eligendi
1752 858 1826 896 jure
1851 857 1913 888 hac
1937 858 2007 888 vice
2034 858 2178 896 privatos
2199 857 2251 887 vel

1242 911 1418 948 privandos
1456 911 1554 940 etiam
1588 911 1758 941 electores.
1792 911 1879 941 Dicti
1912 920 1988 941 vero
2023 910 2250 940 archidiaconi

1242 968 1434 1002 procurator
1456 968 1588 993 econtra
1614 964 1785 1001 respondit
1810 964 1897 1002 quod
1923 964 1957 993 in
1987 963 2147 994 electione
2175 973 2250 1002 pre-

1242 1016 1328 1045 dicta
1348 1016 1521 1046 observata
1543 1016 1607 1045 fuit
1631 1017 1735 1045 forma
1758 1016 1918 1046 canonica
1939 1020 1969 1046 et
1986 1017 2143 1046 canonice
2165 1016 2251 1046 cele-

1242 1069 1334 1098 brata
1351 1069 1389 1098 de
1406 1078 1546 1107 persona
1562 1069 1698 1102 idonea,
1718 1078 1862 1106 congrue
1880 1069 2035 1104 litterata,
2057 1073 2168 1107 utpote
2187 1078 2251 1108 que

1243 1131 1260 1151 a
1284 1122 1408 1152 teneris
1434 1122 1530 1151 annis
1554 1122 1587 1151 in
1615 1122 1742 1151 artibus
1767 1127 1797 1152 et
1821 1122 1856 1151 in
1879 1122 1953 1161 jure
1972 1122 2029 1152 diu
2055 1122 2192 1156 studuit,
2220 1126 2252 1152 et

1242 1175 1449 1214 postmodum
1472 1175 1508 1204 111
1529 1175 1713 1213 theologica
1732 1175 1906 1210 facultate;
1924 1175 1958 1204 in
1982 1184 2062 1214 quo,
2081 1175 2143 1204 etsi
2161 1175 2252 1204 litte-

1242 1232 1354 1258 ratura
1371 1229 1522 1258 eminens
1543 1237 1608 1258 non
1632 1228 1805 1263 existeret,
1829 1228 1967 1258 debebat
1991 1232 2099 1258 tamen
2121 1236 2252 1265 compe-

1243 1286 1315 1311 tens
1334 1281 1479 1316 tolerari,
1505 1290 1590 1315 cum,
1614 1286 1724 1319 preter
1743 1281 1860 1319 ipsam,
1886 1281 1951 1311 sihi
1973 1281 2038 1310 vite
2063 1290 2098 1310 ac
2123 1289 2251 1310 morum

1242 1335 1398 1365 honestas
1416 1344 1451 1364 ac
1469 1335 1792 1372 consanguineorum
1809 1334 1973 1372 potentia,
1990 1334 2047 1372 qui
2069 1333 2252 1363 necessarii

1243 1392 1317 1417 sunt
1337 1387 1546 1417 Nannetensi
1561 1387 1710 1422 ecclesie,
1730 1387 1965 1424 suffragentur.
1982 1388 2029 1416 De
2045 1386 2152 1424 ipsius
2168 1394 2250 1424 quo-

1243 1449 1305 1478 que
1329 1440 1503 1477 diligentia
1522 1444 1673 1469 constare
1692 1439 1839 1474 dicebat,
1863 1439 2020 1478 quoniam
2044 1437 2251 1468 archidiaco-

1242 1493 1336 1522 natui
1355 1501 1414 1522 suo
1432 1492 1646 1522 laudabiliter
1662 1493 1801 1530 prefuit,
1825 1496 1856 1522 et
1881 1492 1928 1521 ibi
1951 1492 2050 1522 verbo
2066 1492 2250 1530 profecerat

1243 1550 1273 1575 et
1289 1545 1448 1583 exemplo.
1468 1546 1515 1575 De
1537 1545 1631 1584 cujus
1652 1550 1737 1575 etate
1760 1554 1797 1574 ac
1821 1544 1951 1575 defectu
1975 1544 2114 1574 luminis
2136 1547 2251 1574 cantor

1241 1600 1312 1637 ipse
1326 1599 1438 1628 minus
1458 1598 1618 1628 veraciter
1634 1598 1797 1636 premissa
1813 1598 1982 1633 confinxit,
2001 1606 2074 1627 011111
2090 1597 2178 1627 idem
2198 1605 2250 1626 ar-

1241 1652 1458 1683 chidiaconus
1476 1652 1530 1681 vix
1546 1660 1670 1681 annum
1693 1651 1936 1689 sexagesimum
1958 1650 2165 1680 excessisset.
2183 1651 2251 1680 Ne-

1242 1706 1338 1743 gabat
1355 1705 1454 1735 etiam
1470 1704 1595 1734 dictum
1611 1704 1882 1733 archidiaconum
1898 1712 2039 1741 pronum
2056 1703 2095 1732 ad
2112 1712 2252 1733 munera

1242 1768 1305 1798 que
1320 1759 1429 1796 ipsum
1446 1758 1595 1787 facerent
1611 1766 1629 1786 a
1643 1757 1776 1796 justitia
1791 1757 1923 1786 deviare
1938 1767 1943 1792 ς
1969 1766 2028 1786 1100
2045 1760 2115 1786 erat
2132 1755 2252 1786 verisi-

1241 1811 1319 1841 mile
1336 1810 1423 1850 quod
1440 1814 1591 1848 potentes
1614 1810 1688 1848 plus
1709 1810 1819 1839 debito
1842 1814 2022 1845 vereretur,
2043 1818 2117 1839 cum
2136 1813 2251 1838 contra

1241 1865 1387 1895 nobilem
1405 1864 1514 1893 virum
1533 1887 1552 1892 ..
1571 1863 1725 1893 comitem
1740 1863 1916 1893 Britannie
1934 1863 1985 1892 bis
2002 1862 2053 1893 vel
2070 1867 2118 1893 ter
2135 1862 2175 1892 ad
2191 1862 2250 1892 Se-

1240 1919 1314 1949 dem
1334 1917 1558 1957 Apostolicam
1574 1917 1703 1947 venerit
1719 1925 1776 1955 pro
1793 1916 1934 1946 ecclesia
1952 1915 2172 1946 Nannetensi.
2193 1916 2250 1946 In·-

1240 1972 1415 2009 ficiabatur
1428 1971 1566 2009 insuper
1578 1979 1652 2000 eum
1666 1974 1696 1999 et
1710 1970 1868 1999 electores
1883 1978 1971 2004 suos,
1989 1969 2055 1998 nisi
2068 1968 2103 1998 in
2116 1967 2250 1998 casibus

1240 2025 1419 2060 concessis,
1438 2023 1731 2055 excommunicatis
1746 2023 2009 2053 communicasse
2026 2022 2181 2056 scienter,
2198 2020 2252 2051 vel

1241 2079 1448 2109 nominatum
1472 2081 1639 2108 cantorem
1664 2076 1919 2115 appellationem
1944 2075 2097 2105 emisisse
2121 2073 2251 2112 predic-

1242 2136 1306 2161 tam
1328 2141 1334 2160 :
1353 2131 1440 2170 quod
1456 2130 1485 2160 si
1502 2130 1601 2160 etiam
1619 2129 1828 2168 appellasset,
1847 2137 1920 2158 curn
1938 2128 2034 2158 electi
2049 2136 2191 2166 persona
2207 2126 2251 2156 sit

1240 2185 1358 2214 idonea
1375 2188 1403 2214 et
1420 2183 1523 2213 electa
1542 2182 1710 2217 canonice,
1730 2191 1795 2211 non
1815 2185 1927 2211 contra
1948 2181 2087 2210 formam
2105 2179 2250 2218 appella-

1240 2237 1358 2272 tionis,
1380 2237 1481 2265 immo
1498 2236 1607 2274 potius
1625 2235 1806 2265 secundum
1826 2244 1897 2265 eam
1915 2234 2114 2271 intelligitur
2133 2233 2250 2263 electio

1241 2290 1416 2319 celebrata.
1435 2289 1530 2319 Unde
1548 2288 1742 2327 suppliciter
1759 2288 1937 2327 postulavit
1954 2292 2000 2317 ut.
2014 2287 2120 2325 ipsius
2137 2290 2251 2316 canto-

1241 2343 1287 2372 ris
1304 2343 1564 2372 contradictione
1581 2346 1609 2371 et
1628 2341 1849 2379 appellatione
1864 2349 2072 2379 nequaquam
2087 2339 2251 2369 obstanti-

1241 2396 1313 2425 bus.
1333 2396 1492 2433 prefatam
1511 2395 1705 2425 electionem
1722 2394 1918 2424 confirmare
1937 2398 2093 2432 tanquam
2112 2391 2250 2422 canoni-

1241 2458 1311 2477 cam
1329 2448 1554 2485 dignaremur.
1567 2447 1739 2483 Quocirca,
1758 2447 1796 2476 de
1813 2446 1893 2476 dicti
1904 2446 2048 2476 cantoris
2060 2450 2090 2475 ct
2102 2445 2251 2484 ejusdem

1243 2501 1464 2538 procuratoris
1481 2509 1631 2529 assensu.
1650 2499 1846 2529 mandamus
1860 2504 2034 2538 quatenus,
2055 2498 2178 2528 voeatis
2192 2496 2251 2536 qui

1241 2554 1365 2583 suerint
1389 2553 1546 2583 evocandi
1563 2557 1593 2583 et
1610 2553 1741 2590 cognita
1758 2561 1856 2590 super
1871 2551 1939 2582 hiis
1964 2556 1995 2582 et
2015 2550 2091 2580 aliis
2107 2550 2251 2588 diligen-

1242 2606 1308 2635 tius
1334 2606 1492 2641 veritate,
1521 2615 1654 2635 causam
1680 2605 1720 2635 ad
1746 2614 1805 2634 nos
1834 2604 2013 2635 remittatis
2046 2603 2251 2633 sufficienter

1242 2659 1454 2695 instructam;
1476 2659 1590 2693 electo,
1617 2663 1650 2688 ut
1676 2658 1906 2697 personaliter,
1934 2657 2078 2696 capitulo
2101 2665 2189 2691 vero,
2221 2655 2251 2686 si

1242 2712 1394 2747 voluerit,
1407 2717 1437 2742 et
1448 2713 1575 2751 prefato
1587 2712 1726 2748 cantori,
1739 2716 1775 2742 ut
1788 2721 1846 2750 per
1858 2715 2088 2750 procuratores
2099 2710 2248 2744 idoneos,

1242 2766 1440 2804 prefigentes
1469 2766 1647 2796 terminum
1673 2769 1924 2804 competentem,
1951 2774 2015 2804 quo
2039 2766 2250 2802 compareant

1242 2828 1351 2848 coram
1370 2819 1476 2853 nohis,
1497 2819 1585 2857 quod
1607 2828 1706 2856 super
1724 2818 1786 2848 hoc
1809 2817 2022 2847 statuendum
2045 2816 2250 2850 duxerimus,

1242 2871 1421 2908 recepturi:
1436 2871 1530 2907 Quod
1541 2871 1647 2901 sinon
1663 2879 1778 2900 omnes
1790 2874 1851 2900 etc.
1864 2871 1938 2900 Dat.
1955 2869 2098 2904 Perusii,
2115 2869 2182 2898 XII
2193 2867 2250 2897 ka-

1241 2923 1357 2953 lendas
1370 2923 1459 2962 julii,
1480 2933 1566 2954 anno
1583 2933 1681 2953 nono,
1701 2935 1714 2949 »
