2519 3518
157 301 191 330 41
995 291 1223 330 NEUVIEME
1244 292 1403 330 ANNEE.
2203 306 2240 335 42

157 370 228 396 tant
244 369 384 404 quatuor
400 365 538 396 ecclesie
554 365 771 400 cathedrales,
790 370 975 404 computata
988 374 1062 395 cum
1078 364 1160 402 ipsis

156 418 353 449 Abilonensi
368 417 518 453 ecclesia,
534 427 597 457 que
609 418 788 448 Grecorum
805 422 836 448 et
852 418 951 448 etiam
967 417 1159 447 Latinorum

156 474 302 509 tempore
321 470 442 500 habere
463 470 630 509 proprium
650 470 838 508 episcopum
854 470 1041 504 consuevit,
1061 478 1160 499 vene-

157 522 274 553 rabilis
286 522 388 552 frater
400 527 511 553 noster
524 545 543 551 ..
559 522 732 561 episcopus
744 526 774 552 et
785 522 896 552 dilecti
907 521 968 551 filii
979 521 1159 560 capitulum

158 575 450 614 Nigripontenses,
477 575 619 613 propriis
645 574 846 604 utilitatibus
869 583 942 604 cum
963 574 1160 604 detrimento

159 627 297 658 alterius
320 627 501 662 inhiantes,
520 627 755 657 Abilonensem
772 627 1005 665 episcopatum,
1021 635 1094 656 cum
1109 635 1160 656 re-

158 679 261 719 liquis
289 679 416 710 duobus
439 679 684 718 episcopatibus
701 678 810 708 insule
831 679 1028 716 supradicte,
1047 678 1161 716 Nigri-

158 732 311 771 pontensi
332 732 535 771 episcopatui
557 736 776 771 procurarunt
799 740 856 770 per
877 731 1033 761 dilectum
1055 731 1161 760 filium

160 789 308 815 nostrum
333 785 563 825 J[ohannem],
587 784 674 814 tituli
692 784 810 815 Sancte
827 784 982 814 Praxedis
1000 783 1162 822 presbite-

159 847 233 867 rum
256 837 473 873 cardinalem,
496 841 574 867 tunc
597 836 742 875 legatum
764 836 950 875 Apostolice
973 836 1078 871 Sedis,
1105 836 1162 866 ad-

157 890 273 929 jungi3
292 894 422 928 propter
435 890 521 929 quod
539 889 651 919 eadem
669 889 883 919 Abilenensis
899 889 1049 923 ecclesia,
1067 888 1161 927 cujus

160 951 227 973 non
242 942 456 973 decreverant
473 942 531 972 sed
551 946 763 972 excreverant
782 941 891 980 potius
911 940 1085 970 facultates
1105 949 1162 970 us-

160 1005 224 1036 que
242 1004 340 1031 nunc,
360 999 490 1034 pastore
505 995 620 1030 caruit,
646 994 680 1024 in
704 1003 801 1032 grave
824 994 876 1024 sui
901 994 1110 1032 dispendium
1131 997 1162 1023 et

161 1048 284 1086 grande
313 1048 564 1078 commissarum
600 1047 706 1078 eidem
739 1046 923 1085 periculum
953 1046 1139 1075 animarum
1155 1056 1160 1081 ;

161 1101 303 1131 maxime
329 1109 402 1130 cum
430 1104 521 1130 tanta
547 1100 589 1129 sit
616 1099 700 1129 dicte
726 1099 835 1129 insule
858 1099 898 1128 ad
922 1098 1162 1136 peragrandum

161 1153 308 1183 difficilis
322 1152 514 1191 amplitudo,
530 1152 628 1191 quod,
641 1160 707 1181 uno
721 1151 872 1189 episcopo
884 1159 1034 1181 exercere
1046 1150 1080 1179 in
1092 1150 1164 1188 ipsa

161 1205 346 1244 episcopale
361 1204 505 1235 officium
521 1204 688 1234 commode
706 1207 904 1242 nequeunte,
921 1202 1073 1232 nonnulli
1089 1211 1164 1240 par-

161 1259 242 1294 vuli,
265 1258 396 1288 solitam
413 1257 540 1295 copiam
558 1256 752 1295 presul[um]
770 1264 835 1285 non
851 1255 1022 1288 habentes.
1041 1255 1165 1293 absque

161 1311 329 1341 crismatis
343 1310 552 1348 perceptione
568 1308 741 1339 decedunt.
759 1308 867 1344 Quare
883 1307 978 1337 nobis
994 1307 1166 1337 humiliter

163 1363 392 1401 supplicarunt
418 1366 585 1396 ut‚.cum,
613 1361 698 1390 sicut
725 1364 896 1395 asserunt,
921 1359 1167 1398 adjunctionem

160 1415 352 1454 hujusmodi
369 1423 433 1444 non
450 1414 659 1444 necessitatis
678 1422 779 1442 causa
796 1412 847 1442 vel
865 1412 1021 1442 utilitatis
1043 1412 1167 1441 anima-

161 1475 250 1502 rum,
269 1467 326 1497 sed
341 1467 451 1504 potius
467 1465 658 1504 temporalis
674 1464 836 1494 commodi
855 1464 996 1494 aviditas
1011 1472 1168 1502 procura-

160 1520 220 1555 rit,
239 1523 270 1549 et
286 1518 397 1549 insula
413 1518 526 1549 eadem
543 1518 584 1548 ad
599 1518 680 1547 duos
696 1517 904 1555 episcopatus
921 1516 1067 1546 sufficiat
1079 1525 1168 1546 com-

161 1575 321 1611 petenter,
352 1580 451 1609 super
479 1570 541 1601 hoc
568 1570 782 1608 dignaremur
808 1578 845 1599 ex
873 1568 1168 1606 circumspectione

162 1625 257 1656 Sedis
273 1623 462 1662 Apostolice
475 1623 657 1661 providere.
672 1622 755 1653 Cum
769 1622 871 1660 igitur
884 1621 1009 1651 delatas
1024 1621 1063 1651 ad
1078 1629 1168 1658 apos-

162 1677 284 1708 tolatus
302 1676 407 1707 nostri
427 1676 579 1706 notitiam
601 1675 792 1714 questiones
810 1675 858 1704 sic
877 1683 936 1704 nos
955 1674 1067 1704 deceat
1080 1674 1169 1712 justo

160 1730 287 1770 judicio
306 1729 496 1764 terminare,
512 1728 599 1767 quod
616 1737 709 1758 suam
723 1727 904 1766 unicuique
915 1727 1080 1765 justitiam
1096 1735 1169 1756 con-

164 1791 350 1816 servemus,
377 1781 572 1811 mandamus
599 1785 778 1819 quatenus,
809 1780 933 1809 vocatis
961 1780 1018 1818 qui
1044 1779 1170 1809 fuerint

164 1835 338 1868 evocandi,
362 1839 393 1864 et
415 1834 577 1872 inquisita
597 1842 696 1872 super
718 1833 890 1870 premissis
907 1837 938 1862 et
959 1832 1034 1862 aliis
1053 1832 1170 1871 hujus-

164 1887 252 1917 modi
285 1887 454 1925 negotium
485 1886 754 1923 contingentibus
791 1885 985 1922 diligentius
1015 1884 1167 1919 veritate,

164 1941 253 1980 quod
267 1949 366 1978 super
383 1939 450 1969 hiis
467 1938 683 1971 inveneritis,
701 1938 821 1968 vestris
841 1937 935 1967 nobis
952 1937 1072 1966 litteris
1091 1937 1171 1966 iide-

164 1993 242 2024 liter
271 1992 457 2031 exponatis,
495 1995 546 2026 ut,
579 2000 615 2020 ex
647 1995 753 2020 vestra
781 1990 941 2020 relatione
968 1989 1171 2019 sufficienter

165 2045 332 2079 instructi,
351 2044 500 2074 securius
517 2044 550 2073 in
567 2043 697 2080 negotio
712 2043 937 2080 procedamus.
950 2042 1044 2078 Quod
1059 2042 1087 2071 si
1105 2050 1170 2071 non

164 2106 291 2131 omnes,
305 2102 350 2130 tu,
365 2098 464 2126 frater
476 2102 536 2125 etc.
549 2096 622 2125 Non
633 2095 842 2125 obstantibus
851 2095 1085 2124 constitutione
1095 2098 1169 2129 etc.,

166 2150 214 2180 ita
239 2154 346 2179 tamen
371 2149 457 2187 quod
485 2148 571 2177 ultra,
597 2148 726 2177 tertiam
752 2147 802 2177 vel
829 2151 979 2185 quartam
1009 2151 1070 2176 etc.
1096 2147 1169 2176 Dat.

166 2202 310 2237 Perusii,
326 2203 354 2232 V
369 2201 528 2231 kalendas
545 2200 633 2235 maii,
656 2208 742 2229 anno
762 2208 858 2229 nono.
879 2212 891 2226 »

240 2419 352 2448 2531

204 2482 306 2509 Electo
328 2480 552 2513 Tem-aconensi,
569 2478 730 2514 postulanti
749 2478 819 2512 quid
843 2480 917 2504 esset
938 2477 1082 2511 agendum
1105 2485 1171 2504 cum

169 2530 345 2566 quibusdam
363 2528 529 2560 haereticis,
543 2528 580 2554 ad
596 2527 828 2558 conversionem,
844 2528 877 2553 ut
890 2526 1071 2558 asserebant,
1087 2534 1172 2560 para-

169 2580 222 2612 tis,
239 2579 289 2606 sed
305 2578 416 2613 potius,
433 2580 465 2604 ut
485 2576 671 2608 credebatur,
689 2578 768 2602 metu
784 2583 892 2609 poenae
910 2582 997 2608 quam
1017 2574 1173 2601 devotione

169 2627 248 2660 fidei,
265 2626 420 2661 respondet
433 2625 504 2652 satis
518 2634 579 2651 esse
592 2628 624 2651 ut
637 2624 678 2651 eis
692 2627 756 2657 post
771 2623 935 2656 abjuratam
948 2622 1092 2648 haeresim
1104 2630 1173 2656 pae-

170 2675 299 2703 nitentia
313 2674 472 2702 saecularis
485 2674 668 2707 injungatur.
684 2687 715 2690 —
729 2672 815 2703 (Rae.
830 2670 874 2703 18,
892 2672 911 2697 f.
926 2671 959 2697 17
973 2674 1018 2702 v⁰;
1034 2679 1103 2697 ann.
1118 2671 1171 2703 IX,

168 2732 194 2751 e.
209 2723 266 2755 38.)

730 2417 866 2449 Pe'rousc,
880 2416 914 2442 30
929 2416 1005 2443 avril
1021 2416 1099 2443 1235.

212 2850 225 2864 «
250 2861 271 2865 ..
295 2838 382 2867 electo
406 2836 632 2865 Tarraconensi.
660 2835 703 2863 Ex
725 2837 815 2871 parte
839 2837 891 2861 tua
912 2832 973 2860 fnit
991 2832 1174 2869 expositum

171 2899 280 2920 coram
305 2889 400 2919 nobis
422 2888 522 2927 quod,
546 2886 801 2917 comminatione
821 2885 881 2914 snb
901 2884 991 2921 gravi
1009 2893 1091 2922 pena
1108 2889 1174 2913 tam

171 2952 188 2973 a
207 2948 235 2973 te
248 2952 346 2982 quam
361 2953 376 2971 a
394 2942 570 2971 karissimo
587 2941 620 2969 in
637 2940 768 2970 Christo
784 2938 850 2967 tilio
868 2942 978 2966 nostro
991 2938 1034 2967 J..
1051 2936 1173 2966 illustri

1240 373 1315 401 rege
1330 366 1531 403 Aragonum,
1549 372 1661 397 contra
1678 368 1840 398 hereticos
1856 368 1954 403 edita,
1970 373 1999 399 et
2018 369 2237 408 inquisitione

1240 416 1390 454 diligenti
1407 428 1464 456 per
1480 420 1598 449 fratres
1615 420 1741 450 ordinis
1759 420 2005 450 Predicatorurn
2021 426 2051 451 et
2067 422 2240 460 religiosos

1241 469 1323 499 alios
1343 480 1379 500 ac
1400 470 1536 501 clericos
1560 472 1724 503 seculares
1752 473 1784 502 in
1810 478 1899 511 parte
1927 478 1979 503 tue
2005 474 2146 505 diocesis
2169 475 2239 514 jam

1242 522 1386 561 incepta,
1412 524 1571 554 effrenata
1593 525 1813 555 hereticorum
1836 527 1986 564 apparuit
2009 527 2184 557 multitudo
2209 532 2241 558 et

1242 575 1445 605 credentium
1471 577 1638 607 erroribus
1663 578 1857 612 eorundem,
1885 579 1942 617 qui
1970 583 2078 609 tamen
2102 589 2161 609 nec
2184 580 2240 610 de-

1242 627 1386 657 nuntiati
1402 628 1544 663 fuerant,
1560 637 1619 659 nec
1635 629 1822 667 specialiter
1835 631 1996 666 accusati3
2016 640 2090 660 cnm
2105 631 2238 670 quihus,

1243 680 1321 718 quia
1343 681 1450 718 potius
1473 686 1560 711 metu
1587 691 1684 720 pene,
1714 687 1747 711 ut
1767 683 1926 715 creditur,
1951 693 2050 722 quam
2070 684 2242 715 devotione

1243 733 1332 769 fidei,
1353 738 1466 772 sponte
1485 744 1629 765 errorem
1646 736 1812 773 proprium
1827 737 2027 772 confitendo,
2047 738 2087 766 ad
2105 747 2242 768 conver-

1244 786 1369 816 sionem
1393 792 1546 817 asserunt
1566 797 1599 818 se
1621 792 1764 826 paratos,
1787 788 1929 827 qualiter
1949 790 1990 818 sit
2008 790 2171 827 agendum
2187 794 2243 820 tua

1243 839 1372 868 devotio
1394 840 1580 878 requisivit.
1606 840 1697 870 Licet
1719 840 1820 877 igitur
1841 841 1942 879 pestis
1959 842 2130 879 pravitatis
2146 842 2243 872 here-

1244 891 1318 926 tice,
1334 900 1397 930 quo
1412 892 1544 929 gravius
1556 892 1686 922 vineam
1700 893 1831 922 Domini
1844 893 2029 929 demolitur,
2047 903 2083 924 eo
2100 894 2242 932 amplius

1245 943 1288 973 sit
1307 945 1374 974 Deo
1397 948 1427 974 et
1448 944 1639 974 hominihus
1661 945 1788 979 odiosa,
1813 954 1852 975 ne
1874 950 1981 976 tamen
1999 946 2185 977 volentibus
2203 947 2243 977 ab

1243 995 1434 1034 hujusmodi
1447 997 1614 1027 erroribus
1625 997 1831 1035 resipiscere,
1844 997 1998 1036 laqueum
2010 999 2244 1030 obstinationis

1245 1052 1400 1085 perpetue
1418 1048 1542 1079 inicere
1560 1049 1740 1084 videamur,
1758 1050 1968 1088 inquisitioni
1985 1057 2037 1081 tue
2054 1051 2165 1082 taliter
2178 1061 2244 1082 res-

1245 1100 1442 1138 pondemus,
1467 1101 1553 1139 quod
1575 1101 1655 1131 satis
1677 1101 1809 1131 tolerari
1826 1107 1944 1140 potest,
1963 1108 1997 1133 ut
2013 1105 2060 1134 sic
2076 1109 2245 1134 reverten-

1247 1152 1335 1182 tibus
1366 1157 1438 1191 post
1472 1153 1655 1192 abjuratam
1688 1154 1831 1184 heresim
1866 1156 2047 1193 penitentia
2073 1157 2243 1192 secularis,

1246 1209 1341 1243 prout
1357 1206 1462 1243 magis
1479 1205 1529 1235 vel
1552 1206 1662 1236 minus
1683 1207 1775 1245 culpe
1796 1207 1938 1246 qualitas
1959 1209 2119 1246 postulat,
2139 1210 2247 1249 injun-

1247 1261 1351 1294 gatur.
1371 1258 1442 1287 Dat.
1462 1259 1604 1293 Perusii‚
1623 1260 1654 1289 II
1671 1259 1828 1289 kalendas
1846 1260 1935 1289 maii.
1954 1270 2040 1290 anno
2057 1270 2154 1291 nono.
2176 1274 2189 1288 ι)

1319 1469 1435 1497 2532

1285 1531 1401 1563 Eidem,
1427 1532 1590 1558 consulenti
1617 1532 1744 1565 qualiter
1768 1533 1813 1565 agi
1838 1533 1955 1560 deberet
1980 1543 2045 1561 cum
2074 1535 2249 1568 quibusdam

1251 1579 1407 1606 haereticis
1421 1588 1478 1606 non
1494 1588 1576 1612 vere,
1598 1580 1647 1607 sed
1670 1581 1736 1607 ficte
1756 1582 1903 1608 conversis
1921 1586 1950 1609 et
1969 1582 1999 1609 in
2021 1583 2186 1616 abjuratam
2203 1585 2249 1611 vel

1250 1627 1451 1662 renuntiatam
1471 1629 1615 1655 haeresim
1637 1630 1726 1656 semel
1747 1630 1794 1656 vel
1817 1630 1927 1664 pluries
1947 1632 2082 1665 relapsis,
2098 1633 2251 1666 respondet

1250 1676 1317 1702 illos
1333 1679 1472 1711 perpetuo
1490 1685 1551 1704 esse
1569 1677 1677 1704 carceri
1700 1678 1900 1705 retrudendos.
1916 1694 1947 1697 —
1961 1680 2047 1709 (lim.
2065 1680 2111 1709 18.
2130 1681 2148 1707 t.
2164 1680 2197 1707 18
2211 1684 2250 1713 r2;

1250 1733 1320 1751 ann.
1335 1725 1388 1757 IX,
1405 1734 1429 1751 c.
1446 1725 1503 1757 39.)

1808 1472 1942 1505 Pei-cnse,
1959 1472 1993 1499 30
2007 1473 2082 1499 avril
2099 1474 2176 1500 1235.

1294 1850 1306 1863 «
1326 1839 1440 1867 Eidem.
1456 1839 1501 1868 Ex
1518 1844 1608 1877 parte
1626 1844 1770 1877 tua,etc.,
1789 1845 1824 1870 ut
1841 1850 1949 1879 supra,
1969 1851 2072 1881 nsque
2091 1843 2180 1882 :jam
2199 1844 2252 1873 in-

1253 1895 1355 1927 cepta,
1374 1891 1507 1929 quidam
1525 1891 1662 1921 heretici
1680 1897 1794 1930 sponte
1811 1895 1956 1923 converti
1976 1900 2129 1925 asserunt
2145 1905 2179 1926 se
2195 1906 2253 1934 pa-

1252 1947 1355 1977 ratos,
1387 1952 1527 1982 quorum
1557 1944 1685 1983 aliquos
1712 1946 1748 1974 in
1780 1946 1964 1985 abjuratam
1997 1948 2079 1978 alios
2112 1958 2188 1979 vero
2216 1949 2252 1978 in

1252 1995 1476 2025 renuntiatam
1494 2001 1622 2026 constat
1636 1997 1781 2027 heresim
1798 1998 1899 2029 semel
1915 1999 1966 2029 vel
1981 2000 2104 2037 pluries
2118 2001 2187 2039 jam
2201 2010 2251 2032 re-

1251 2046 1376 2085 lapsos;
1395 2057 1432 2078 ex
1446 2057 1510 2086 quo
1523 2049 1751 2079 verisimiliter
1762 2052 1973 2088 presumitur,
1989 2052 2075 2091 quod
2092 2053 2173 2083 tales
2186 2062 2252 2083 non

1251 2108 1338 2131 vere,
1357 2100 1414 2130 sed
1426 2101 1499 2130 ficte
1516 2101 1624 2139 potius
1638 2106 1888 2138 convertantur;
1904 2105 2078 2141 presertim
2091 2114 2163 2135 cum
2177 2106 2252 2145 qui-

1252 2152 1324 2182 dam
1348 2153 1495 2191 ipsorum
1513 2163 1577 2183 non
1597 2154 1663 2183 nisi
1678 2155 1713 2183 in
1736 2156 1806 2185 soro
1821 2156 2030 2194 penitentiali
2045 2158 2148 2188 velint
2170 2158 2252 2189 alios

1252 2205 1410 2240 revelare,
1435 2205 1582 2237 dicentes
1603 2216 1638 2237 se
1659 2207 1745 2237 nolle
1765 2217 1839 2238 reos
1855 2217 1927 2239 esse
1943 2209 2113 2239 homicidii
2130 2210 2181 2240 vel
2199 2220 2252 2241 ac-

1253 2261 1359 2293 tores,
1387 2267 1461 2287 cum
1484 2259 1605 2297 quibus
1629 2259 1771 2298 qualiter
1791 2261 1844 2298 agi
1869 2261 1985 2291 debeat
2007 2266 2061 2291 tua
2081 2271 2139 2293 nos
2162 2263 2254 2293 duxit

1252 2309 1381 2339 devotio
1401 2311 1632 2341 consulendos.
1650 2312 1717 2341 Nos
1735 2317 1845 2342 autem
1859 2313 2092 2344 consultationi
2112 2319 2164 2345 tue
2183 2315 2254 2345 tali-

1253 2366 1302 2392 ter
1319 2363 1556 2401 respondemus
1573 2364 1659 2403 quod
1675 2365 1823 2403 predicti,
1839 2365 1916 2396 licet
1932 2371 2046 2404 sponte
2062 2368 2197 2398 redeant
2213 2369 2254 2398 ad

1254 2414 1400 2445 Ecclesie
1417 2416 1597 2451 unit-atem,
1615 2421 1814 2447 cnm-tamen
1833 2422 1957 2448 constet
1975 2428 2029 2449 eos
2046 2420 2080 2449 in
2098 2420 2251 2455 heresim,

1253 2476 1351 2505 quam
1367 2468 1521 2498 detestati
1541 2469 1690 2505 fuerant,
1713 2470 1894 2505 recedisse,
1912 2476 2068 2509 perpetuo
2087 2477 2161 2502 sunt
2181 2482 2253 2502 car-

1253 2519 1320 2565 ceri
1340 2520 1542 2550 retrudendi.
1564 2522 1635 2551 Dat.
1659 2522 1808 2558 Perusii,
1829 2524 1859 2553 II
1878 2523 2035 2553 kalendas
2053 2525 2147 2559 maii,
2167 2534 2252 2555 anno

1253 2580 1351 2602 nono.
1372 2585 1384 2598 n

1324 2783 1441 2810 2533

1288 2845 1517 2879 Archiepiscopo
1529 2845 1737 2872 Ardinachano
1753 2849 1779 2872 et
1797 2846 1930 2880 episcopo
1944 2846 2151 2873 Cloinfertcnsi
2169 2856 2253 2874 man-

1812 2784 1946 2815 Perouse,
1963 2784 1996 2810 27
2011 2785 2087 2811 avril
2103 2785 2180 2811 1235.

1251 2893 1304 2925 ,dat
1320 2898 1463 2929 quatenus
1477 2894 1635 2921 cessionem
1657 2895 1818 2927 Hsumnisf,
1836 2894 2001 2921 Cloniensis
2015 2896 2153 2929 episcopi.
2170 2896 2250 2922 senio

1254 2942 1378 2968 confecti
1396 2947 1421 2969 ct
1444 2942 1617 2969 infirmitate
1638 2943 1765 2976 gravati,
1784 2943 1927 2977 recipiant
1948 2943 2031 2976 cique
2050 2944 2084 2969 de
2103 2944 2185 2970 bonis
2205 2952 2252 2970 ec-
