2423 3487
117 342 166 372 551

119 406 358 436 Terracoucttsis,
379 403 500 432 Missus
516 411 531 430 a
551 401 625 430 sede
642 418 689 428 —.
712 401 755 429 Ex
775 399 896 429 litteris
917 408 995 428 sane
1012 397 1115 427 caris-

116 459 191 489 simi
213 459 244 486 in
263 457 394 487 Clu-isto
413 454 471 483 tilii
496 454 599 483 nostri
625 476 643 481 ..
664 452 804 481 illustris
822 452 908 489 regis
925 453 1114 488 ,xi-agonum

118 520 220 548 nuper
236 508 420 546 accepimus
437 506 522 544 quod
539 515 617 542 gens
634 505 756 542 perlida
774 506 982 541 Paganorum
1003 503 1037 531 in
1062 502 1114 531 sui

116 563 209 600 regni
225 561 401 591 esuistituta
419 558 571 588 continio,
589 557 776 587 Conditoris
788 557 936 585 omnium
952 560 1114 592 contemp-

116 625 197 645 nens
215 615 334 643 babere
360 611 520 645 notitiam,
540 615 568 639 et
591 610 629 638 ad
649 610 707 638 boc
730 618 858 646 semper
878 608 1059 645 invigilans
1079 612 1115 637 ut

114 669 316 707 professores
338 664 528 695 Christiane
554 663 627 691 tidei
655 662 755 699 possit
779 662 816 691 de
840 662 922 699 ipsis
946 661 1112 698 partibus,

113 721 199 760 quod
209 722 333 749 avertat
346 717 405 746 Dei
422 716 525 745 tilius!
542 715 743 753 propulsare,
763 719 887 743 tantam
901 713 965 742 sibi
977 713 1115 743 bellato-

115 782 185 803 rum
203 770 449 801 multitudinem
466 767 657 798 cumulavit.
681 771 716 795 ut
739 775 811 796 eum
835 766 907 804 ipso
928 775 1003 802 rege
1026 774 1114 795 cam-

114 830 220 864 pestre
247 823 368 853 bellum
394 822 501 850 facere
520 819 750 849 comminetur,
772 820 907 853 Verum,
931 827 1005 847 curn
1027 818 1115 847 idem

114 888 167 908 rex
186 886 242 915 pro
260 876 366 914 ipsius
385 873 577 903 defensione
594 872 682 904 fidei,
700 881 764 909 qua
781 871 885 900 nichil
899 871 1025 908 gratius
1043 880 1114 901 esse

114 929 296 960 dinoscitur
326 925 550 963 Redemptori,
582 924 714 961 signum
744 924 852 953 crucis
884 924 1112 961 assumpserit,

113 987 225 1013 contra
248 981 414 1011 civitatem
438 978 601 1009 Valentie,
627 977 707 1006 duce
732 976 880 1011 Christo,
908 980 1059 1014 potenter
1084 980 1115 1006 et

113 1033 368 1073 magnanimiter
384 1039 609 1069 processurus.
628 1039 683 1067 spe
703 1029 766 1059 sibi
783 1029 948 1067 proposita
968 1029 1064 1067 quod,
1081 1029 1115 1057 fi-

114 1087 234 1117 delium
254 1085 403 1115 subsidio
419 1084 602 1117 roboratus,
621 1082 788 1111 civitatem
807 1082 943 1111 candem
966 1082 1115 1120 acquirat

113 1139 302 1170 Christiano
328 1137 465 1171 nomini,
490 1136 601 1165 divina
626 1134 771 1172 potentia
797 1135 1021 1172 suffragante:
1047 1135 1115 1165 dis-

113 1192 292 1222 cretionem
308 1194 450 1220 vestram
470 1197 622 1226 rogamus
639 1191 669 1217 et
681 1188 893 1217 obsecramus
910 1187 943 1216 in
960 1188 1112 1223 Domino,

113 1246 146 1274 in
167 1243 395 1274 remissionem
414 1241 505 1271 vobis
524 1241 750 1279 peccaminum
768 1240 980 1279 injungentes
1000 1245 1115 1279 quate-

113 1306 191 1332 nus,
221 1300 388 1332 assumpto
423 1298 534 1324 sancte
572 1293 809 1331 predicationis
846 1293 953 1322 officio
983 1297 1116 1331 propter

112 1352 232 1383 Deum,
265 1348 567 1384 crucesignatorum
601 1346 634 1375 in
665 1346 904 1376 Terraconensi
931 1346 1112 1384 provincia,

112 1410 321 1441 preterquam
336 1401 369 1429 in
388 1399 635 1438 Pampilonensi
656 1403 686 1428 et
705 1396 956 1436 Calagurritani]
974 1398 1115 1428 diocesi-

111 1456 182 1489 bus,
204 1463 277 1484 cum
296 1453 416 1492 quibus
432 1453 510 1482 illuc
527 1453 575 1482 ire
596 1452 783 1481 volentibus
806 1451 960 1481 duximus
980 1451 1114 1489 dispen-

115 1508 264 1542 sandum,
286 1510 358 1536 vota
374 1504 652 1543 peregrinationis
668 1504 702 1533 in
714 1513 907 1534 succursum
926 1504 1014 1541 regis
1031 1504 1114 1543 ejus-

112 1561 185 1591 dem
205 1569 241 1589 ac
263 1559 483 1597 predictorum
501 1557 648 1587 fidelium
672 1557 890 1593 commutetis,
918 1561 948 1586 et
971 1561 1036 1586 tam
1060 1566 1114 1587 eos

112 1622 210 1652 quam
227 1613 308 1642 alios
324 1611 437 1641 fideles
452 1611 486 1640 in
502 1610 741 1640 Terraconensi
762 1610 933 1647 provincia
953 1611 1116 1639 constitu-

114 1671 173 1700 tos,
193 1665 232 1695 ad
248 1664 489 1703 plenitudinem
505 1663 653 1693 caritatis
673 1672 736 1701 qua
753 1662 906 1692 Christus
924 1672 983 1693 nos
1001 1663 1115 1693 dilexit

114 1722 145 1748 et
159 1717 277 1755 diligit,
290 1722 475 1754 respectum
486 1716 619 1750 habere,
631 1719 661 1745 et
673 1715 702 1745 ei
715 1715 898 1745 retribuere
914 1715 1041 1754 aliquid
1056 1725 1114 1754 pro

113 1769 266 1798 omnibus
283 1777 345 1806 que
362 1768 477 1797 tribuit
493 1767 562 1805 ipse
581 1766 659 1802 illis,
680 1766 813 1796 monitis
830 1771 860 1796 et
879 1766 1114 1797 exhortationi-

113 1822 174 1851 hus
190 1821 320 1855 vestris,
339 1820 521 1850 secundum
537 1820 645 1849 datam
665 1819 757 1849 vobis
773 1828 791 1848 a
808 1820 874 1849 Deo
891 1820 1112 1858 prudentiam,

114 1874 312 1908 informetis,
331 1873 507 1910 diligenter
523 1877 553 1902 et
575 1872 715 1902 sollicite
734 1872 938 1910 postulantes
962 1877 996 1902 ut
1021 1891 1060 1895 —
1080 1882 1115 1903 se

113 1926 255 1955 viriliter
272 1930 302 1955 et
321 1930 469 1963 potenter
487 1925 659 1962 accingant
676 1925 715 1954 ad
733 1924 954 1962 ampliandam
975 1925 1114 1963 gloriam

113 1979 272 2008 crucifixi.
291 1978 373 2008 Cum
391 1982 498 2007 autem
520 1977 623 2007 multa
646 1978 827 2007 necessitas
847 1977 954 2015 exigat
978 1982 1013 2007 ut
1035 1977 1115 2008 illuc

113 2032 271 2062 festinum
288 2036 318 2061 et
334 2031 456 2069 grande
474 2031 660 2060 subsidium
682 2031 937 2066 t1·ans·²1nittatu1·,
961 2031 1115 2068 dignum-

113 2093 176 2123 que
193 2084 235 2113 sit
250 2088 285 2113 ut
301 2084 334 2112 in
352 2088 441 2113 tanto
457 2083 587 2121 negotio
603 2083 791 2113 laborantes
806 2083 916 2113 debita
930 2093 987 2121 pro
1004 2083 1115 2114 labore

114 2137 278 2175 stipendia
300 2140 555 2174 consequantur,
579 2145 614 2165 ac
635 2136 778 2166 libenter
800 2136 978 2174 procedant
1001 2136 1038 2166 de
1063 2146 1116 2166 re-

114 2189 294 2219 tributione
313 2188 431 2223 securi,
449 2198 518 2224 nos,
534 2189 572 2218 de
589 2188 833 2226 Omnipotentis
850 2188 910 2218 Dei
927 2188 1116 2218 misericor-

114 2242 168 2272 dia
186 2246 217 2271 et
232 2242 401 2271 beatorum
421 2242 510 2271 Petri
531 2247 561 2271 et
578 2241 685 2276 Pauli,
705 2241 925 2280 apostolorum
943 2242 1025 2281 ejus,
1039 2251 1117 2272 auc-

114 2295 245 2325 toritate
261 2295 388 2329 confisi,
407 2298 473 2323 tam
492 2295 539 2324 eis
558 2304 655 2333 quam
680 2294 756 2324 aliis
779 2295 926 2333 eJ‘usdem
947 2295 1117 2333 provincie

114 2348 171 2386 qui
196 2347 341 2377 lahorem
364 2347 465 2377 istum
485 2348 519 2376 in
534 2348 675 2385 propriis
700 2347 851 2386 personis
878 2347 1043 2377 subierint
1065 2348 1117 2378 vel

114 2400 277 2438 expensis,
299 2404 329 2429 et
345 2399 393 2429 eis
410 2400 466 2438 qui
490 2400 523 2428 in
547 2400 666 2429 alienis
690 2400 843 2438 expensis
868 2399 947 2429 illuc
969 2409 1117 2430 accesse-

113 2453 190 2487 rint,
220 2453 344 2482 ibidem
364 2462 470 2491 usque
495 2453 534 2482 ad
555 2453 740 2491 captionem
765 2452 920 2483 Valentio
945 2453 1114 2489 servituri,

114 2505 165 2534 vel
181 2505 248 2535 illis
266 2505 322 2543 qui
339 2505 378 2535 ad
399 2505 650 2536 subventionem
673 2506 893 2544 predictorum
911 2505 1059 2535 fidelium
1078 2506 1117 2536 de

114 2558 255 2596 propriis
278 2557 490 2588 facultatibus
515 2558 764 2594 ministrabunt,
784 2558 877 2597 juxta
898 2558 1117 2596 quantitatem

116 2610 259 2640 subsidii
283 2614 314 2641 et
338 2611 522 2641 devotionis
548 2611 716 2647 affectum,
745 2615 955 2650 peccatorum
983 2619 1118 2641 suorum

115 2663 257 2698 veniam,
275 2663 360 2693 sicut
377 2664 532 2693 euntibus
545 2663 789 2698 Jerosolimam,
803 2663 1025 2702 indulgemus.
1043 2665 1116 2693 Dat.

114 2716 314 2751 Interamne,
333 2716 430 2746 nonis
447 2716 618 2751 februarii,
638 2725 724 2746 anno
743 2716 881 2746 decimo.
902 2728 914 2742 »

187 2872 303 2899 3484
698 2873 798 2906 Terni,
812 2873 828 2899 5
844 2873 953 2900 sevrier
968 2873 1046 2900 1237.

152 2932 348 2965 Narbonensi,
358 2933 525 2960 Arelatensi
536 2936 565 2961 et
575 2934 707 2968 Aquensi
718 2934 948 2969 archiepiscopis
960 2943 1119 2970 eorumque

118 2979 309 3013 suffraganeis
327 2980 465 3008 similiter
481 2981 584 3009 scribit
599 2990 650 3016 pro
663 2982 874 3016 crucesignatis
889 2978 1019 3017 ipsdtum
1038 2983 1119 3011 dioe-

836 332 1072 362 REGISTRES
1096 330 1150 358 DE
1173 322 1394 359 GREGOIRE
1419 331 1476 359 lx.
2147 328 2202 358 552

1197 397 1323 429 cesiuni,
1348 397 1470 423 civitate
1493 396 1646 423 Massiliae
1667 399 1798 430 excepta.
1815 410 1846 413 —
1866 396 1952 428 (ΗΕΘ.
1971 395 2019 428 18,
2042 396 2061 422 f.
2083 395 2134 422 226
2154 398 2199 428 v⁰;

1197 453 1266 471 ann.
1287 445 1329 473 X.
1352 453 1376 471 c.
1396 445 1462 476 345;
1482 459 1513 462 —
1532 445 1664 471 MonsAn
1684 444 1763 476 1191,
1781 444 1800 470 f.
1817 443 1893 478 200.)

1239 558 1251 571 α
1268 568 1287 574 ..
1300 546 1499 579 Narbonensi,
1516 568 1535 573 ..
1553 546 1723 573 Arelatensi
1738 550 1763 574 et
1782 567 1801 573 ..
1818 545 1952 582 Aquensi
1967 545 2204 582 archiepiscopis

1196 598 1579 635 eorumquesztls'rayaneis
1599 597 1722 627 Missus
1736 606 1754 626 a
1765 597 1842 627 sede
1858 615 1906 626 —.
1925 598 1998 627 Dat.
2010 601 2044 627 ut
2061 606 2170 635 supra.
2187 609 2199 623 »

1266 768 1384 796 3485

1232 830 1364 863 Eisdem,
1381 834 1413 857 ut
1429 831 1526 857 studio
1540 830 1672 857 fidelium
1690 831 1721 857 in
1738 830 1902 865 Hispaniae
1918 830 2051 865 partibus
2067 830 2137 857 fides
2153 839 2202 858 ca-

1196 879 1308 906 tholica
1321 879 1495 906 continuum
1509 879 1651 913 suscipiat
1664 879 1894 912 incrementum,
1907 880 2042 906 concedit
2053 882 2095 910 ut,
2107 880 2202 907 omni—

1196 927 1249 955 bus
1264 928 1393 962 ipsorum
1413 928 1591 955 dioecesium
1602 950 1608 961 ,
1627 931 1748 962 excepto
1764 929 1871 962 populo
1885 928 2084 961 Massiliensi,
2099 929 2149 963 qui
2165 929 2202 956 ad

1196 977 1370 1003 sollemnem
1397 977 1526 1010 ipsorum
1552 976 1803 1011 praedicationem
1825 977 2015 1010 accesserint,
2030 977 2155 1011 triginta
2175 980 2203 1004 et

1195 1033 1285 1052 unam
1299 1026 1306 1042 ¹
1321 1025 1384 1052 dies
1400 1025 1435 1052 de
1450 1026 1587 1059 injuncta
1603 1025 1659 1052 sibi
1678 1025 1863 1060 paenitentia
1883 1027 2066 1059 relaxantes,
2084 1026 2146 1053 illis
2166 1034 2201 1053 ex

1196 1074 1307 1100 eisdem
1324 1074 1506 1101 dioecesibus
1523 1074 1572 1108 qui
1589 1082 1639 1108 pro
1659 1073 1807 1100 incendiis
1825 1074 1871 1100 vel
1883 1074 2044 1107 injectione
2059 1083 2201 1101 manuum

1196 1122 1329 1149 violenta
1350 1122 1381 1148 in
1406 1122 1527 1149 clericos
1549 1123 1597 1148 vel
1620 1122 1694 1149 alias
1716 1122 1868 1156 religiosas
1888 1130 2036 1156 personas,
2058 1131 2108 1150 seu
2127 1123 2203 1157 quod

1197 1171 1368 1198 Sarracenis
1393 1179 1476 1198 arma
1498 1173 1526 1198 et
1546 1171 1620 1198 alias
1643 1179 1687 1197 res
1710 1171 1874 1205 prohibitas
1890 1171 2067 1204 detulerint,
2085 1180 2203 1199 excom-

1197 1219 1410 1246 municationis
1432 1219 1568 1246 innodati
1593 1219 1704 1246 fuerint
1724 1219 1856 1252 vinculo,
1876 1222 1978 1246 contra
1998 1220 2131 1254 Paganos
2151 1228 2202 1255 pro

1196 1268 1367 1295 defensione
1388 1269 1456 1295 fidei
1477 1268 1700 1300 accedentibus,
1723 1270 1751 1295 et
1771 1268 1802 1294 in
1819 1270 1879 1294 tam
1901 1268 1982 1295 felici
2005 1276 2090 1303 opere
2111 1277 2204 1303 usque

1196 1317 1232 1344 ad
1253 1317 1420 1351 captionem
1439 1317 1598 1344 Valentiae
1614 1317 1773 1343 moraturis
1784 1338 1790 1349 ,
1809 1317 1895 1350 juxta
1911 1317 2035 1343 formam
2052 1317 2203 1344 Ecclesiae

1195 1365 1411 1392 absolutionem
1433 1366 1620 1400 impendant,
1639 1365 1757 1400 proviso
1779 1368 1811 1392 ut
1830 1365 1924 1400 passis
1945 1365 2055 1392 damna
2074 1368 2102 1393 et
2122 1365 2203 1400 inju-

1196 1413 1271 1441 riam
1286 1413 1473 1441 satisfaciant
1489 1416 1703 1448 eompetenter;
1725 1414 1787 1440 illis
1803 1413 1944 1448 exceptis,
1963 1422 2086 1447 quorum
2103 1422 2203 1441 exces-

1196 1471 1245 1489 sus
1256 1462 1327 1489 adeo
1341 1461 1401 1489 sint
1417 1462 1553 1489 difficiles
1568 1464 1595 1489 et
1607 1470 1750 1495 enormes,
1761 1461 1837 1496 quod
1851 1461 1957 1488 merito
1973 1462 2034 1489 sint
2047 1462 2083 1488 ad
2096 1462 2202 1490 Sedem

1195 1511 1398 1545 Apostolicam
1417 1510 1653 1537 transmittendi.
1673 1525 1705 1528 —
1722 1511 1809 1542 (ΗΕΘ.
1826 1510 1870 1543 18,
1895 1510 1916 1537 f.
1937 1510 1989 1537 226
2007 1513 2052 1543 v¹²;
2073 1519 2143 1537 ann.
2162 1510 2202 1544 X,

1196 1568 1220 1587 c.
1238 1559 1306 1592 346;
1325 1574 1356 1577 —
1371 1560 1504 1587 MOREAU
1518 1560 1598 1592 1191,
1611 1560 1631 1586 f.
1648 1559 1701 1586 200
1715 1560 1768 1591 v‘¹.)

1775 769 1879 801 Terni,
1894 769 1909 795 5
1926 769 2034 795 sevrier
2050 769 2129 796 1237.

1238 1673 1250 1686 «
1277 1661 1407 1690 Eisdem,
1427 1661 1471 1690 Ut
1488 1659 1584 1689 facile
1605 1659 1778 1698 provenire
1794 1676 1843 1688 —.
1862 1661 1935 1689 Dat.
1954 1664 1991 1689 ut
2007 1669 2117 1698 supra.
2138 1672 2150 1686 >³

1266 1832 1384 1860 348ss

1231 1894 1376 1929 Episcopo
1399 1894 1636 1921 Barchinonensi
1657 1894 1798 1921 similiter
1821 1894 1925 1921 scribit
1941 1902 1991 1928 pro
2011 1894 2149 1921 omnibus
2168 1894 2204 1921 de

1195 1943 1406 1971 Terraconensi
1425 1943 1589 1978 provincia,
1604 1943 1735 1977 exceptis
1749 1943 1975 1977 Pampilonensi
1992 1946 2020 1970 et
2033 1943 2204 1977 Calagurri-

1196 1995 1266 2019 tana
1288 1992 1486 2024 dioecesibus,
1508 1992 1558 2025 qui
1579 1992 1615 2018 ad
1638 1992 1813 2018 sollemnem
1836 1991 1930 2026 ipsius
1953 1991 2204 2026 praedicationem

1196 2040 1383 2068 accesserint.
1401 2055 1433 2058 —
1450 2041 1537 2072 (Rsc.
1550 2039 1594 2072 18,
1610 2041 1630 2066 f.
1645 2040 1697 2066 226
1710 2042 1756 2072 v⁰;
1773 2047 1843 2066 ann.
1858 2039 1897 2073 X,
1910 2048 1935 2066 c.
1952 2040 2027 2071 347.)

1758 1830 1869 1866 [Terni,
1885 1832 1902 1858 5
1918 1831 2026 1858 sevrier
2040 1830 2132 1866 1237]

1239 2154 1251 2168 α
1279 2164 1298 2170 ..
1317 2142 1450 2179 episcopo
1471 2141 1726 2170 Barchinonensi.
1750 2141 1794 2170 Ut
1812 2140 1910 2170 facile
1930 2140 2106 2178 provenire
2122 2157 2169 2170 --.
2190 2151 2203 2167 n

1268 2313 1385 2341 348³?

1234 2374 1422 2402 Procuratori
1445 2373 1666 2406 Tem-aconensi,
1690 2373 1831 2400 similiter
1851 2372 1996 2406 scribens,
2018 2373 2154 2400 concedit
2172 2375 2206 2401 ut

1198 2423 1261 2450 illis
1279 2423 1315 2450 de
1330 2422 1541 2450 Terraconensi
1559 2421 1728 2456 provincia,
1746 2421 1796 2455 qui
1815 2429 1867 2456 pro
1884 2421 2032 2448 incendiis
2048 2422 2096 2448 vel
2112 2421 2206 2456 injec-

1198 2472 1279 2499 tione
1300 2479 1442 2498 manuum
1459 2471 1591 2498 violenta
1606 2471 1637 2498 in
1660 2470 1782 2498 clericos
1804 2471 1853 2498 vel
1873 2470 1947 2498 alias
1967 2471 2119 2505 religiosas
2139 2479 2206 2506 per-

1199 2528 1294 2552 sonas,
1312 2528 1362 2546 seu
1377 2519 1453 2553 quod
1471 2519 1641 2547 Sarracenis
1657 2527 1740 2546 arma
1753 2521 1781 2546 et
1797 2519 1871 2546 alias
1887 2527 1931 2546 res
1945 2519 2110 2553 prohibitas
2123 2519 2206 2547 detu-

1199 2568 1300 2601 lerint,
1312 2568 1373 2595 sint
1389 2568 1651 2601 excommunicati,
1664 2568 1700 2595 ad
1711 2568 1914 2602 populandum
1926 2568 1974 2595 vel
1985 2568 2205 2596 defendendum

1555 2312 1655 2345 Terni,
1667 2312 1701 2339 28
1713 2312 1831 2346 janvier
1841 2321 1877 2340 ou
1888 2312 1904 2339 9
1915 2312 2024 2339 sevrier
2034 2312 2103 2339 1237
2113 2313 2134 2339 2.

1233 2681 1253 2705 1.
1270 2683 1319 2704 Ms.
1337 2690 1343 2704 :
1362 2681 1448 2704 XXXI
1467 2685 1493 2704 et
1509 2688 1602 2706 unam.

1231 2725 1253 2748 2.
1268 2724 1297 2749 28
1309 2725 1431 2755 janvier,
1448 2725 1470 2748 si
1488 2726 1511 2748 le
1530 2728 1586 2749 mot
1601 2725 1671 2749 omis
1688 2728 1729 2748 est
1745 2726 1895 2751 kalendas.-
1911 2725 1926 2749 9
1939 2724 2054 2754 sevrier,
2072 2726 2096 2749 si
2109 2726 2134 2749 le
2151 2728 2208 2750 mot

1200 2769 1270 2793 omis
1290 2771 1332 2792 est
1354 2770 1433 2797 idus,·
1456 2770 1593 2799 pout-etro
1616 2769 1691 2793 aussi
1712 2771 1757 2799 n'y
1779 2769 1852 2792 a-t-il
1875 2776 1922 2800 pus
1942 2769 1976 2793 de
1996 2770 2110 2798 lacuno;
2135 2771 2207 2794 cette

1200 2812 1278 2844 piece
1291 2813 1375 2836 serait
1385 2805 1454 2836 'bien
1470 2813 1556 2842 alors,
1572 2819 1678 2837 comme
1694 2813 1735 2836 les
1750 2815 1847 2843 quatre
1863 2812 2042 2843 precedentes
2059 2816 2085 2837 et
2103 2820 2208 2839 comme

1200 2857 1226 2879 la
1241 2856 1381 2885 suivanto,
1404 2857 1450 2887 qui
1472 2864 1501 2880 se
1519 2859 1681 2887 rapportent
1701 2855 1716 2880 a
1730 2856 1757 2879 la
1777 2857 1863 2880 meme
1882 2857 1990 2887 affaire,
2007 2857 2044 2881 du
2064 2859 2207 2888 5sevr1'er5

1200 2900 1268 2924 mais
1284 2907 1339 2924 une
1355 2900 1417 2924 date
1436 2901 1506 2924 ainsi
1522 2900 1630 2924 libellee
1647 2903 1687 2924 cst
1703 2902 1764 2924 tout
1780 2900 1795 2923 a
1810 2901 1859 2924 fait
1878 2907 1912 2924 en
1928 2901 2028 2925 debors
2045 2901 2093 2925 dcs
2109 2909 2208 2933 usagcs

1201 2944 1234 2968 de
1249 2944 1276 2967 la
1286 2944 1466 2968 chaneellcrie
1481 2944 1638 2975 pontificale
1651 2944 1666 2967 ὲ.
1680 2946 1750 2968 cette
1764 2944 1886 2975 epoque,
1901 2947 1927 2968 et
1940 2945 2154 2970 l'inadvertanee
2170 2945 2207 2970 du

1200 2987 1345 3012 redacteur
1360 2988 1393 3012 de
1407 2988 1484 3012 l'acte
1500 2988 1584 3012 serait
1600 2988 1634 3011 ici
1651 2988 1715 3011 bien
1729 2987 1888 3018 singuliere.
