<?xml version="1.0" encoding="UTF-8"?>
<!DOCTYPE html PUBLIC "-//W3C//DTD XHTML 1.0 Transitional//EN"
    "http://www.w3.org/TR/xhtml1/DTD/xhtml1-transitional.dtd">
<html xmlns="http://www.w3.org/1999/xhtml" xml:lang="en" lang="en">
 <head>
  <title>
</title>
<meta http-equiv="Content-Type" content="text/html;charset=utf-8" />
  <meta name='ocr-system' content='tesseract 3.04.00' />
  <meta name='ocr-capabilities' content='ocr_page ocr_carea ocr_par ocr_line ocrx_word'/>
</head>
<body>
  <div class='ocr_page' id='page_1' title='image "./lesregistresdale02cathuoft_0135.png"; bbox 0 0 2519 3518; ppageno 0'>
   <div class='ocr_carea' id='block_1_1' title="bbox 106 310 2179 356">
    <p class='ocr_par' dir='ltr' id='par_1_1' title="bbox 106 310 2179 356">
     <span class='ocr_line' id='line_1_1' title="bbox 106 310 2179 356; baseline 0.008 -16"><span class='ocrx_word' id='word_1_1' title='bbox 106 316 164 348; x_wconf 79' lang='lat'>233</span> <span class='ocrx_word' id='word_1_2' title='bbox 937 310 1164 347; x_wconf 79' lang='lat' dir='ltr'><strong>NEUVIEME</strong></span> <span class='ocrx_word' id='word_1_3' title='bbox 1184 311 1343 350; x_wconf 77' lang='lat' dir='ltr'>ANNEE.</span> <span class='ocrx_word' id='word_1_4' title='bbox 2120 325 2179 356; x_wconf 73' lang='lat'>23⁴</span> 
     </span>
    </p>
   </div>
   <div class='ocr_carea' id='block_1_2' title="bbox 106 381 1102 416">
    <p class='ocr_par' dir='ltr' id='par_1_2' title="bbox 106 381 1102 416">
     <span class='ocr_line' id='line_1_2' title="bbox 106 381 1102 416; baseline 0 -6"><span class='ocrx_word' id='word_1_5' title='bbox 106 382 134 410; x_wconf 80' lang='lat' dir='ltr'>si</span> <span class='ocrx_word' id='word_1_6' title='bbox 156 382 262 410; x_wconf 79' lang='lat' dir='ltr'>Terrae</span> <span class='ocrx_word' id='word_1_7' title='bbox 286 381 412 410; x_wconf 76' lang='lat' dir='ltr'>Sanctae</span> <span class='ocrx_word' id='word_1_8' title='bbox 440 382 632 416; x_wconf 74' lang='lat' dir='ltr'><strong>personaliter</strong></span> <span class='ocrx_word' id='word_1_9' title='bbox 657 382 858 410; x_wconf 77' lang='lat' dir='ltr'>subvenirent.</span> <span class='ocrx_word' id='word_1_10' title='bbox 886 397 917 401; x_wconf 97' lang='lat'><strong>—</strong></span> <span class='ocrx_word' id='word_1_11' title='bbox 942 383 1028 414; x_wconf 71' lang='lat' dir='ltr'>(Rae.</span> <span class='ocrx_word' id='word_1_12' title='bbox 1052 382 1102 415; x_wconf 89' lang='lat'>18,</span> 
     </span>
    </p>
   </div>
   <div class='ocr_carea' id='block_1_3' title="bbox 109 429 1104 511">
    <p class='ocr_par' dir='ltr' id='par_1_3' title="bbox 109 429 1104 511">
     <span class='ocr_line' id='line_1_3' title="bbox 109 429 1104 463; baseline 0 -5"><span class='ocrx_word' id='word_1_13' title='bbox 109 431 131 458; x_wconf 76' lang='lat' dir='ltr'>f.</span> <span class='ocrx_word' id='word_1_14' title='bbox 144 430 178 458; x_wconf 84' lang='grc'>96</span> <span class='ocrx_word' id='word_1_15' title='bbox 189 433 234 462; x_wconf 83' lang='lat' dir='ltr'>v·;</span> <span class='ocrx_word' id='word_1_16' title='bbox 248 437 317 457; x_wconf 84' lang='lat' dir='ltr'>ann.</span> <span class='ocrx_word' id='word_1_17' title='bbox 330 429 383 462; x_wconf 89' lang='lat' dir='ltr'>IX,</span> <span class='ocrx_word' id='word_1_18' title='bbox 394 437 419 456; x_wconf 82' lang='lat'>0.</span> <span class='ocrx_word' id='word_1_19' title='bbox 432 429 481 457; x_wconf 84' lang='lat'>341</span> <span class='ocrx_word' id='word_1_20' title='bbox 493 438 500 462; x_wconf 78' lang='grc' dir='ltr'>ς</span> <span class='ocrx_word' id='word_1_21' title='bbox 512 444 543 448; x_wconf 92' lang='grc'><strong>-</strong></span> <span class='ocrx_word' id='word_1_22' title='bbox 556 430 687 458; x_wconf 68' lang='lat' dir='ltr'>Monam</span> <span class='ocrx_word' id='word_1_23' title='bbox 699 430 778 463; x_wconf 87' lang='grc'>1190,</span> <span class='ocrx_word' id='word_1_24' title='bbox 791 432 810 458; x_wconf 82' lang='lat' dir='ltr'>f.</span> <span class='ocrx_word' id='word_1_25' title='bbox 825 431 892 462; x_wconf 81' lang='lat'>199:</span> <span class='ocrx_word' id='word_1_26' title='bbox 906 445 936 450; x_wconf 97' lang='lat'>—</span> <span class='ocrx_word' id='word_1_27' title='bbox 949 431 1104 458; x_wconf 65' lang='lat' dir='ltr'>Pori-msa·</span> 
     </span>
     <span class='ocr_line' id='line_1_4' title="bbox 109 478 660 511; baseline -0.002 -5"><span class='ocrx_word' id='word_1_28' title='bbox 109 478 212 511; x_wconf 83' lang='grc' dir='ltr'>1008ος</span> <span class='ocrx_word' id='word_1_29' title='bbox 227 492 259 497; x_wconf 94' lang='grc'>-</span> <span class='ocrx_word' id='word_1_30' title='bbox 275 479 312 505; x_wconf 83' lang='lat' dir='ltr'>ct.</span> <span class='ocrx_word' id='word_1_31' title='bbox 326 484 422 511; x_wconf 80' lang='lat' dir='ltr'>supra,</span> <span class='ocrx_word' id='word_1_32' title='bbox 439 487 468 504; x_wconf 90' lang='lat' dir='ltr'>n.</span> <span class='ocrx_word' id='word_1_33' title='bbox 482 478 660 510; x_wconf 76' lang='lat'>2872-2879.)</span> 
     </span>
    </p>
   </div>
   <div class='ocr_carea' id='block_1_4' title="bbox 108 577 1110 2055">
    <p class='ocr_par' dir='ltr' id='par_1_4' title="bbox 108 577 1110 2055">
     <span class='ocr_line' id='line_1_5' title="bbox 151 577 1102 616; baseline 0 -10"><span class='ocrx_word' id='word_1_34' title='bbox 151 589 164 605; x_wconf 80' lang='grc' dir='ltr'><strong>α</strong></span> <span class='ocrx_word' id='word_1_35' title='bbox 189 600 208 607; x_wconf 93' lang='grc'>..</span> <span class='ocrx_word' id='word_1_36' title='bbox 231 578 365 615; x_wconf 81' lang='lat' dir='ltr'>episcopo</span> <span class='ocrx_word' id='word_1_37' title='bbox 387 577 540 614; x_wconf 84' lang='lat' dir='ltr'>quondam</span> <span class='ocrx_word' id='word_1_38' title='bbox 560 578 737 614; x_wconf 77' lang='lat' dir='ltr'>Mutinensi,</span> <span class='ocrx_word' id='word_1_39' title='bbox 755 579 974 616; x_wconf 79' lang='lat' dir='ltr'>penitentiario</span> <span class='ocrx_word' id='word_1_40' title='bbox 990 583 1102 607; x_wconf 76' lang='lat' dir='ltr'>nostro.</span> 
     </span>
     <span class='ocr_line' id='line_1_6' title="bbox 109 629 1104 671; baseline -0.003 -10"><span class='ocrx_word' id='word_1_41' title='bbox 109 629 156 661; x_wconf 91' lang='lat' dir='ltr'>Ut</span> <span class='ocrx_word' id='word_1_42' title='bbox 170 629 328 671; x_wconf 78' lang='lat' dir='ltr'>Israelem</span> <span class='ocrx_word' id='word_1_43' title='bbox 345 629 465 659; x_wconf 79' lang='lat' dir='ltr'>veteris</span> <span class='ocrx_word' id='word_1_44' title='bbox 481 629 602 659; x_wconf 85' lang='lat' dir='ltr'>astutia</span> <span class='ocrx_word' id='word_1_45' title='bbox 626 629 779 660; x_wconf 85' lang='lat' dir='ltr'>Philistei</span> <span class='ocrx_word' id='word_1_46' title='bbox 795 634 868 663; x_wconf 89' lang='lat' dir='ltr'>etc.,</span> <span class='ocrx_word' id='word_1_47' title='bbox 885 634 1052 667; x_wconf 85' lang='lat' dir='ltr'>utsupra,</span> <span class='ocrx_word' id='word_1_48' title='bbox 1070 629 1104 658; x_wconf 89' lang='lat' dir='ltr'>in</span> 
     </span>
     <span class='ocr_line' id='line_1_7' title="bbox 108 681 1105 720; baseline -0.002 -8"><span class='ocrx_word' id='word_1_49' title='bbox 108 690 225 712; x_wconf 75' lang='lat' dir='ltr'>cccxiix</span> <span class='ocrx_word' id='word_1_50' title='bbox 236 681 358 715; x_wconf 86' lang='lat' dir='ltr'>littera,</span> <span class='ocrx_word' id='word_1_51' title='bbox 371 689 492 719; x_wconf 86' lang='lat' dir='ltr'>usque:</span> <span class='ocrx_word' id='word_1_52' title='bbox 507 681 682 711; x_wconf 88' lang='lat' dir='ltr'>dissidium</span> <span class='ocrx_word' id='word_1_53' title='bbox 695 686 897 720; x_wconf 77' lang='lat' dir='ltr'>requeretur‚</span> <span class='ocrx_word' id='word_1_54' title='bbox 909 681 1026 711; x_wconf 88' lang='lat' dir='ltr'>dilecto</span> <span class='ocrx_word' id='word_1_55' title='bbox 1038 681 1105 711; x_wconf 85' lang='lat' dir='ltr'>tilio</span> 
     </span>
     <span class='ocr_line' id='line_1_8' title="bbox 109 732 1106 772; baseline -0.001 -9"><span class='ocrx_word' id='word_1_56' title='bbox 109 733 206 764; x_wconf 81' lang='lat' dir='ltr'>fratri</span> <span class='ocrx_word' id='word_1_57' title='bbox 216 732 397 767; x_wconf 85' lang='lat' dir='ltr'>Willelmo,</span> <span class='ocrx_word' id='word_1_58' title='bbox 413 733 644 770; x_wconf 84' lang='lat' dir='ltr'>penitentiario</span> <span class='ocrx_word' id='word_1_59' title='bbox 659 737 780 768; x_wconf 83' lang='lat' dir='ltr'>nostro,</span> <span class='ocrx_word' id='word_1_60' title='bbox 795 733 971 772; x_wconf 85' lang='lat' dir='ltr'>apostolica</span> <span class='ocrx_word' id='word_1_61' title='bbox 985 733 1106 771; x_wconf 88' lang='lat' dir='ltr'>scripta</span> 
     </span>
     <span class='ocr_line' id='line_1_9' title="bbox 108 784 1106 823; baseline -0.001 -9"><span class='ocrx_word' id='word_1_62' title='bbox 108 784 291 815; x_wconf 86' lang='lat' dir='ltr'>direximus</span> <span class='ocrx_word' id='word_1_63' title='bbox 316 789 367 818; x_wconf 89' lang='lat' dir='ltr'>ut,</span> <span class='ocrx_word' id='word_1_64' title='bbox 396 788 469 814; x_wconf 89' lang='lat' dir='ltr'>vota</span> <span class='ocrx_word' id='word_1_65' title='bbox 493 784 806 823; x_wconf 80' lang='lat' dir='ltr'>quadringentorum</span> <span class='ocrx_word' id='word_1_66' title='bbox 831 785 973 814; x_wconf 87' lang='lat' dir='ltr'>militum</span> <span class='ocrx_word' id='word_1_67' title='bbox 993 793 1106 814; x_wconf 87' lang='lat' dir='ltr'>cruce-</span> 
     </span>
     <span class='ocr_line' id='line_1_10' title="bbox 110 836 1105 874; baseline -0.002 -8"><span class='ocrx_word' id='word_1_68' title='bbox 110 836 315 874; x_wconf 78' lang='lat' dir='ltr'>signatorum</span> <span class='ocrx_word' id='word_1_69' title='bbox 342 836 435 874; x_wconf 84' lang='lat' dir='ltr'>regni</span> <span class='ocrx_word' id='word_1_70' title='bbox 462 836 614 869; x_wconf 81' lang='lat' dir='ltr'>Francie,</span> <span class='ocrx_word' id='word_1_71' title='bbox 642 844 780 874; x_wconf 88' lang='lat' dir='ltr'>quorum</span> <span class='ocrx_word' id='word_1_72' title='bbox 805 836 844 866; x_wconf 87' lang='lat' dir='ltr'>ad</span> <span class='ocrx_word' id='word_1_73' title='bbox 870 836 902 865; x_wconf 91' lang='lat' dir='ltr'>id</span> <span class='ocrx_word' id='word_1_74' title='bbox 925 844 1105 866; x_wconf 86' lang='lat' dir='ltr'>consensus</span> 
     </span>
     <span class='ocr_line' id='line_1_11' title="bbox 110 887 1105 926; baseline 0 -8"><span class='ocrx_word' id='word_1_75' title='bbox 110 887 302 922; x_wconf 83' lang='lat' dir='ltr'>accesserit,</span> <span class='ocrx_word' id='word_1_76' title='bbox 333 887 366 916; x_wconf 91' lang='lat' dir='ltr'>in</span> <span class='ocrx_word' id='word_1_77' title='bbox 395 887 580 917; x_wconf 86' lang='lat' dir='ltr'>subsidium</span> <span class='ocrx_word' id='word_1_78' title='bbox 610 888 727 925; x_wconf 80' lang='lat' dir='ltr'>prefati</span> <span class='ocrx_word' id='word_1_79' title='bbox 756 887 887 926; x_wconf 90' lang='lat' dir='ltr'>imperii</span> <span class='ocrx_word' id='word_1_80' title='bbox 913 888 1105 918; x_wconf 82' lang='lat' dir='ltr'>auctoritate</span> 
     </span>
     <span class='ocr_line' id='line_1_12' title="bbox 111 939 1103 978; baseline -0.001 -8"><span class='ocrx_word' id='word_1_81' title='bbox 111 944 224 970; x_wconf 87' lang='lat' dir='ltr'>nostra</span> <span class='ocrx_word' id='word_1_82' title='bbox 239 944 462 974; x_wconf 81' lang='lat' dir='ltr'>commutans,</span> <span class='ocrx_word' id='word_1_83' title='bbox 485 943 549 969; x_wconf 85' lang='lat' dir='ltr'>tam</span> <span class='ocrx_word' id='word_1_84' title='bbox 571 948 625 969; x_wconf 84' lang='lat' dir='ltr'>cos</span> <span class='ocrx_word' id='word_1_85' title='bbox 647 948 744 978; x_wconf 86' lang='lat' dir='ltr'>quam</span> <span class='ocrx_word' id='word_1_86' title='bbox 764 939 846 970; x_wconf 86' lang='lat' dir='ltr'>alios</span> <span class='ocrx_word' id='word_1_87' title='bbox 866 940 923 978; x_wconf 84' lang='lat' dir='ltr'>qui</span> <span class='ocrx_word' id='word_1_88' title='bbox 943 940 981 969; x_wconf 88' lang='lat' dir='ltr'>de</span> <span class='ocrx_word' id='word_1_89' title='bbox 1004 948 1103 973; x_wconf 86' lang='lat' dir='ltr'>novo,</span> 
     </span>
     <span class='ocr_line' id='line_1_13' title="bbox 110 990 1107 1029; baseline -0.002 -8"><span class='ocrx_word' id='word_1_90' title='bbox 110 991 183 1021; x_wconf 88' lang='lat' dir='ltr'>suis</span> <span class='ocrx_word' id='word_1_91' title='bbox 196 991 322 1020; x_wconf 89' lang='lat' dir='ltr'>inducti</span> <span class='ocrx_word' id='word_1_92' title='bbox 336 991 481 1025; x_wconf 82' lang='lat' dir='ltr'>monitis,</span> <span class='ocrx_word' id='word_1_93' title='bbox 496 991 529 1020; x_wconf 88' lang='lat' dir='ltr'>in</span> <span class='ocrx_word' id='word_1_94' title='bbox 543 999 734 1020; x_wconf 83' lang='lat' dir='ltr'>succursum</span> <span class='ocrx_word' id='word_1_95' title='bbox 747 991 851 1029; x_wconf 89' lang='lat' dir='ltr'>ipsius</span> <span class='ocrx_word' id='word_1_96' title='bbox 867 990 1107 1028; x_wconf 74' lang='lat' dir='ltr'>assumpserint</span> 
     </span>
     <span class='ocr_line' id='line_1_14' title="bbox 112 1042 1107 1080; baseline 0 -8"><span class='ocrx_word' id='word_1_97' title='bbox 112 1042 244 1080; x_wconf 84' lang='lat' dir='ltr'>signum</span> <span class='ocrx_word' id='word_1_98' title='bbox 260 1042 378 1077; x_wconf 85' lang='lat' dir='ltr'>crucis,</span> <span class='ocrx_word' id='word_1_99' title='bbox 398 1042 559 1080; x_wconf 76' lang='lat' dir='ltr'>preceptis</span> <span class='ocrx_word' id='word_1_100' title='bbox 575 1046 704 1072; x_wconf 81' lang='lat' dir='ltr'>moneat</span> <span class='ocrx_word' id='word_1_101' title='bbox 717 1042 917 1072; x_wconf 88' lang='lat' dir='ltr'>salutaribus</span> <span class='ocrx_word' id='word_1_102' title='bbox 931 1046 961 1072; x_wconf 87' lang='lat' dir='ltr'>et</span> <span class='ocrx_word' id='word_1_103' title='bbox 974 1042 1107 1072; x_wconf 87' lang='lat' dir='ltr'>inducat</span> 
     </span>
     <span class='ocr_line' id='line_1_15' title="bbox 111 1094 1107 1132; baseline -0.001 -8"><span class='ocrx_word' id='word_1_104' title='bbox 111 1098 148 1124; x_wconf 91' lang='lat' dir='ltr'>ut</span> <span class='ocrx_word' id='word_1_105' title='bbox 163 1094 236 1124; x_wconf 87' lang='lat' dir='ltr'>sine</span> <span class='ocrx_word' id='word_1_106' title='bbox 251 1103 340 1124; x_wconf 90' lang='lat' dir='ltr'>more</span> <span class='ocrx_word' id='word_1_107' title='bbox 359 1094 529 1132; x_wconf 87' lang='lat' dir='ltr'>dispendio</span> <span class='ocrx_word' id='word_1_108' title='bbox 551 1094 591 1123; x_wconf 90' lang='lat' dir='ltr'>ad</span> <span class='ocrx_word' id='word_1_109' title='bbox 607 1094 862 1124; x_wconf 89' lang='lat' dir='ltr'>succurrendum</span> <span class='ocrx_word' id='word_1_110' title='bbox 884 1094 948 1132; x_wconf 87' lang='lat' dir='ltr'>ipsi</span> <span class='ocrx_word' id='word_1_111' title='bbox 969 1095 1107 1132; x_wconf 89' lang='lat' dir='ltr'>imperio</span> 
     </span>
     <span class='ocr_line' id='line_1_16' title="bbox 111 1145 1106 1183; baseline -0.002 -8"><span class='ocrx_word' id='word_1_112' title='bbox 111 1145 176 1175; x_wconf 88' lang='lat' dir='ltr'>iter</span> <span class='ocrx_word' id='word_1_113' title='bbox 192 1145 362 1183; x_wconf 84' lang='lat' dir='ltr'>arripiant,</span> <span class='ocrx_word' id='word_1_114' title='bbox 381 1149 412 1174; x_wconf 91' lang='lat' dir='ltr'>et</span> <span class='ocrx_word' id='word_1_115' title='bbox 430 1145 469 1174; x_wconf 89' lang='lat' dir='ltr'>ad</span> <span class='ocrx_word' id='word_1_116' title='bbox 482 1145 515 1174; x_wconf 91' lang='lat' dir='ltr'>id</span> <span class='ocrx_word' id='word_1_117' title='bbox 530 1145 727 1175; x_wconf 77' lang='lat' dir='ltr'>festinanter</span> <span class='ocrx_word' id='word_1_118' title='bbox 742 1149 772 1175; x_wconf 91' lang='lat' dir='ltr'>et</span> <span class='ocrx_word' id='word_1_119' title='bbox 787 1145 929 1175; x_wconf 89' lang='lat' dir='ltr'>viriliter</span> <span class='ocrx_word' id='word_1_120' title='bbox 946 1154 980 1175; x_wconf 85' lang='lat' dir='ltr'>se</span> <span class='ocrx_word' id='word_1_121' title='bbox 997 1145 1106 1174; x_wconf 88' lang='lat' dir='ltr'>accin-</span> 
     </span>
     <span class='ocr_line' id='line_1_17' title="bbox 114 1196 1106 1235; baseline -0.002 -8"><span class='ocrx_word' id='word_1_122' title='bbox 114 1201 202 1235; x_wconf 88' lang='lat' dir='ltr'>gant,</span> <span class='ocrx_word' id='word_1_123' title='bbox 220 1206 276 1235; x_wconf 87' lang='lat' dir='ltr'>spe</span> <span class='ocrx_word' id='word_1_124' title='bbox 292 1197 373 1235; x_wconf 89' lang='lat' dir='ltr'>ipsis</span> <span class='ocrx_word' id='word_1_125' title='bbox 393 1197 558 1234; x_wconf 88' lang='lat' dir='ltr'>proposita</span> <span class='ocrx_word' id='word_1_126' title='bbox 578 1196 674 1235; x_wconf 84' lang='lat' dir='ltr'>quod,</span> <span class='ocrx_word' id='word_1_127' title='bbox 699 1196 774 1226; x_wconf 90' lang='lat' dir='ltr'>dum</span> <span class='ocrx_word' id='word_1_128' title='bbox 790 1197 825 1226; x_wconf 88' lang='lat' dir='ltr'>in</span> <span class='ocrx_word' id='word_1_129' title='bbox 841 1197 952 1226; x_wconf 87' lang='lat' dir='ltr'>eodem</span> <span class='ocrx_word' id='word_1_130' title='bbox 969 1196 1106 1234; x_wconf 88' lang='lat' dir='ltr'>imperio</span> 
     </span>
     <span class='ocr_line' id='line_1_18' title="bbox 111 1247 1106 1286; baseline -0.001 -7"><span class='ocrx_word' id='word_1_131' title='bbox 111 1249 211 1279; x_wconf 85' lang='lat' dir='ltr'>Terre</span> <span class='ocrx_word' id='word_1_132' title='bbox 225 1248 349 1286; x_wconf 87' lang='lat' dir='ltr'>prefate</span> <span class='ocrx_word' id='word_1_133' title='bbox 370 1248 580 1282; x_wconf 80' lang='lat' dir='ltr'>subveniunt.</span> <span class='ocrx_word' id='word_1_134' title='bbox 607 1247 807 1286; x_wconf 83' lang='lat' dir='ltr'>duplicatum</span> <span class='ocrx_word' id='word_1_135' title='bbox 829 1248 1106 1278; x_wconf 85' lang='lat' dir='ltr'>remunerationis</span> 
     </span>
     <span class='ocr_line' id='line_1_19' title="bbox 112 1299 1106 1338; baseline -0.001 -8"><span class='ocrx_word' id='word_1_136' title='bbox 112 1301 224 1331; x_wconf 85' lang='lat' dir='ltr'>divine</span> <span class='ocrx_word' id='word_1_137' title='bbox 240 1300 401 1338; x_wconf 82' lang='lat' dir='ltr'>premium</span> <span class='ocrx_word' id='word_1_138' title='bbox 417 1299 639 1338; x_wconf 89' lang='lat' dir='ltr'>reportabunt.</span> <span class='ocrx_word' id='word_1_139' title='bbox 654 1300 788 1334; x_wconf 82' lang='lat' dir='ltr'>Verum,</span> <span class='ocrx_word' id='word_1_140' title='bbox 808 1301 885 1338; x_wconf 85' lang='lat' dir='ltr'>quia</span> <span class='ocrx_word' id='word_1_141' title='bbox 901 1300 986 1330; x_wconf 91' lang='lat' dir='ltr'>idem</span> <span class='ocrx_word' id='word_1_142' title='bbox 1003 1300 1106 1337; x_wconf 89' lang='lat' dir='ltr'>impe-</span> 
     </span>
     <span class='ocr_line' id='line_1_20' title="bbox 113 1350 1105 1390; baseline -0.002 -8"><span class='ocrx_word' id='word_1_143' title='bbox 113 1356 202 1382; x_wconf 87' lang='lat' dir='ltr'>rator</span> <span class='ocrx_word' id='word_1_144' title='bbox 217 1360 370 1390; x_wconf 85' lang='lat' dir='ltr'>magnum</span> <span class='ocrx_word' id='word_1_145' title='bbox 387 1355 495 1389; x_wconf 89' lang='lat' dir='ltr'>posset</span> <span class='ocrx_word' id='word_1_146' title='bbox 508 1351 542 1380; x_wconf 91' lang='lat' dir='ltr'>in</span> <span class='ocrx_word' id='word_1_147' title='bbox 558 1350 715 1381; x_wconf 87' lang='lat' dir='ltr'>dilatione</span> <span class='ocrx_word' id='word_1_148' title='bbox 732 1351 896 1382; x_wconf 86' lang='lat' dir='ltr'>sustinere</span> <span class='ocrx_word' id='word_1_149' title='bbox 911 1351 1105 1390; x_wconf 86' lang='lat' dir='ltr'>periculum,</span> 
     </span>
     <span class='ocr_line' id='line_1_21' title="bbox 113 1402 1106 1441; baseline -0.001 -8"><span class='ocrx_word' id='word_1_150' title='bbox 113 1403 181 1434; x_wconf 86' lang='lat' dir='ltr'>nisi</span> <span class='ocrx_word' id='word_1_151' title='bbox 207 1406 409 1441; x_wconf 87' lang='lat' dir='ltr'>expectatum</span> <span class='ocrx_word' id='word_1_152' title='bbox 436 1402 573 1440; x_wconf 86' lang='lat' dir='ltr'>recipiat</span> <span class='ocrx_word' id='word_1_153' title='bbox 597 1410 615 1431; x_wconf 90' lang='lat' dir='ltr'>a</span> <span class='ocrx_word' id='word_1_154' title='bbox 639 1402 766 1432; x_wconf 88' lang='lat' dir='ltr'>Latinis</span> <span class='ocrx_word' id='word_1_155' title='bbox 791 1402 913 1440; x_wconf 86' lang='lat' dir='ltr'>absque</span> <span class='ocrx_word' id='word_1_156' title='bbox 936 1403 1106 1441; x_wconf 88' lang='lat' dir='ltr'>dispendio</span> 
     </span>
     <span class='ocr_line' id='line_1_22' title="bbox 114 1453 1108 1492; baseline -0.001 -7"><span class='ocrx_word' id='word_1_157' title='bbox 114 1463 204 1485; x_wconf 86' lang='lat' dir='ltr'>more</span> <span class='ocrx_word' id='word_1_158' title='bbox 222 1462 426 1488; x_wconf 78' lang='lat' dir='ltr'>succursum.</span> <span class='ocrx_word' id='word_1_159' title='bbox 445 1458 474 1483; x_wconf 90' lang='lat' dir='ltr'>te</span> <span class='ocrx_word' id='word_1_160' title='bbox 490 1453 530 1483; x_wconf 87' lang='lat' dir='ltr'>ad</span> <span class='ocrx_word' id='word_1_161' title='bbox 545 1453 705 1491; x_wconf 88' lang='lat' dir='ltr'>premissa</span> <span class='ocrx_word' id='word_1_162' title='bbox 719 1453 896 1492; x_wconf 86' lang='lat' dir='ltr'>prudenter</span> <span class='ocrx_word' id='word_1_163' title='bbox 911 1458 942 1484; x_wconf 89' lang='lat' dir='ltr'>et</span> <span class='ocrx_word' id='word_1_164' title='bbox 957 1454 1108 1484; x_wconf 82' lang='lat' dir='ltr'>celeriter</span> 
     </span>
     <span class='ocr_line' id='line_1_23' title="bbox 113 1504 1108 1544; baseline -0.002 -7"><span class='ocrx_word' id='word_1_165' title='bbox 113 1505 304 1544; x_wconf 86' lang='lat' dir='ltr'>exequenda</span> <span class='ocrx_word' id='word_1_166' title='bbox 322 1505 363 1535; x_wconf 89' lang='lat' dir='ltr'>ad</span> <span class='ocrx_word' id='word_1_167' title='bbox 377 1509 485 1543; x_wconf 87' lang='lat' dir='ltr'>partes</span> <span class='ocrx_word' id='word_1_168' title='bbox 506 1504 599 1542; x_wconf 86' lang='lat' dir='ltr'>regni</span> <span class='ocrx_word' id='word_1_169' title='bbox 615 1504 753 1534; x_wconf 88' lang='lat' dir='ltr'>Francie</span> <span class='ocrx_word' id='word_1_170' title='bbox 769 1505 921 1535; x_wconf 85' lang='lat' dir='ltr'>duximus</span> <span class='ocrx_word' id='word_1_171' title='bbox 938 1505 1108 1535; x_wconf 85' lang='lat' dir='ltr'>destinan-</span> 
     </span>
     <span class='ocr_line' id='line_1_24' title="bbox 113 1557 1108 1595; baseline -0.001 -7"><span class='ocrx_word' id='word_1_172' title='bbox 113 1558 202 1588; x_wconf 88' lang='lat' dir='ltr'>dum.</span> <span class='ocrx_word' id='word_1_173' title='bbox 223 1557 383 1594; x_wconf 87' lang='lat' dir='ltr'>Quocirca</span> <span class='ocrx_word' id='word_1_174' title='bbox 400 1557 594 1586; x_wconf 86' lang='lat' dir='ltr'>mandamus</span> <span class='ocrx_word' id='word_1_175' title='bbox 617 1560 780 1595; x_wconf 85' lang='lat' dir='ltr'>quatenus</span> <span class='ocrx_word' id='word_1_176' title='bbox 802 1557 964 1595; x_wconf 87' lang='lat' dir='ltr'>predictos</span> <span class='ocrx_word' id='word_1_177' title='bbox 985 1557 1108 1588; x_wconf 87' lang='lat' dir='ltr'>milites</span> 
     </span>
     <span class='ocr_line' id='line_1_25' title="bbox 113 1608 1107 1646; baseline 0 -6"><span class='ocrx_word' id='word_1_178' title='bbox 113 1613 146 1640; x_wconf 90' lang='lat' dir='ltr'>et</span> <span class='ocrx_word' id='word_1_179' title='bbox 159 1609 241 1640; x_wconf 88' lang='lat' dir='ltr'>alios</span> <span class='ocrx_word' id='word_1_180' title='bbox 252 1608 293 1638; x_wconf 89' lang='lat' dir='ltr'>ad</span> <span class='ocrx_word' id='word_1_181' title='bbox 303 1608 337 1638; x_wconf 92' lang='lat' dir='ltr'>id</span> <span class='ocrx_word' id='word_1_182' title='bbox 348 1608 526 1646; x_wconf 86' lang='lat' dir='ltr'>prudenter</span> <span class='ocrx_word' id='word_1_183' title='bbox 539 1612 570 1638; x_wconf 91' lang='lat' dir='ltr'>et</span> <span class='ocrx_word' id='word_1_184' title='bbox 582 1608 756 1638; x_wconf 85' lang='lat' dir='ltr'>efficaciter</span> <span class='ocrx_word' id='word_1_185' title='bbox 768 1617 902 1639; x_wconf 87' lang='lat' dir='ltr'>moneas</span> <span class='ocrx_word' id='word_1_186' title='bbox 917 1614 947 1640; x_wconf 88' lang='lat' dir='ltr'>et</span> <span class='ocrx_word' id='word_1_187' title='bbox 958 1609 1107 1645; x_wconf 84' lang='lat' dir='ltr'>inducas,</span> 
     </span>
     <span class='ocr_line' id='line_1_26' title="bbox 113 1659 1109 1700; baseline 0.001 -10"><span class='ocrx_word' id='word_1_188' title='bbox 113 1661 287 1700; x_wconf 77' lang='lat' dir='ltr'>presertim</span> <span class='ocrx_word' id='word_1_189' title='bbox 303 1668 376 1690; x_wconf 90' lang='lat' dir='ltr'>cum</span> <span class='ocrx_word' id='word_1_190' title='bbox 398 1659 520 1690; x_wconf 86' lang='lat' dir='ltr'>nobilis</span> <span class='ocrx_word' id='word_1_191' title='bbox 541 1660 592 1689; x_wconf 80' lang='lat' dir='ltr'>vir</span> <span class='ocrx_word' id='word_1_192' title='bbox 613 1684 632 1689; x_wconf 90' lang='lat'>..</span> <span class='ocrx_word' id='word_1_193' title='bbox 657 1660 720 1690; x_wconf 89' lang='lat' dir='ltr'>dux</span> <span class='ocrx_word' id='word_1_194' title='bbox 735 1661 935 1691; x_wconf 87' lang='lat' dir='ltr'>Venetorum</span> <span class='ocrx_word' id='word_1_195' title='bbox 956 1661 1109 1691; x_wconf 88' lang='lat' dir='ltr'>omnibus</span> 
     </span>
     <span class='ocr_line' id='line_1_27' title="bbox 114 1711 1110 1750; baseline -0.001 -8"><span class='ocrx_word' id='word_1_196' title='bbox 114 1712 217 1750; x_wconf 86' lang='lat' dir='ltr'>gratis</span> <span class='ocrx_word' id='word_1_197' title='bbox 233 1711 310 1742; x_wconf 88' lang='lat' dir='ltr'>dare</span> <span class='ocrx_word' id='word_1_198' title='bbox 325 1711 514 1749; x_wconf 86' lang='lat' dir='ltr'>passagium</span> <span class='ocrx_word' id='word_1_199' title='bbox 531 1711 574 1741; x_wconf 91' lang='lat' dir='ltr'>sit</span> <span class='ocrx_word' id='word_1_200' title='bbox 588 1715 732 1749; x_wconf 86' lang='lat' dir='ltr'>paratus.</span> <span class='ocrx_word' id='word_1_201' title='bbox 750 1711 817 1742; x_wconf 85' lang='lat' dir='ltr'>Nos</span> <span class='ocrx_word' id='word_1_202' title='bbox 834 1712 932 1747; x_wconf 89' lang='lat' dir='ltr'>enim,</span> <span class='ocrx_word' id='word_1_203' title='bbox 953 1712 991 1742; x_wconf 92' lang='lat' dir='ltr'>de</span> <span class='ocrx_word' id='word_1_204' title='bbox 1007 1712 1110 1741; x_wconf 86' lang='lat' dir='ltr'>omni-</span> 
     </span>
     <span class='ocr_line' id='line_1_28' title="bbox 113 1762 1109 1803; baseline -0.001 -9"><span class='ocrx_word' id='word_1_205' title='bbox 113 1763 256 1803; x_wconf 85' lang='lat' dir='ltr'>potentis</span> <span class='ocrx_word' id='word_1_206' title='bbox 271 1763 332 1793; x_wconf 92' lang='lat' dir='ltr'>Dei</span> <span class='ocrx_word' id='word_1_207' title='bbox 354 1762 580 1793; x_wconf 87' lang='lat' dir='ltr'>misericordia</span> <span class='ocrx_word' id='word_1_208' title='bbox 603 1766 634 1793; x_wconf 93' lang='lat' dir='ltr'>et</span> <span class='ocrx_word' id='word_1_209' title='bbox 657 1771 695 1793; x_wconf 92' lang='lat' dir='ltr'>ea</span> <span class='ocrx_word' id='word_1_210' title='bbox 718 1772 816 1801; x_wconf 87' lang='lat' dir='ltr'>quam</span> <span class='ocrx_word' id='word_1_211' title='bbox 837 1763 931 1793; x_wconf 92' lang='lat' dir='ltr'>nobis</span> <span class='ocrx_word' id='word_1_212' title='bbox 948 1763 986 1793; x_wconf 90' lang='lat' dir='ltr'>de</span> <span class='ocrx_word' id='word_1_213' title='bbox 1003 1763 1109 1794; x_wconf 88' lang='lat' dir='ltr'>beatis</span> 
     </span>
     <span class='ocr_line' id='line_1_29' title="bbox 113 1813 1108 1853; baseline -0.001 -8"><span class='ocrx_word' id='word_1_214' title='bbox 113 1814 281 1853; x_wconf 86' lang='lat' dir='ltr'>Apostolis</span> <span class='ocrx_word' id='word_1_215' title='bbox 297 1815 392 1845; x_wconf 86' lang='lat' dir='ltr'>Petro</span> <span class='ocrx_word' id='word_1_216' title='bbox 411 1818 442 1844; x_wconf 92' lang='lat' dir='ltr'>et</span> <span class='ocrx_word' id='word_1_217' title='bbox 460 1813 562 1844; x_wconf 88' lang='lat' dir='ltr'>Paulo</span> <span class='ocrx_word' id='word_1_218' title='bbox 578 1815 751 1849; x_wconf 82' lang='lat' dir='ltr'>concessit,</span> <span class='ocrx_word' id='word_1_219' title='bbox 772 1815 965 1845; x_wconf 84' lang='lat' dir='ltr'>auctoritate</span> <span class='ocrx_word' id='word_1_220' title='bbox 981 1815 1108 1851; x_wconf 86' lang='lat' dir='ltr'>confisi,</span> 
     </span>
     <span class='ocr_line' id='line_1_30' title="bbox 115 1865 1108 1904; baseline 0 -8"><span class='ocrx_word' id='word_1_221' title='bbox 115 1865 207 1896; x_wconf 91' lang='lat' dir='ltr'>illam</span> <span class='ocrx_word' id='word_1_222' title='bbox 218 1866 266 1896; x_wconf 88' lang='lat' dir='ltr'>eis</span> <span class='ocrx_word' id='word_1_223' title='bbox 280 1865 382 1904; x_wconf 88' lang='lat' dir='ltr'>quiin</span> <span class='ocrx_word' id='word_1_224' title='bbox 395 1865 540 1904; x_wconf 88' lang='lat' dir='ltr'>ejusdem</span> <span class='ocrx_word' id='word_1_225' title='bbox 551 1865 681 1903; x_wconf 89' lang='lat' dir='ltr'>imperii</span> <span class='ocrx_word' id='word_1_226' title='bbox 693 1874 885 1896; x_wconf 86' lang='lat' dir='ltr'>succursum</span> <span class='ocrx_word' id='word_1_227' title='bbox 899 1867 1108 1901; x_wconf 74' lang='lat' dir='ltr'>accesserint,</span> 
     </span>
     <span class='ocr_line' id='line_1_31' title="bbox 115 1917 1106 1955; baseline 0 -8"><span class='ocrx_word' id='word_1_228' title='bbox 115 1917 325 1947; x_wconf 87' lang='lat' dir='ltr'>concedimus</span> <span class='ocrx_word' id='word_1_229' title='bbox 341 1917 470 1946; x_wconf 90' lang='lat' dir='ltr'>veniam</span> <span class='ocrx_word' id='word_1_230' title='bbox 483 1920 700 1954; x_wconf 88' lang='lat' dir='ltr'>peccatorum,</span> <span class='ocrx_word' id='word_1_231' title='bbox 718 1926 815 1955; x_wconf 82' lang='lat' dir='ltr'>quam</span> <span class='ocrx_word' id='word_1_232' title='bbox 828 1917 975 1948; x_wconf 88' lang='lat' dir='ltr'>habituri</span> <span class='ocrx_word' id='word_1_233' title='bbox 991 1919 1106 1954; x_wconf 80' lang='lat' dir='ltr'>forent,</span> 
     </span>
     <span class='ocr_line' id='line_1_32' title="bbox 117 1968 1108 2007; baseline 0 -8"><span class='ocrx_word' id='word_1_234' title='bbox 117 1969 146 1999; x_wconf 86' lang='lat' dir='ltr'>si</span> <span class='ocrx_word' id='word_1_235' title='bbox 161 1968 304 2007; x_wconf 87' lang='lat' dir='ltr'>predicte</span> <span class='ocrx_word' id='word_1_236' title='bbox 317 1969 415 1998; x_wconf 88' lang='lat' dir='ltr'>Terre</span> <span class='ocrx_word' id='word_1_237' title='bbox 428 1968 546 1998; x_wconf 85' lang='lat' dir='ltr'>Sancte</span> <span class='ocrx_word' id='word_1_238' title='bbox 561 1968 778 2005; x_wconf 83' lang='lat' dir='ltr'>personaliter</span> <span class='ocrx_word' id='word_1_239' title='bbox 793 1969 1018 1999; x_wconf 85' lang='lat' dir='ltr'>subvenirent.</span> <span class='ocrx_word' id='word_1_240' title='bbox 1035 1970 1108 1999; x_wconf 88' lang='lat' dir='ltr'>Dat.</span> 
     </span>
     <span class='ocr_line' id='line_1_33' title="bbox 115 2019 989 2055; baseline -0.003 -5"><span class='ocrx_word' id='word_1_241' title='bbox 115 2019 270 2055; x_wconf 68' lang='lat' dir='ltr'>Vita-bii,</span> <span class='ocrx_word' id='word_1_242' title='bbox 286 2020 382 2050; x_wconf 85' lang='lat' dir='ltr'>XVII</span> <span class='ocrx_word' id='word_1_243' title='bbox 397 2019 555 2049; x_wconf 83' lang='lat' dir='ltr'>kalendas</span> <span class='ocrx_word' id='word_1_244' title='bbox 568 2019 739 2054; x_wconf 81' lang='lat' dir='ltr'>februarii,</span> <span class='ocrx_word' id='word_1_245' title='bbox 757 2029 843 2050; x_wconf 90' lang='lat' dir='ltr'>anno</span> <span class='ocrx_word' id='word_1_246' title='bbox 859 2029 956 2050; x_wconf 87' lang='lat' dir='ltr'>nono.</span> <span class='ocrx_word' id='word_1_247' title='bbox 976 2033 989 2047; x_wconf 65' lang='lat' dir='ltr'>n</span> 
     </span>
    </p>
   </div>
   <div class='ocr_carea' id='block_1_5' title="bbox 115 2123 1110 2204">
    <p class='ocr_par' dir='ltr' id='par_1_5' title="bbox 115 2123 1110 2204">
     <span class='ocr_line' id='line_1_34' title="bbox 152 2123 1110 2157; baseline -0.001 -6"><span class='ocrx_word' id='word_1_248' title='bbox 152 2127 256 2151; x_wconf 69' lang='lat'>29¹⁰.</span> <span class='ocrx_word' id='word_1_249' title='bbox 271 2138 303 2142; x_wconf 91' lang='lat'><strong>—</strong></span> <span class='ocrx_word' id='word_1_250' title='bbox 319 2124 351 2150; x_wconf 91' lang='lat' dir='ltr'>ln</span> <span class='ocrx_word' id='word_1_251' title='bbox 364 2123 488 2150; x_wconf 89' lang='lat' dir='ltr'>eundem</span> <span class='ocrx_word' id='word_1_252' title='bbox 503 2124 562 2150; x_wconf 78' lang='lat' dir='ltr'>iere</span> <span class='ocrx_word' id='word_1_253' title='bbox 578 2123 696 2150; x_wconf 90' lang='lat' dir='ltr'>modum</span> <span class='ocrx_word' id='word_1_254' title='bbox 711 2123 927 2157; x_wconf 78' lang='lat' dir='ltr'>archiepiscopis,</span> <span class='ocrx_word' id='word_1_255' title='bbox 944 2125 1070 2157; x_wconf 77' lang='lat' dir='ltr'>episcopis</span> <span class='ocrx_word' id='word_1_256' title='bbox 1085 2127 1110 2150; x_wconf 79' lang='lat' dir='ltr'>ee</span> 
     </span>
     <span class='ocr_line' id='line_1_35' title="bbox 115 2170 990 2204; baseline 0 -7"><span class='ocrx_word' id='word_1_257' title='bbox 115 2171 182 2197; x_wconf 71' lang='lat' dir='ltr'>alcis</span> <span class='ocrx_word' id='word_1_258' title='bbox 194 2171 368 2197; x_wconf 70' lang='lat' dir='ltr'>ecclesiarum</span> <span class='ocrx_word' id='word_1_259' title='bbox 382 2170 496 2203; x_wconf 74' lang='lat' dir='ltr'>prelatis</span> <span class='ocrx_word' id='word_1_260' title='bbox 507 2177 555 2204; x_wconf 81' lang='lat' dir='ltr'>per</span> <span class='ocrx_word' id='word_1_261' title='bbox 570 2178 683 2202; x_wconf 74' lang='lat' dir='ltr'>reynum</span> <span class='ocrx_word' id='word_1_262' title='bbox 700 2171 811 2196; x_wconf 67' lang='lat' dir='ltr'>Francia</span> <span class='ocrx_word' id='word_1_263' title='bbox 825 2172 990 2197; x_wconf 78' lang='lat' dir='ltr'>constitutis.</span> 
     </span>
    </p>
   </div>
   <div class='ocr_carea' id='block_1_6' title="bbox 188 2333 1039 2367">
    <p class='ocr_par' dir='ltr' id='par_1_6' title="bbox 188 2333 1039 2367">
     <span class='ocr_line' id='line_1_36' title="bbox 188 2333 1039 2367; baseline 0 -6"><span class='ocrx_word' id='word_1_264' title='bbox 188 2333 270 2361; x_wconf 63' lang='lat'>29¹</span> <span class='ocrx_word' id='word_1_265' title='bbox 281 2333 300 2360; x_wconf 86' lang='grc' dir='ltr'>Ι</span> <span class='ocrx_word' id='word_1_266' title='bbox 639 2333 770 2366; x_wconf 78' lang='lat' dir='ltr'>Viterbe,</span> <span class='ocrx_word' id='word_1_267' title='bbox 784 2333 817 2360; x_wconf 85' lang='lat'>12</span> <span class='ocrx_word' id='word_1_268' title='bbox 831 2334 946 2367; x_wconf 79' lang='lat' dir='ltr'>jam-ier</span> <span class='ocrx_word' id='word_1_269' title='bbox 961 2335 1039 2362; x_wconf 75' lang='lat'>1236.</span> 
     </span>
    </p>
   </div>
   <div class='ocr_carea' id='block_1_7' title="bbox 118 2393 1116 2853">
    <p class='ocr_par' dir='ltr' id='par_1_7' title="bbox 118 2393 1116 2853">
     <span class='ocr_line' id='line_1_37' title="bbox 155 2393 1112 2426; baseline 0.002 -7"><span class='ocrx_word' id='word_1_270' title='bbox 155 2401 168 2420; x_wconf 72' lang='lat'>(⁴</span> <span class='ocrx_word' id='word_1_271' title='bbox 181 2395 212 2421; x_wconf 86' lang='lat' dir='ltr'>ln</span> <span class='ocrx_word' id='word_1_272' title='bbox 223 2394 347 2421; x_wconf 87' lang='lat' dir='ltr'>eundem</span> <span class='ocrx_word' id='word_1_273' title='bbox 360 2394 418 2420; x_wconf 83' lang='lat' dir='ltr'>sere</span> <span class='ocrx_word' id='word_1_274' title='bbox 429 2393 547 2419; x_wconf 87' lang='lat' dir='ltr'>modum</span> <span class='ocrx_word' id='word_1_275' title='bbox 560 2393 775 2426; x_wconf 70' lang='lat' dir='ltr'>archiepiscopis,</span> <span class='ocrx_word' id='word_1_276' title='bbox 787 2395 913 2426; x_wconf 75' lang='lat' dir='ltr'>episcopis</span> <span class='ocrx_word' id='word_1_277' title='bbox 923 2397 946 2419; x_wconf 77' lang='lat' dir='ltr'>et</span> <span class='ocrx_word' id='word_1_278' title='bbox 957 2395 1022 2420; x_wconf 80' lang='lat' dir='ltr'>aliis</span> <span class='ocrx_word' id='word_1_279' title='bbox 1031 2396 1112 2421; x_wconf 79' lang='lat' dir='ltr'>ecclo-</span> 
     </span>
     <span class='ocr_line' id='line_1_38' title="bbox 118 2439 1111 2477; baseline 0.004 -11"><span class='ocrx_word' id='word_1_280' title='bbox 118 2442 226 2467; x_wconf 71' lang='lat' dir='ltr'>siammt</span> <span class='ocrx_word' id='word_1_281' title='bbox 239 2441 353 2473; x_wconf 78' lang='lat' dir='ltr'>prelatis</span> <span class='ocrx_word' id='word_1_282' title='bbox 367 2447 414 2473; x_wconf 82' lang='lat' dir='ltr'>per</span> <span class='ocrx_word' id='word_1_283' title='bbox 426 2447 538 2472; x_wconf 74' lang='lat' dir='ltr'>rcynum</span> <span class='ocrx_word' id='word_1_284' title='bbox 558 2439 672 2473; x_wconf 77' lang='lat' dir='ltr'>Unqaric</span> <span class='ocrx_word' id='word_1_285' title='bbox 685 2442 838 2466; x_wconf 72' lang='lat' dir='ltr'>constitutis</span> <span class='ocrx_word' id='word_1_286' title='bbox 855 2444 922 2473; x_wconf 76' lang='lat' dir='ltr'>etc.,</span> <span class='ocrx_word' id='word_1_287' title='bbox 939 2451 1028 2477; x_wconf 83' lang='lat' dir='ltr'>usque</span> <span class='ocrx_word' id='word_1_288' title='bbox 1043 2451 1049 2469; x_wconf 72' lang='grc' dir='ltr'>ε</span> <span class='ocrx_word' id='word_1_289' title='bbox 1065 2443 1111 2470; x_wconf 88' lang='lat' dir='ltr'>di-</span> 
     </span>
     <span class='ocr_line' id='line_1_39' title="bbox 118 2487 1110 2522; baseline 0.002 -7"><span class='ocrx_word' id='word_1_290' title='bbox 118 2488 249 2515; x_wconf 82' lang='lat' dir='ltr'>reximus</span> <span class='ocrx_word' id='word_1_291' title='bbox 270 2490 317 2520; x_wconf 85' lang='lat' dir='ltr'>ut,</span> <span class='ocrx_word' id='word_1_292' title='bbox 339 2491 407 2514; x_wconf 80' lang='lat' dir='ltr'>vota</span> <span class='ocrx_word' id='word_1_293' title='bbox 429 2487 694 2521; x_wconf 76' lang='lat' dir='ltr'>crucesignatorum</span> <span class='ocrx_word' id='word_1_294' title='bbox 715 2488 930 2522; x_wconf 74' lang='lat' dir='ltr'>provinciarum</span> <span class='ocrx_word' id='word_1_295' title='bbox 948 2493 1110 2517; x_wconf 79' lang='lat' dir='ltr'>vestrarum</span> 
     </span>
     <span class='ocr_line' id='line_1_40' title="bbox 120 2535 1112 2570; baseline 0.001 -7"><span class='ocrx_word' id='word_1_296' title='bbox 120 2536 170 2570; x_wconf 92' lang='lat' dir='ltr'>qui</span> <span class='ocrx_word' id='word_1_297' title='bbox 186 2538 396 2570; x_wconf 85' lang='lat' dir='ltr'>proposuerunt</span> <span class='ocrx_word' id='word_1_298' title='bbox 411 2535 442 2562; x_wconf 90' lang='lat' dir='ltr'>in</span> <span class='ocrx_word' id='word_1_299' title='bbox 454 2535 532 2562; x_wconf 84' lang='lat' dir='ltr'>dicte</span> <span class='ocrx_word' id='word_1_300' title='bbox 543 2535 630 2561; x_wconf 82' lang='lat' dir='ltr'>Terre</span> <span class='ocrx_word' id='word_1_301' title='bbox 643 2535 805 2562; x_wconf 80' lang='lat' dir='ltr'>subsidium</span> <span class='ocrx_word' id='word_1_302' title='bbox 818 2537 972 2570; x_wconf 75' lang='lat' dir='ltr'>proficisci.</span> <span class='ocrx_word' id='word_1_303' title='bbox 989 2538 1112 2565; x_wconf 78' lang='lat' dir='ltr'>auctori-</span> 
     </span>
     <span class='ocr_line' id='line_1_41' title="bbox 120 2583 1111 2617; baseline 0.001 -7"><span class='ocrx_word' id='word_1_304' title='bbox 120 2585 180 2610; x_wconf 80' lang='lat' dir='ltr'>tate</span> <span class='ocrx_word' id='word_1_305' title='bbox 198 2585 296 2610; x_wconf 84' lang='lat' dir='ltr'>nostra</span> <span class='ocrx_word' id='word_1_306' title='bbox 314 2583 345 2609; x_wconf 91' lang='lat' dir='ltr'>in</span> <span class='ocrx_word' id='word_1_307' title='bbox 366 2591 533 2609; x_wconf 84' lang='lat' dir='ltr'>succursum</span> <span class='ocrx_word' id='word_1_308' title='bbox 550 2583 655 2616; x_wconf 75' lang='lat' dir='ltr'>prefati</span> <span class='ocrx_word' id='word_1_309' title='bbox 679 2583 795 2617; x_wconf 87' lang='lat' dir='ltr'>imperii</span> <span class='ocrx_word' id='word_1_310' title='bbox 812 2587 1025 2611; x_wconf 84' lang='lat' dir='ltr'>commutantes</span> <span class='ocrx_word' id='word_1_311' title='bbox 1045 2587 1111 2617; x_wconf 84' lang='lat' dir='ltr'>etc.,</span> 
     </span>
     <span class='ocr_line' id='line_1_42' title="bbox 119 2630 1111 2664; baseline 0.001 -6"><span class='ocrx_word' id='word_1_312' title='bbox 119 2638 211 2664; x_wconf 83' lang='lat' dir='ltr'>usque</span> <span class='ocrx_word' id='word_1_313' title='bbox 235 2639 240 2657; x_wconf 96' lang='lat'><strong>:</strong></span> <span class='ocrx_word' id='word_1_314' title='bbox 265 2638 449 2661; x_wconf 72' lang='lat' dir='ltr'>succursum,</span> <span class='ocrx_word' id='word_1_315' title='bbox 473 2630 570 2657; x_wconf 70' lang='lat' dir='ltr'>verbis</span> <span class='ocrx_word' id='word_1_316' title='bbox 591 2633 788 2664; x_wconf 76' lang='lat' dir='ltr'>competenter</span> <span class='ocrx_word' id='word_1_317' title='bbox 813 2632 948 2660; x_wconf 76' lang='lat' dir='ltr'>mutatis,</span> <span class='ocrx_word' id='word_1_318' title='bbox 971 2632 1111 2659; x_wconf 85' lang='lat' dir='ltr'>dilectum</span> 
     </span>
     <span class='ocr_line' id='line_1_43' title="bbox 120 2677 1114 2707; baseline 0.001 -2"><span class='ocrx_word' id='word_1_319' title='bbox 120 2678 216 2705; x_wconf 87' lang='lat' dir='ltr'>filium</span> <span class='ocrx_word' id='word_1_320' title='bbox 234 2698 252 2704; x_wconf 91' lang='lat'>..</span> <span class='ocrx_word' id='word_1_321' title='bbox 273 2677 408 2705; x_wconf 84' lang='lat' dir='ltr'>abbatem</span> <span class='ocrx_word' id='word_1_322' title='bbox 432 2677 534 2704; x_wconf 81' lang='lat' dir='ltr'>Sancti</span> <span class='ocrx_word' id='word_1_323' title='bbox 558 2678 668 2704; x_wconf 85' lang='lat' dir='ltr'>Thome</span> <span class='ocrx_word' id='word_1_324' title='bbox 690 2678 725 2704; x_wconf 88' lang='lat' dir='ltr'>de</span> <span class='ocrx_word' id='word_1_325' title='bbox 744 2679 889 2706; x_wconf 79' lang='lat' dir='ltr'>Torcello.</span> <span class='ocrx_word' id='word_1_326' title='bbox 911 2679 1114 2707; x_wconf 83' lang='lat' dir='ltr'>Cisterciensis</span> 
     </span>
     <span class='ocr_line' id='line_1_44' title="bbox 120 2725 1115 2759; baseline 0.001 -7"><span class='ocrx_word' id='word_1_327' title='bbox 120 2725 243 2758; x_wconf 84' lang='lat' dir='ltr'>ordinis,</span> <span class='ocrx_word' id='word_1_328' title='bbox 257 2725 354 2752; x_wconf 89' lang='lat' dir='ltr'>virum</span> <span class='ocrx_word' id='word_1_329' title='bbox 372 2725 526 2759; x_wconf 75' lang='lat' dir='ltr'>providum</span> <span class='ocrx_word' id='word_1_330' title='bbox 541 2728 569 2752; x_wconf 88' lang='lat' dir='ltr'>ct</span> <span class='ocrx_word' id='word_1_331' title='bbox 582 2725 752 2757; x_wconf 76' lang='lat' dir='ltr'>discretum,</span> <span class='ocrx_word' id='word_1_332' title='bbox 766 2725 848 2752; x_wconf 87' lang='lat' dir='ltr'>nobis</span> <span class='ocrx_word' id='word_1_333' title='bbox 859 2730 884 2752; x_wconf 87' lang='lat' dir='ltr'>et</span> <span class='ocrx_word' id='word_1_334' title='bbox 900 2726 1038 2753; x_wconf 79' lang='lat' dir='ltr'>tratribus</span> <span class='ocrx_word' id='word_1_335' title='bbox 1053 2735 1115 2753; x_wconf 82' lang='lat' dir='ltr'>nos-</span> 
     </span>
     <span class='ocr_line' id='line_1_45' title="bbox 121 2772 1116 2808; baseline 0.002 -9"><span class='ocrx_word' id='word_1_336' title='bbox 121 2772 175 2799; x_wconf 83' lang='lat' dir='ltr'>tris</span> <span class='ocrx_word' id='word_1_337' title='bbox 190 2775 342 2807; x_wconf 87' lang='lat' dir='ltr'>acceptum</span> <span class='ocrx_word' id='word_1_338' title='bbox 359 2781 409 2799; x_wconf 89' lang='lat' dir='ltr'>sue</span> <span class='ocrx_word' id='word_1_339' title='bbox 429 2773 533 2799; x_wconf 87' lang='lat' dir='ltr'>merito</span> <span class='ocrx_word' id='word_1_340' title='bbox 551 2773 720 2806; x_wconf 80' lang='lat' dir='ltr'>probitatis,</span> <span class='ocrx_word' id='word_1_341' title='bbox 740 2773 776 2799; x_wconf 87' lang='lat' dir='ltr'>ad</span> <span class='ocrx_word' id='word_1_342' title='bbox 798 2773 939 2807; x_wconf 84' lang='lat' dir='ltr'>premissa</span> <span class='ocrx_word' id='word_1_343' title='bbox 959 2774 1116 2808; x_wconf 74' lang='lat' dir='ltr'>prudenter</span> 
     </span>
     <span class='ocr_line' id='line_1_46' title="bbox 122 2819 1116 2853; baseline 0.002 -7"><span class='ocrx_word' id='word_1_344' title='bbox 122 2821 152 2846; x_wconf 87' lang='lat' dir='ltr'>et</span> <span class='ocrx_word' id='word_1_345' title='bbox 165 2819 298 2846; x_wconf 81' lang='lat' dir='ltr'>celeriter</span> <span class='ocrx_word' id='word_1_346' title='bbox 313 2820 496 2853; x_wconf 82' lang='lat' dir='ltr'>exequenda,</span> <span class='ocrx_word' id='word_1_347' title='bbox 517 2820 554 2846; x_wconf 89' lang='lat' dir='ltr'>ad</span> <span class='ocrx_word' id='word_1_348' title='bbox 575 2823 670 2853; x_wconf 85' lang='lat' dir='ltr'>partes</span> <span class='ocrx_word' id='word_1_349' title='bbox 688 2823 799 2847; x_wconf 78' lang='lat' dir='ltr'>vestras</span> <span class='ocrx_word' id='word_1_350' title='bbox 813 2821 952 2847; x_wconf 78' lang='lat' dir='ltr'>duximus</span> <span class='ocrx_word' id='word_1_351' title='bbox 964 2821 1116 2848; x_wconf 84' lang='lat' dir='ltr'>destinan-</span> 
     </span>
    </p>
   </div>
   <div class='ocr_carea' id='block_1_8' title="bbox 122 2865 1115 2947">
    <p class='ocr_par' dir='ltr' id='par_1_8' title="bbox 122 2865 1115 2947">
     <span class='ocr_line' id='line_1_47' title="bbox 122 2865 1115 2902; baseline 0.003 -10"><span class='ocrx_word' id='word_1_352' title='bbox 122 2865 193 2892; x_wconf 86' lang='lat' dir='ltr'>dum</span> <span class='ocrx_word' id='word_1_353' title='bbox 210 2880 252 2892; x_wconf 96' lang='lat'>—.</span> <span class='ocrx_word' id='word_1_354' title='bbox 267 2865 329 2901; x_wconf 88' lang='lat' dir='ltr'>[Eis</span> <span class='ocrx_word' id='word_1_355' title='bbox 344 2867 457 2893; x_wconf 87' lang='lat' dir='ltr'>dictum</span> <span class='ocrx_word' id='word_1_356' title='bbox 471 2867 606 2894; x_wconf 84' lang='lat' dir='ltr'>abbatem</span> <span class='ocrx_word' id='word_1_357' title='bbox 621 2866 829 2902; x_wconf 60' lang='lat' dir='ltr'>commendat]</span> <span class='ocrx_word' id='word_1_358' title='bbox 846 2882 876 2886; x_wconf 92' lang='lat'><strong>—</strong></span> <span class='ocrx_word' id='word_1_359' title='bbox 890 2868 957 2895; x_wconf 85' lang='lat' dir='ltr'>Dat.</span> <span class='ocrx_word' id='word_1_360' title='bbox 971 2868 1099 2896; x_wconf 75' lang='lat' dir='ltr'>Viterbii</span> <span class='ocrx_word' id='word_1_361' title='bbox 1109 2890 1115 2901; x_wconf 91' lang='lat'>,</span> 
     </span>
     <span class='ocr_line' id='line_1_48' title="bbox 122 2912 603 2947; baseline 0 -8"><span class='ocrx_word' id='word_1_362' title='bbox 122 2912 149 2940; x_wconf 94' lang='lat'>11</span> <span class='ocrx_word' id='word_1_363' title='bbox 164 2912 230 2940; x_wconf 82' lang='lat' dir='ltr'>idus</span> <span class='ocrx_word' id='word_1_364' title='bbox 244 2913 383 2947; x_wconf 79' lang='lat' dir='ltr'>ianuarii,</span> <span class='ocrx_word' id='word_1_365' title='bbox 399 2922 476 2941; x_wconf 88' lang='lat' dir='ltr'>anno</span> <span class='ocrx_word' id='word_1_366' title='bbox 492 2922 575 2941; x_wconf 90' lang='lat' dir='ltr'>nono.</span> <span class='ocrx_word' id='word_1_367' title='bbox 589 2922 603 2939; x_wconf 74' lang='lat' dir='ltr'>i)</span> 
     </span>
    </p>
   </div>
   <div class='ocr_carea' id='block_1_9' title="bbox 1253 384 2106 423">
    <p class='ocr_par' dir='ltr' id='par_1_9' title="bbox 1253 384 2106 423">
     <span class='ocr_line' id='line_1_49' title="bbox 1253 384 2106 423; baseline 0.007 -11"><span class='ocrx_word' id='word_1_368' title='bbox 1253 384 1334 413; x_wconf 70' lang='lat'>28¹</span> <span class='ocrx_word' id='word_1_369' title='bbox 1344 385 1371 412; x_wconf 58' lang='grc' dir='ltr'>ᾖ</span> <span class='ocrx_word' id='word_1_370' title='bbox 1706 388 1837 421; x_wconf 82' lang='lat' dir='ltr'>Viterbe,</span> <span class='ocrx_word' id='word_1_371' title='bbox 1851 389 1884 416; x_wconf 89' lang='grc'>18</span> <span class='ocrx_word' id='word_1_372' title='bbox 1899 390 2014 423; x_wconf 77' lang='lat' dir='ltr'>janvier</span> <span class='ocrx_word' id='word_1_373' title='bbox 2027 391 2106 418; x_wconf 81' lang='lat'><strong>1236.</strong></span> 
     </span>
    </p>
   </div>
   <div class='ocr_carea' id='block_1_10' title="bbox 1184 445 2181 955">
    <p class='ocr_par' dir='ltr' id='par_1_10' title="bbox 1184 445 2181 955">
     <span class='ocr_line' id='line_1_50' title="bbox 1219 445 2179 487; baseline 0.008 -15"><span class='ocrx_word' id='word_1_374' title='bbox 1219 445 1361 481; x_wconf 82' lang='lat' dir='ltr'>Episcopo</span> <span class='ocrx_word' id='word_1_375' title='bbox 1377 447 1548 480; x_wconf 78' lang='lat' dir='ltr'>parisiensi,</span> <span class='ocrx_word' id='word_1_376' title='bbox 1566 462 1596 466; x_wconf 96' lang='lat'>—</span> <span class='ocrx_word' id='word_1_377' title='bbox 1615 449 1660 475; x_wconf 91' lang='lat' dir='ltr'>cui</span> <span class='ocrx_word' id='word_1_378' title='bbox 1675 449 1819 476; x_wconf 73' lang='lat' dir='ltr'>direxerat</span> <span class='ocrx_word' id='word_1_379' title='bbox 1837 451 1945 485; x_wconf 79' lang='lat' dir='ltr'>scripta</span> <span class='ocrx_word' id='word_1_380' title='bbox 1960 459 2012 478; x_wconf 81' lang='lat' dir='ltr'>sua</span> <span class='ocrx_word' id='word_1_381' title='bbox 2026 452 2062 479; x_wconf 88' lang='lat' dir='ltr'>de</span> <span class='ocrx_word' id='word_1_382' title='bbox 2077 452 2179 487; x_wconf 84' lang='lat' dir='ltr'>inqui-</span> 
     </span>
     <span class='ocr_line' id='line_1_51' title="bbox 1184 494 2179 531; baseline 0.006 -11"><span class='ocrx_word' id='word_1_383' title='bbox 1184 494 1274 520; x_wconf 88' lang='lat' dir='ltr'>renda</span> <span class='ocrx_word' id='word_1_384' title='bbox 1302 495 1426 521; x_wconf 81' lang='lat' dir='ltr'>veritate</span> <span class='ocrx_word' id='word_1_385' title='bbox 1449 504 1602 522; x_wconf 79' lang='lat' dir='ltr'>causarum</span> <span class='ocrx_word' id='word_1_386' title='bbox 1629 499 1745 530; x_wconf 83' lang='lat' dir='ltr'>propter</span> <span class='ocrx_word' id='word_1_387' title='bbox 1771 505 1841 531; x_wconf 79' lang='lat' dir='ltr'>quas</span> <span class='ocrx_word' id='word_1_388' title='bbox 1867 497 1987 525; x_wconf 84' lang='lat' dir='ltr'>lieentia</span> <span class='ocrx_word' id='word_1_389' title='bbox 2011 499 2133 526; x_wconf 81' lang='lat' dir='ltr'>cedendi</span> <span class='ocrx_word' id='word_1_390' title='bbox 2159 508 2179 527; x_wconf 77' lang='lat' dir='ltr'>a</span> 
     </span>
     <span class='ocr_line' id='line_1_52' title="bbox 1185 540 2176 579; baseline 0.007 -12"><span class='ocrx_word' id='word_1_391' title='bbox 1185 540 1387 568; x_wconf 78' lang='lat' dir='ltr'>Suessionensi</span> <span class='ocrx_word' id='word_1_392' title='bbox 1413 543 1548 577; x_wconf 84' lang='lat' dir='ltr'>episeopo</span> <span class='ocrx_word' id='word_1_393' title='bbox 1573 544 1718 577; x_wconf 78' lang='lat' dir='ltr'>postulata</span> <span class='ocrx_word' id='word_1_394' title='bbox 1737 544 1853 572; x_wconf 81' lang='lat' dir='ltr'>deberet</span> <span class='ocrx_word' id='word_1_395' title='bbox 1880 545 1905 572; x_wconf 88' lang='lat' dir='ltr'>ei</span> <span class='ocrx_word' id='word_1_396' title='bbox 1931 546 2064 579; x_wconf 85' lang='lat' dir='ltr'>concedi,</span> <span class='ocrx_word' id='word_1_397' title='bbox 2090 550 2118 574; x_wconf 87' lang='lat' dir='ltr'>et</span> <span class='ocrx_word' id='word_1_398' title='bbox 2139 555 2176 574; x_wconf 85' lang='lat' dir='ltr'>ex</span> 
     </span>
     <span class='ocr_line' id='line_1_53' title="bbox 1184 589 2180 627; baseline 0.007 -12"><span class='ocrx_word' id='word_1_399' title='bbox 1184 589 1267 622; x_wconf 81' lang='lat' dir='ltr'>cujus</span> <span class='ocrx_word' id='word_1_400' title='bbox 1290 589 1430 616; x_wconf 82' lang='lat' dir='ltr'>relatione</span> <span class='ocrx_word' id='word_1_401' title='bbox 1454 598 1509 616; x_wconf 89' lang='lat' dir='ltr'>non</span> <span class='ocrx_word' id='word_1_402' title='bbox 1535 591 1648 617; x_wconf 80' lang='lat' dir='ltr'>fuerant</span> <span class='ocrx_word' id='word_1_403' title='bbox 1668 590 1788 625; x_wconf 79' lang='lat' dir='ltr'>probata</span> <span class='ocrx_word' id='word_1_404' title='bbox 1809 600 1840 618; x_wconf 87' lang='lat' dir='ltr'>ea</span> <span class='ocrx_word' id='word_1_405' title='bbox 1866 600 1915 626; x_wconf 88' lang='lat' dir='ltr'>per</span> <span class='ocrx_word' id='word_1_406' title='bbox 1933 602 2005 627; x_wconf 80' lang='lat' dir='ltr'>quae</span> <span class='ocrx_word' id='word_1_407' title='bbox 2024 594 2180 622; x_wconf 79' lang='lat' dir='ltr'>deberetur</span> 
     </span>
     <span class='ocr_line' id='line_1_54' title="bbox 1185 635 2176 676; baseline 0.007 -14"><span class='ocrx_word' id='word_1_408' title='bbox 1185 635 1267 663; x_wconf 91' lang='lat' dir='ltr'>illius</span> <span class='ocrx_word' id='word_1_409' title='bbox 1282 637 1373 663; x_wconf 73' lang='lat' dir='ltr'>cessio</span> <span class='ocrx_word' id='word_1_410' title='bbox 1388 637 1519 668; x_wconf 77' lang='lat' dir='ltr'>admitti,</span> <span class='ocrx_word' id='word_1_411' title='bbox 1543 652 1572 656; x_wconf 93' lang='lat'>—</span> <span class='ocrx_word' id='word_1_412' title='bbox 1595 638 1741 671; x_wconf 78' lang='lat' dir='ltr'>significat</span> <span class='ocrx_word' id='word_1_413' title='bbox 1761 648 1790 665; x_wconf 68' lang='lat' dir='ltr'>se</span> <span class='ocrx_word' id='word_1_414' title='bbox 1812 640 1991 673; x_wconf 82' lang='lat' dir='ltr'>praedictum</span> <span class='ocrx_word' id='word_1_415' title='bbox 2008 642 2176 676; x_wconf 75' lang='lat' dir='ltr'>episcopum</span> 
     </span>
     <span class='ocr_line' id='line_1_55' title="bbox 1185 683 2178 722; baseline 0.006 -12"><span class='ocrx_word' id='word_1_416' title='bbox 1185 683 1220 710; x_wconf 85' lang='lat' dir='ltr'>ad</span> <span class='ocrx_word' id='word_1_417' title='bbox 1234 683 1343 710; x_wconf 85' lang='lat' dir='ltr'>dictam</span> <span class='ocrx_word' id='word_1_418' title='bbox 1359 685 1512 711; x_wconf 78' lang='lat' dir='ltr'>ecclesiam</span> <span class='ocrx_word' id='word_1_419' title='bbox 1529 685 1646 711; x_wconf 71' lang='lat' dir='ltr'>duxisse</span> <span class='ocrx_word' id='word_1_420' title='bbox 1661 686 1882 719; x_wconf 76' lang='lat' dir='ltr'>remittendum,</span> <span class='ocrx_word' id='word_1_421' title='bbox 1899 692 1925 714; x_wconf 90' lang='lat' dir='ltr'>ct</span> <span class='ocrx_word' id='word_1_422' title='bbox 1945 688 2073 722; x_wconf 83' lang='lat' dir='ltr'>capitulo</span> <span class='ocrx_word' id='word_1_423' title='bbox 2090 689 2178 716; x_wconf 79' lang='lat' dir='ltr'>Sues-</span> 
     </span>
     <span class='ocr_line' id='line_1_56' title="bbox 1185 731 2179 769; baseline 0.006 -12"><span class='ocrx_word' id='word_1_424' title='bbox 1185 731 1312 758; x_wconf 85' lang='lat' dir='ltr'>sionensi</span> <span class='ocrx_word' id='word_1_425' title='bbox 1337 731 1489 758; x_wconf 78' lang='lat' dir='ltr'>mandasse</span> <span class='ocrx_word' id='word_1_426' title='bbox 1512 736 1542 758; x_wconf 90' lang='lat' dir='ltr'>ut</span> <span class='ocrx_word' id='word_1_427' title='bbox 1558 732 1598 763; x_wconf 84' lang='lat' dir='ltr'>ei,</span> <span class='ocrx_word' id='word_1_428' title='bbox 1624 733 1699 759; x_wconf 73' lang='lat' dir='ltr'>sicut</span> <span class='ocrx_word' id='word_1_429' title='bbox 1723 733 1850 767; x_wconf 83' lang='lat' dir='ltr'>ipsorum</span> <span class='ocrx_word' id='word_1_430' title='bbox 1877 735 2011 769; x_wconf 77' lang='lat' dir='ltr'>episcopo</span> <span class='ocrx_word' id='word_1_431' title='bbox 2034 739 2061 762; x_wconf 88' lang='lat' dir='ltr'>et</span> <span class='ocrx_word' id='word_1_432' title='bbox 2084 735 2179 769; x_wconf 83' lang='lat' dir='ltr'>patri,</span> 
     </span>
     <span class='ocr_line' id='line_1_57' title="bbox 1185 779 2177 818; baseline 0.005 -13"><span class='ocrx_word' id='word_1_433' title='bbox 1185 779 1371 806; x_wconf 83' lang='lat' dir='ltr'>intenderent</span> <span class='ocrx_word' id='word_1_434' title='bbox 1393 783 1421 806; x_wconf 87' lang='lat' dir='ltr'>et</span> <span class='ocrx_word' id='word_1_435' title='bbox 1445 779 1641 807; x_wconf 83' lang='lat' dir='ltr'>obedientiam</span> <span class='ocrx_word' id='word_1_436' title='bbox 1669 780 1798 808; x_wconf 78' lang='lat' dir='ltr'>debitam</span> <span class='ocrx_word' id='word_1_437' title='bbox 1829 782 2018 815; x_wconf 82' lang='lat' dir='ltr'>exhiberent;</span> <span class='ocrx_word' id='word_1_438' title='bbox 2043 784 2177 818; x_wconf 85' lang='lat' dir='ltr'>alioquin</span> 
     </span>
     <span class='ocr_line' id='line_1_58' title="bbox 1185 826 2181 863; baseline 0.005 -11"><span class='ocrx_word' id='word_1_439' title='bbox 1185 826 1361 852; x_wconf 78' lang='lat' dir='ltr'>sententiam</span> <span class='ocrx_word' id='word_1_440' title='bbox 1383 834 1470 860; x_wconf 86' lang='lat' dir='ltr'>quam</span> <span class='ocrx_word' id='word_1_441' title='bbox 1493 827 1569 853; x_wconf 80' lang='lat' dir='ltr'>idem</span> <span class='ocrx_word' id='word_1_442' title='bbox 1593 827 1810 854; x_wconf 70' lang='lat' dir='ltr'>Suessionensis</span> <span class='ocrx_word' id='word_1_443' title='bbox 1830 829 1982 863; x_wconf 75' lang='lat' dir='ltr'>episeopus</span> <span class='ocrx_word' id='word_1_444' title='bbox 2005 830 2059 856; x_wconf 85' lang='lat' dir='ltr'>rite</span> <span class='ocrx_word' id='word_1_445' title='bbox 2077 830 2181 857; x_wconf 83' lang='lat' dir='ltr'>tulerit</span> 
     </span>
     <span class='ocr_line' id='line_1_59' title="bbox 1186 873 2179 908; baseline 0.005 -9"><span class='ocrx_word' id='word_1_446' title='bbox 1186 873 1215 899; x_wconf 92' lang='lat' dir='ltr'>in</span> <span class='ocrx_word' id='word_1_447' title='bbox 1232 873 1363 905; x_wconf 72' lang='lat' dir='ltr'>rebelleS,</span> <span class='ocrx_word' id='word_1_448' title='bbox 1385 874 1447 908; x_wconf 81' lang='lat' dir='ltr'>ipse</span> <span class='ocrx_word' id='word_1_449' title='bbox 1467 882 1542 908; x_wconf 81' lang='lat' dir='ltr'>papa</span> <span class='ocrx_word' id='word_1_450' title='bbox 1562 878 1654 901; x_wconf 87' lang='lat' dir='ltr'>ratam</span> <span class='ocrx_word' id='word_1_451' title='bbox 1677 874 1795 902; x_wconf 84' lang='lat' dir='ltr'>habebit</span> <span class='ocrx_word' id='word_1_452' title='bbox 1815 879 1843 902; x_wconf 87' lang='lat' dir='ltr'>et</span> <span class='ocrx_word' id='word_1_453' title='bbox 1863 876 1950 902; x_wconf 71' lang='lat' dir='ltr'>faciet</span> <span class='ocrx_word' id='word_1_454' title='bbox 1969 876 2128 904; x_wconf 77' lang='lat' dir='ltr'>observari.</span> <span class='ocrx_word' id='word_1_455' title='bbox 2146 891 2179 896; x_wconf 89' lang='lat'>·—</span> 
     </span>
     <span class='ocr_line' id='line_1_60' title="bbox 1186 920 2180 955; baseline 0.005 -9"><span class='ocrx_word' id='word_1_456' title='bbox 1186 920 1271 951; x_wconf 68' lang='lat' dir='ltr'>(Rue.</span> <span class='ocrx_word' id='word_1_457' title='bbox 1289 920 1332 952; x_wconf 85' lang='lat'>18,</span> <span class='ocrx_word' id='word_1_458' title='bbox 1347 921 1366 947; x_wconf 77' lang='lat' dir='ltr'>t.</span> <span class='ocrx_word' id='word_1_459' title='bbox 1383 920 1417 947; x_wconf 83' lang='lat'>97</span> <span class='ocrx_word' id='word_1_460' title='bbox 1433 924 1469 952; x_wconf 77' lang='lat' dir='ltr'>r⁰;</span> <span class='ocrx_word' id='word_1_461' title='bbox 1486 929 1555 947; x_wconf 89' lang='lat' dir='ltr'>ann.</span> <span class='ocrx_word' id='word_1_462' title='bbox 1574 922 1629 953; x_wconf 82' lang='lat' dir='ltr'>lx,</span> <span class='ocrx_word' id='word_1_463' title='bbox 1647 930 1670 948; x_wconf 90' lang='lat' dir='ltr'>c.</span> <span class='ocrx_word' id='word_1_464' title='bbox 1688 922 1756 953; x_wconf 44' lang='lat'>345&amp;</span> <span class='ocrx_word' id='word_1_465' title='bbox 1774 936 1805 940; x_wconf 97' lang='lat'><strong>—</strong></span> <span class='ocrx_word' id='word_1_466' title='bbox 1820 922 1950 950; x_wconf 65' lang='lat' dir='ltr'>Monam:</span> <span class='ocrx_word' id='word_1_467' title='bbox 1967 924 2049 955; x_wconf 87' lang='grc'>1190,</span> <span class='ocrx_word' id='word_1_468' title='bbox 2065 925 2085 950; x_wconf 82' lang='lat' dir='ltr'>t.</span> <span class='ocrx_word' id='word_1_469' title='bbox 2103 924 2180 954; x_wconf 83' lang='lat'><strong>203.)</strong></span> 
     </span>
    </p>
   </div>
   <div class='ocr_carea' id='block_1_11' title="bbox 1186 1020 2180 1106">
    <p class='ocr_par' dir='ltr' id='par_1_11' title="bbox 1186 1020 2180 1106">
     <span class='ocr_line' id='line_1_61' title="bbox 1227 1020 2180 1056; baseline 0.007 -11"><span class='ocrx_word' id='word_1_470' title='bbox 1227 1029 1240 1043; x_wconf 77' lang='grc' dir='ltr'>α</span> <span class='ocrx_word' id='word_1_471' title='bbox 1268 1040 1285 1046; x_wconf 87' lang='grc'>..</span> <span class='ocrx_word' id='word_1_472' title='bbox 1316 1020 1449 1056; x_wconf 84' lang='lat' dir='ltr'>episcopo</span> <span class='ocrx_word' id='word_1_473' title='bbox 1471 1020 1649 1048; x_wconf 74' lang='lat' dir='ltr'>Parisienti.</span> <span class='ocrx_word' id='word_1_474' title='bbox 1678 1020 1759 1050; x_wconf 89' lang='lat' dir='ltr'>Cum</span> <span class='ocrx_word' id='word_1_475' title='bbox 1787 1021 1984 1051; x_wconf 82' lang='lat' dir='ltr'>venerabilis</span> <span class='ocrx_word' id='word_1_476' title='bbox 2009 1022 2111 1051; x_wconf 84' lang='lat' dir='ltr'>frater</span> <span class='ocrx_word' id='word_1_477' title='bbox 2129 1039 2180 1051; x_wconf 83' lang='lat'>—.</span> 
     </span>
     <span class='ocr_line' id='line_1_62' title="bbox 1186 1070 2119 1106; baseline 0.001 -7"><span class='ocrx_word' id='word_1_478' title='bbox 1186 1071 1258 1100; x_wconf 85' lang='lat' dir='ltr'>Dat.</span> <span class='ocrx_word' id='word_1_479' title='bbox 1278 1070 1431 1104; x_wconf 80' lang='lat' dir='ltr'>Viterhii,</span> <span class='ocrx_word' id='word_1_480' title='bbox 1449 1071 1508 1100; x_wconf 78' lang='lat' dir='ltr'>XV</span> <span class='ocrx_word' id='word_1_481' title='bbox 1526 1070 1682 1100; x_wconf 81' lang='lat' dir='ltr'>kalendas</span> <span class='ocrx_word' id='word_1_482' title='bbox 1698 1071 1868 1106; x_wconf 82' lang='lat' dir='ltr'>februarii,</span> <span class='ocrx_word' id='word_1_483' title='bbox 1886 1081 1972 1102; x_wconf 85' lang='lat' dir='ltr'>anno</span> <span class='ocrx_word' id='word_1_484' title='bbox 1988 1082 2084 1103; x_wconf 89' lang='lat' dir='ltr'>nono.</span> <span class='ocrx_word' id='word_1_485' title='bbox 2106 1085 2119 1100; x_wconf 71' lang='grc' dir='ltr'>ι</span> 
     </span>
    </p>
   </div>
   <div class='ocr_carea' id='block_1_12' title="bbox 1221 1187 2109 1221">
    <p class='ocr_par' dir='ltr' id='par_1_12' title="bbox 1221 1187 2109 1221">
     <span class='ocr_line' id='line_1_63' title="bbox 1221 1187 2109 1221; baseline 0.005 -9"><span class='ocrx_word' id='word_1_486' title='bbox 1221 1189 1324 1212; x_wconf 72' lang='lat'>2⁹¹3.</span> <span class='ocrx_word' id='word_1_487' title='bbox 1342 1200 1373 1205; x_wconf 83' lang='lat'><em>-</em></span> <span class='ocrx_word' id='word_1_488' title='bbox 1390 1187 1421 1213; x_wconf 89' lang='lat' dir='ltr'>ln</span> <span class='ocrx_word' id='word_1_489' title='bbox 1436 1187 1559 1214; x_wconf 88' lang='lat' dir='ltr'>eundem</span> <span class='ocrx_word' id='word_1_490' title='bbox 1578 1188 1636 1214; x_wconf 81' lang='lat' dir='ltr'>[ere</span> <span class='ocrx_word' id='word_1_491' title='bbox 1650 1188 1766 1215; x_wconf 88' lang='lat' dir='ltr'>modum</span> <span class='ocrx_word' id='word_1_492' title='bbox 1781 1189 1900 1221; x_wconf 77' lang='lat' dir='ltr'>capitulo</span> <span class='ocrx_word' id='word_1_493' title='bbox 1915 1188 2109 1216; x_wconf 71' lang='lat' dir='ltr'>Suessionensi.</span> 
     </span>
    </p>
   </div>
   <div class='ocr_carea' id='block_1_13' title="bbox 1258 1361 1377 1389">
    <p class='ocr_par' dir='ltr' id='par_1_13' title="bbox 1258 1361 1377 1389">
     <span class='ocr_line' id='line_1_64' title="bbox 1258 1361 1377 1389; baseline 0.008 -1"><span class='ocrx_word' id='word_1_494' title='bbox 1258 1361 1377 1389; x_wconf 71' lang='lat'>2914</span> 
     </span>
    </p>
   </div>
   <div class='ocr_carea' id='block_1_14' title="bbox 1188 1421 2186 1742">
    <p class='ocr_par' dir='ltr' id='par_1_14' title="bbox 1188 1421 2186 1742">
     <span class='ocr_line' id='line_1_65' title="bbox 1223 1421 2183 1459; baseline 0.004 -11"><span class='ocrx_word' id='word_1_495' title='bbox 1223 1421 1458 1449; x_wconf 87' lang='lat' dir='ltr'>Claromontensi</span> <span class='ocrx_word' id='word_1_496' title='bbox 1487 1425 1515 1449; x_wconf 86' lang='lat' dir='ltr'>et</span> <span class='ocrx_word' id='word_1_497' title='bbox 1541 1423 1693 1450; x_wconf 84' lang='lat' dir='ltr'>Aniciensi</span> <span class='ocrx_word' id='word_1_498' title='bbox 1721 1424 1864 1458; x_wconf 76' lang='lat' dir='ltr'>episcopis</span> <span class='ocrx_word' id='word_1_499' title='bbox 1890 1426 2014 1459; x_wconf 87' lang='lat' dir='ltr'>pallium</span> <span class='ocrx_word' id='word_1_500' title='bbox 2041 1434 2075 1452; x_wconf 85' lang='lat' dir='ltr'>ex</span> <span class='ocrx_word' id='word_1_501' title='bbox 2101 1429 2183 1459; x_wconf 88' lang='lat' dir='ltr'>parte</span> 
     </span>
     <span class='ocr_line' id='line_1_66' title="bbox 1188 1469 2184 1506; baseline 0.005 -11"><span class='ocrx_word' id='word_1_502' title='bbox 1188 1469 1316 1503; x_wconf 87' lang='lat' dir='ltr'>episcopi</span> <span class='ocrx_word' id='word_1_503' title='bbox 1328 1469 1473 1503; x_wconf 85' lang='lat' dir='ltr'>quondam</span> <span class='ocrx_word' id='word_1_504' title='bbox 1485 1470 1679 1503; x_wconf 82' lang='lat' dir='ltr'>Agennensis,</span> <span class='ocrx_word' id='word_1_505' title='bbox 1696 1471 1726 1497; x_wconf 90' lang='lat' dir='ltr'>in</span> <span class='ocrx_word' id='word_1_506' title='bbox 1738 1472 1989 1506; x_wconf 87' lang='lat' dir='ltr'>archiepiscopum</span> <span class='ocrx_word' id='word_1_507' title='bbox 2004 1473 2184 1506; x_wconf 78' lang='lat' dir='ltr'>Lugdunen-</span> 
     </span>
     <span class='ocr_line' id='line_1_67' title="bbox 1188 1516 2184 1554; baseline 0.005 -12"><span class='ocrx_word' id='word_1_508' title='bbox 1188 1525 1247 1543; x_wconf 93' lang='lat' dir='ltr'>sem</span> <span class='ocrx_word' id='word_1_509' title='bbox 1265 1516 1361 1548; x_wconf 87' lang='lat' dir='ltr'>electi‚</span> <span class='ocrx_word' id='word_1_510' title='bbox 1376 1524 1426 1550; x_wconf 87' lang='lat' dir='ltr'>per</span> <span class='ocrx_word' id='word_1_511' title='bbox 1440 1517 1611 1551; x_wconf 80' lang='lat' dir='ltr'>magistrum</span> <span class='ocrx_word' id='word_1_512' title='bbox 1625 1518 1670 1549; x_wconf 61' lang='lat'>13„</span> <span class='ocrx_word' id='word_1_513' title='bbox 1688 1519 1839 1545; x_wconf 85' lang='lat' dir='ltr'>sacristam</span> <span class='ocrx_word' id='word_1_514' title='bbox 1855 1519 1957 1546; x_wconf 87' lang='lat' dir='ltr'>Sancti</span> <span class='ocrx_word' id='word_1_515' title='bbox 1972 1520 2047 1547; x_wconf 85' lang='lat' dir='ltr'>Justi</span> <span class='ocrx_word' id='word_1_516' title='bbox 2064 1520 2184 1554; x_wconf 77' lang='lat' dir='ltr'>Lugdu-</span> 
     </span>
     <span class='ocr_line' id='line_1_68' title="bbox 1188 1564 2183 1600; baseline 0.004 -10"><span class='ocrx_word' id='word_1_517' title='bbox 1188 1564 1302 1596; x_wconf 85' lang='lat' dir='ltr'>nensis,</span> <span class='ocrx_word' id='word_1_518' title='bbox 1324 1566 1352 1590; x_wconf 90' lang='lat' dir='ltr'>et</span> <span class='ocrx_word' id='word_1_519' title='bbox 1372 1565 1491 1591; x_wconf 77' lang='lat' dir='ltr'>tratrem</span> <span class='ocrx_word' id='word_1_520' title='bbox 1518 1565 1573 1591; x_wconf 86' lang='lat' dir='ltr'>Ph.</span> <span class='ocrx_word' id='word_1_521' title='bbox 1597 1566 1781 1600; x_wconf 85' lang='lat' dir='ltr'>capellanum</span> <span class='ocrx_word' id='word_1_522' title='bbox 1791 1587 1797 1598; x_wconf 90' lang='lat'>‚</span> <span class='ocrx_word' id='word_1_523' title='bbox 1823 1566 1915 1600; x_wconf 85' lang='lat' dir='ltr'>ipsius</span> <span class='ocrx_word' id='word_1_524' title='bbox 1939 1567 2024 1594; x_wconf 91' lang='lat' dir='ltr'>electi</span> <span class='ocrx_word' id='word_1_525' title='bbox 2049 1567 2183 1600; x_wconf 81' lang='lat' dir='ltr'>nunt-ios,</span> 
     </span>
     <span class='ocr_line' id='line_1_69' title="bbox 1188 1612 2185 1648; baseline 0.003 -10"><span class='ocrx_word' id='word_1_526' title='bbox 1188 1612 1380 1646; x_wconf 82' lang='lat' dir='ltr'>postulatum,</span> <span class='ocrx_word' id='word_1_527' title='bbox 1395 1620 1445 1646; x_wconf 89' lang='lat' dir='ltr'>per</span> <span class='ocrx_word' id='word_1_528' title='bbox 1460 1612 1574 1639; x_wconf 83' lang='lat' dir='ltr'>eosdem</span> <span class='ocrx_word' id='word_1_529' title='bbox 1589 1613 1707 1640; x_wconf 86' lang='lat' dir='ltr'>nuntios</span> <span class='ocrx_word' id='word_1_530' title='bbox 1721 1613 1756 1640; x_wconf 89' lang='lat' dir='ltr'>de</span> <span class='ocrx_word' id='word_1_531' title='bbox 1771 1622 1887 1648; x_wconf 91' lang='lat' dir='ltr'>corpore</span> <span class='ocrx_word' id='word_1_532' title='bbox 1899 1614 1974 1641; x_wconf 88' lang='lat' dir='ltr'>beati</span> <span class='ocrx_word' id='word_1_533' title='bbox 1989 1615 2070 1642; x_wconf 87' lang='lat' dir='ltr'>Petri</span> <span class='ocrx_word' id='word_1_534' title='bbox 2086 1622 2185 1648; x_wconf 83' lang='lat' dir='ltr'>sump-</span> 
     </span>
     <span class='ocr_line' id='line_1_70' title="bbox 1189 1659 2183 1696; baseline 0.003 -11"><span class='ocrx_word' id='word_1_535' title='bbox 1189 1661 1252 1686; x_wconf 87' lang='lat' dir='ltr'>tum</span> <span class='ocrx_word' id='word_1_536' title='bbox 1266 1659 1405 1692; x_wconf 83' lang='lat' dir='ltr'>destinat,</span> <span class='ocrx_word' id='word_1_537' title='bbox 1417 1659 1515 1693; x_wconf 89' lang='lat' dir='ltr'>eisque</span> <span class='ocrx_word' id='word_1_538' title='bbox 1531 1660 1651 1687; x_wconf 88' lang='lat' dir='ltr'>mandat</span> <span class='ocrx_word' id='word_1_539' title='bbox 1668 1664 1810 1694; x_wconf 87' lang='lat' dir='ltr'>quatenus</span> <span class='ocrx_word' id='word_1_540' title='bbox 1824 1661 1897 1688; x_wconf 88' lang='lat' dir='ltr'>illud</span> <span class='ocrx_word' id='word_1_541' title='bbox 1912 1662 2006 1689; x_wconf 90' lang='lat' dir='ltr'>eidem</span> <span class='ocrx_word' id='word_1_542' title='bbox 2023 1662 2183 1696; x_wconf 76' lang='lat' dir='ltr'>assignent.</span> 
     </span>
     <span class='ocr_line' id='line_1_71' title="bbox 1190 1707 2186 1742; baseline 0.002 -8"><span class='ocrx_word' id='word_1_543' title='bbox 1190 1721 1222 1726; x_wconf 95' lang='lat'><strong>—</strong></span> <span class='ocrx_word' id='word_1_544' title='bbox 1233 1708 1320 1739; x_wconf 69' lang='lat' dir='ltr'>(Rue.</span> <span class='ocrx_word' id='word_1_545' title='bbox 1334 1707 1377 1740; x_wconf 80' lang='lat'>18,</span> <span class='ocrx_word' id='word_1_546' title='bbox 1393 1708 1413 1734; x_wconf 80' lang='lat' dir='ltr'>t.</span> <span class='ocrx_word' id='word_1_547' title='bbox 1427 1707 1461 1734; x_wconf 83' lang='grc'>97</span> <span class='ocrx_word' id='word_1_548' title='bbox 1474 1710 1513 1740; x_wconf 73' lang='lat' dir='ltr'>r⁶;</span> <span class='ocrx_word' id='word_1_549' title='bbox 1529 1716 1598 1735; x_wconf 88' lang='lat' dir='ltr'>ann.</span> <span class='ocrx_word' id='word_1_550' title='bbox 1614 1709 1666 1741; x_wconf 87' lang='lat' dir='ltr'>IX,</span> <span class='ocrx_word' id='word_1_551' title='bbox 1681 1709 1785 1740; x_wconf 63' lang='grc' dir='ltr'>(3.3»13ς</span> <span class='ocrx_word' id='word_1_552' title='bbox 1801 1724 1832 1728; x_wconf 93' lang='lat'><strong>—</strong></span> <span class='ocrx_word' id='word_1_553' title='bbox 1844 1709 1976 1738; x_wconf 57' lang='lat' dir='ltr'>Monam</span> <span class='ocrx_word' id='word_1_554' title='bbox 1986 1709 2065 1742; x_wconf 84' lang='lat'>1190,</span> <span class='ocrx_word' id='word_1_555' title='bbox 2078 1711 2098 1736; x_wconf 82' lang='lat' dir='ltr'>f.</span> <span class='ocrx_word' id='word_1_556' title='bbox 2110 1709 2186 1741; x_wconf 84' lang='lat'>197.)</span> 
     </span>
    </p>
   </div>
   <div class='ocr_carea' id='block_1_15' title="bbox 1710 1363 2109 1397">
    <p class='ocr_par' dir='ltr' id='par_1_15' title="bbox 1710 1363 2109 1397">
     <span class='ocr_line' id='line_1_72' title="bbox 1710 1363 2109 1397; baseline 0.01 -9"><span class='ocrx_word' id='word_1_557' title='bbox 1710 1363 1841 1396; x_wconf 71' lang='lat' dir='ltr'>viterbo,</span> <span class='ocrx_word' id='word_1_558' title='bbox 1856 1364 1889 1390; x_wconf 85' lang='lat'>15</span> <span class='ocrx_word' id='word_1_559' title='bbox 1903 1365 2018 1397; x_wconf 75' lang='lat' dir='ltr'>janvier</span> <span class='ocrx_word' id='word_1_560' title='bbox 2032 1365 2109 1392; x_wconf 76' lang='lat'>1236.</span> 
     </span>
    </p>
   </div>
   <div class='ocr_carea' id='block_1_16' title="bbox 1232 1807 2186 1846">
    <p class='ocr_par' dir='ltr' id='par_1_16' title="bbox 1232 1807 2186 1846">
     <span class='ocr_line' id='line_1_73' title="bbox 1232 1807 2186 1846; baseline 0.003 -13"><span class='ocrx_word' id='word_1_561' title='bbox 1232 1818 1245 1833; x_wconf 73' lang='grc' dir='ltr'>α</span> <span class='ocrx_word' id='word_1_562' title='bbox 1266 1829 1286 1835; x_wconf 97' lang='grc'>..</span> <span class='ocrx_word' id='word_1_563' title='bbox 1307 1807 1548 1836; x_wconf 78' lang='lat' dir='ltr'>Glaromontensi</span> <span class='ocrx_word' id='word_1_564' title='bbox 1567 1812 1592 1836; x_wconf 80' lang='lat' dir='ltr'>et</span> <span class='ocrx_word' id='word_1_565' title='bbox 1613 1830 1632 1835; x_wconf 94' lang='lat'>..</span> <span class='ocrx_word' id='word_1_566' title='bbox 1653 1809 1811 1837; x_wconf 80' lang='lat' dir='ltr'>Aniciensi</span> <span class='ocrx_word' id='word_1_567' title='bbox 1831 1809 1984 1846; x_wconf 81' lang='lat' dir='ltr'>episcopis.</span> <span class='ocrx_word' id='word_1_568' title='bbox 2010 1808 2091 1838; x_wconf 88' lang='lat' dir='ltr'>Cum</span> <span class='ocrx_word' id='word_1_569' title='bbox 2115 1807 2186 1846; x_wconf 88' lang='lat' dir='ltr'>pal-</span> 
     </span>
    </p>
   </div>
   <div class='ocr_carea' id='block_1_17' title="bbox 1190 1857 2186 1943">
    <p class='ocr_par' dir='ltr' id='par_1_17' title="bbox 1190 1857 2186 1943">
     <span class='ocr_line' id='line_1_74' title="bbox 1190 1857 2186 1895; baseline 0.003 -9"><span class='ocrx_word' id='word_1_570' title='bbox 1190 1857 1278 1887; x_wconf 90' lang='lat' dir='ltr'>leum</span> <span class='ocrx_word' id='word_1_571' title='bbox 1296 1858 1427 1895; x_wconf 81' lang='lat' dir='ltr'>insigne</span> <span class='ocrx_word' id='word_1_572' title='bbox 1443 1875 1489 1887; x_wconf 88' lang='grc'>-.</span> <span class='ocrx_word' id='word_1_573' title='bbox 1504 1859 1577 1888; x_wconf 85' lang='lat' dir='ltr'>Dat.</span> <span class='ocrx_word' id='word_1_574' title='bbox 1589 1859 1742 1894; x_wconf 81' lang='lat' dir='ltr'>Viterhii,</span> <span class='ocrx_word' id='word_1_575' title='bbox 1755 1859 1868 1889; x_wconf 75' lang='lat' dir='ltr'>XVIII</span> <span class='ocrx_word' id='word_1_576' title='bbox 1883 1859 2040 1889; x_wconf 87' lang='lat' dir='ltr'>kalendas</span> <span class='ocrx_word' id='word_1_577' title='bbox 2056 1860 2186 1890; x_wconf 83' lang='lat' dir='ltr'>februa-</span> 
     </span>
     <span class='ocr_line' id='line_1_75' title="bbox 1191 1918 1493 1943; baseline -0.01 -5"><span class='ocrx_word' id='word_1_578' title='bbox 1191 1918 1244 1943; x_wconf 83' lang='lat' dir='ltr'>ru,</span> <span class='ocrx_word' id='word_1_579' title='bbox 1264 1918 1350 1939; x_wconf 84' lang='lat' dir='ltr'>anno</span> <span class='ocrx_word' id='word_1_580' title='bbox 1367 1918 1463 1938; x_wconf 90' lang='lat' dir='ltr'>nono.</span> <span class='ocrx_word' id='word_1_581' title='bbox 1480 1922 1493 1935; x_wconf 72' lang='grc' dir='ltr'>η</span> 
     </span>
    </p>
   </div>
   <div class='ocr_carea' id='block_1_18' title="bbox 1260 2083 1378 2111">
    <p class='ocr_par' dir='ltr' id='par_1_18' title="bbox 1260 2083 1378 2111">
     <span class='ocr_line' id='line_1_76' title="bbox 1260 2083 1378 2111; baseline 0 -1"><span class='ocrx_word' id='word_1_582' title='bbox 1260 2083 1378 2111; x_wconf 68' lang='lat'>8915</span> 
     </span>
    </p>
   </div>
   <div class='ocr_carea' id='block_1_19' title="bbox 1191 2143 2186 2413">
    <p class='ocr_par' dir='ltr' id='par_1_19' title="bbox 1191 2143 2186 2413">
     <span class='ocr_line' id='line_1_77' title="bbox 1225 2143 2185 2180; baseline 0.004 -11"><span class='ocrx_word' id='word_1_583' title='bbox 1225 2143 1368 2178; x_wconf 82' lang='lat' dir='ltr'>Episcopo</span> <span class='ocrx_word' id='word_1_584' title='bbox 1384 2144 1528 2177; x_wconf 83' lang='lat' dir='ltr'>quondam</span> <span class='ocrx_word' id='word_1_585' title='bbox 1545 2145 1729 2177; x_wconf 77' lang='lat' dir='ltr'>Agennensi,</span> <span class='ocrx_word' id='word_1_586' title='bbox 1748 2145 1777 2171; x_wconf 89' lang='lat' dir='ltr'>in</span> <span class='ocrx_word' id='word_1_587' title='bbox 1799 2146 2049 2180; x_wconf 71' lang='lat' dir='ltr'>arehiepiscopum</span> <span class='ocrx_word' id='word_1_588' title='bbox 2067 2147 2185 2180; x_wconf 74' lang='lat' dir='ltr'>Lugdu-</span> 
     </span>
     <span class='ocr_line' id='line_1_78' title="bbox 1191 2192 2184 2227; baseline 0.003 -10"><span class='ocrx_word' id='word_1_589' title='bbox 1191 2199 1310 2218; x_wconf 89' lang='lat' dir='ltr'>nensem</span> <span class='ocrx_word' id='word_1_590' title='bbox 1331 2192 1437 2223; x_wconf 81' lang='lat' dir='ltr'>electO,</span> <span class='ocrx_word' id='word_1_591' title='bbox 1456 2192 1491 2218; x_wconf 89' lang='lat' dir='ltr'>de</span> <span class='ocrx_word' id='word_1_592' title='bbox 1511 2192 1611 2218; x_wconf 85' lang='lat' dir='ltr'>eadem</span> <span class='ocrx_word' id='word_1_593' title='bbox 1631 2201 1659 2218; x_wconf 86' lang='lat' dir='ltr'>re</span> <span class='ocrx_word' id='word_1_594' title='bbox 1677 2192 1821 2223; x_wconf 83' lang='lat' dir='ltr'>scribens,</span> <span class='ocrx_word' id='word_1_595' title='bbox 1838 2193 1971 2219; x_wconf 85' lang='lat' dir='ltr'>concedit</span> <span class='ocrx_word' id='word_1_596' title='bbox 1987 2201 2071 2220; x_wconf 87' lang='lat' dir='ltr'>usum</span> <span class='ocrx_word' id='word_1_597' title='bbox 2088 2194 2184 2227; x_wconf 82' lang='lat' dir='ltr'>pallii,</span> 
     </span>
     <span class='ocr_line' id='line_1_79' title="bbox 1191 2240 2183 2274; baseline 0.002 -9"><span class='ocrx_word' id='word_1_598' title='bbox 1191 2247 1315 2272; x_wconf 89' lang='lat' dir='ltr'>eumque</span> <span class='ocrx_word' id='word_1_599' title='bbox 1328 2242 1426 2266; x_wconf 84' lang='lat' dir='ltr'>monet</span> <span class='ocrx_word' id='word_1_600' title='bbox 1439 2242 1467 2266; x_wconf 91' lang='lat' dir='ltr'>et</span> <span class='ocrx_word' id='word_1_601' title='bbox 1482 2240 1613 2266; x_wconf 84' lang='lat' dir='ltr'>hortatur</span> <span class='ocrx_word' id='word_1_602' title='bbox 1629 2242 1771 2273; x_wconf 77' lang='lat' dir='ltr'>quatenus</span> <span class='ocrx_word' id='word_1_603' title='bbox 1784 2240 1983 2267; x_wconf 83' lang='lat' dir='ltr'>humilitatem</span> <span class='ocrx_word' id='word_1_604' title='bbox 1999 2244 2026 2267; x_wconf 89' lang='lat' dir='ltr'>et</span> <span class='ocrx_word' id='word_1_605' title='bbox 2038 2241 2183 2274; x_wconf 82' lang='lat' dir='ltr'>justitiam</span> 
     </span>
     <span class='ocr_line' id='line_1_80' title="bbox 1191 2286 2186 2322; baseline 0.002 -10"><span class='ocrx_word' id='word_1_606' title='bbox 1191 2286 1307 2313; x_wconf 87' lang='lat' dir='ltr'>studeat</span> <span class='ocrx_word' id='word_1_607' title='bbox 1321 2294 1491 2313; x_wconf 80' lang='lat' dir='ltr'>conservare</span> <span class='ocrx_word' id='word_1_608' title='bbox 1505 2291 1530 2313; x_wconf 86' lang='lat' dir='ltr'>et</span> <span class='ocrx_word' id='word_1_609' title='bbox 1546 2287 1770 2320; x_wconf 75' lang='lat' dir='ltr'>Lugdunensem</span> <span class='ocrx_word' id='word_1_610' title='bbox 1785 2288 1938 2314; x_wconf 81' lang='lat' dir='ltr'>ecclesiam</span> <span class='ocrx_word' id='word_1_611' title='bbox 1953 2288 2146 2322; x_wconf 77' lang='lat' dir='ltr'>spiritualiter</span> <span class='ocrx_word' id='word_1_612' title='bbox 2157 2290 2186 2314; x_wconf 83' lang='lat' dir='ltr'>et</span> 
     </span>
     <span class='ocr_line' id='line_1_81' title="bbox 1191 2334 2185 2367; baseline 0.001 -7"><span class='ocrx_word' id='word_1_613' title='bbox 1191 2334 1391 2367; x_wconf 84' lang='lat' dir='ltr'>temporaliter</span> <span class='ocrx_word' id='word_1_614' title='bbox 1403 2338 1602 2367; x_wconf 76' lang='lat' dir='ltr'>augmentare.</span> <span class='ocrx_word' id='word_1_615' title='bbox 1614 2349 1645 2352; x_wconf 96' lang='lat'><strong>—</strong></span> <span class='ocrx_word' id='word_1_616' title='bbox 1656 2335 1740 2365; x_wconf 64' lang='lat' dir='ltr'>(Rau.</span> <span class='ocrx_word' id='word_1_617' title='bbox 1756 2335 1799 2366; x_wconf 74' lang='lat'>18,</span> <span class='ocrx_word' id='word_1_618' title='bbox 1814 2335 1921 2367; x_wconf 74' lang='lat' dir='ltr'>t.97r⁰;</span> <span class='ocrx_word' id='word_1_619' title='bbox 1935 2336 2067 2362; x_wconf 82' lang='lat' dir='ltr'>ann.1X.</span> <span class='ocrx_word' id='word_1_620' title='bbox 2080 2345 2104 2362; x_wconf 86' lang='lat' dir='ltr'>e.</span> <span class='ocrx_word' id='word_1_621' title='bbox 2117 2336 2185 2366; x_wconf 46' lang='lat'>34&amp;</span> 
     </span>
     <span class='ocr_line' id='line_1_82' title="bbox 1193 2380 1591 2413; baseline 0 -6"><span class='ocrx_word' id='word_1_622' title='bbox 1193 2395 1224 2399; x_wconf 91' lang='lat'><em>-</em></span> <span class='ocrx_word' id='word_1_623' title='bbox 1238 2381 1369 2408; x_wconf 60' lang='lat' dir='ltr'>Monam:</span> <span class='ocrx_word' id='word_1_624' title='bbox 1385 2380 1463 2413; x_wconf 70' lang='lat'>1190,</span> <span class='ocrx_word' id='word_1_625' title='bbox 1482 2382 1500 2407; x_wconf 80' lang='lat' dir='ltr'>f.</span> <span class='ocrx_word' id='word_1_626' title='bbox 1518 2381 1591 2411; x_wconf 80' lang='lat'>198.)</span> 
     </span>
    </p>
   </div>
   <div class='ocr_carea' id='block_1_20' title="bbox 1712 2085 2112 2119">
    <p class='ocr_par' dir='ltr' id='par_1_20' title="bbox 1712 2085 2112 2119">
     <span class='ocr_line' id='line_1_83' title="bbox 1712 2085 2112 2119; baseline 0 -7"><span class='ocrx_word' id='word_1_627' title='bbox 1712 2085 1844 2114; x_wconf 79' lang='lat' dir='ltr'>Viterbe.</span> <span class='ocrx_word' id='word_1_628' title='bbox 1858 2086 1891 2112; x_wconf 86' lang='lat'>15</span> <span class='ocrx_word' id='word_1_629' title='bbox 1903 2086 2019 2119; x_wconf 83' lang='lat' dir='ltr'>jam-ier</span> <span class='ocrx_word' id='word_1_630' title='bbox 2034 2087 2112 2112; x_wconf 74' lang='lat'><strong>1236.</strong></span> 
     </span>
    </p>
   </div>
   <div class='ocr_carea' id='block_1_21' title="bbox 1193 2482 2184 2613">
    <p class='ocr_par' dir='ltr' id='par_1_21' title="bbox 1193 2482 2184 2613">
     <span class='ocr_line' id='line_1_84' title="bbox 1235 2482 2183 2519; baseline 0.001 -13"><span class='ocrx_word' id='word_1_631' title='bbox 1235 2492 1247 2506; x_wconf 78' lang='grc' dir='ltr'>α</span> <span class='ocrx_word' id='word_1_632' title='bbox 1272 2503 1291 2508; x_wconf 88' lang='grc'>.,</span> <span class='ocrx_word' id='word_1_633' title='bbox 1312 2482 1444 2517; x_wconf 82' lang='lat' dir='ltr'>episcopo</span> <span class='ocrx_word' id='word_1_634' title='bbox 1469 2482 1619 2517; x_wconf 77' lang='lat' dir='ltr'>quondam</span> <span class='ocrx_word' id='word_1_635' title='bbox 1651 2482 1838 2518; x_wconf 76' lang='lat' dir='ltr'>Ayennensi.</span> <span class='ocrx_word' id='word_1_636' title='bbox 1867 2484 1897 2510; x_wconf 80' lang='lat' dir='ltr'>in</span> <span class='ocrx_word' id='word_1_637' title='bbox 1925 2483 2183 2519; x_wconf 73' lang='lat' dir='ltr'>archiepiscopum</span> 
     </span>
     <span class='ocr_line' id='line_1_85' title="bbox 1193 2532 2184 2569; baseline 0.002 -10"><span class='ocrx_word' id='word_1_638' title='bbox 1193 2532 1418 2568; x_wconf 68' lang='lat' dir='ltr'>Luydunenscm</span> <span class='ocrx_word' id='word_1_639' title='bbox 1436 2533 1533 2561; x_wconf 77' lang='lat' dir='ltr'>electo.</span> <span class='ocrx_word' id='word_1_640' title='bbox 1549 2532 1628 2561; x_wconf 87' lang='lat' dir='ltr'>Cum</span> <span class='ocrx_word' id='word_1_641' title='bbox 1647 2532 1788 2569; x_wconf 83' lang='lat' dir='ltr'>palleum</span> <span class='ocrx_word' id='word_1_642' title='bbox 1805 2537 1864 2561; x_wconf 79' lang='lat' dir='ltr'>etc.</span> <span class='ocrx_word' id='word_1_643' title='bbox 1878 2550 1925 2560; x_wconf 92' lang='lat'>—.</span> <span class='ocrx_word' id='word_1_644' title='bbox 1943 2534 2015 2562; x_wconf 85' lang='lat' dir='ltr'>Dat.</span> <span class='ocrx_word' id='word_1_645' title='bbox 2031 2533 2184 2561; x_wconf 55' lang='lat' dir='ltr'>vitex-hii.</span> 
     </span>
     <span class='ocr_line' id='line_1_86' title="bbox 1193 2582 1914 2613; baseline 0 -2"><span class='ocrx_word' id='word_1_646' title='bbox 1193 2582 1306 2612; x_wconf 77' lang='lat' dir='ltr'>XVIII</span> <span class='ocrx_word' id='word_1_647' title='bbox 1321 2582 1477 2612; x_wconf 81' lang='lat' dir='ltr'>kalendas</span> <span class='ocrx_word' id='word_1_648' title='bbox 1494 2583 1664 2612; x_wconf 76' lang='lat' dir='ltr'>februarii.</span> <span class='ocrx_word' id='word_1_649' title='bbox 1682 2592 1767 2612; x_wconf 82' lang='lat' dir='ltr'>anno</span> <span class='ocrx_word' id='word_1_650' title='bbox 1786 2592 1882 2613; x_wconf 88' lang='lat' dir='ltr'>nouo.</span> <span class='ocrx_word' id='word_1_651' title='bbox 1902 2596 1914 2608; x_wconf 72' lang='lat' dir='ltr'>n</span> 
     </span>
    </p>
   </div>
   <div class='ocr_carea' id='block_1_22' title="bbox 1197 2822 2187 2951">
    <p class='ocr_par' dir='ltr' id='par_1_22' title="bbox 1197 2822 2187 2951">
     <span class='ocr_line' id='line_1_87' title="bbox 1231 2822 2184 2856; baseline -0.002 -6"><span class='ocrx_word' id='word_1_652' title='bbox 1231 2823 1353 2856; x_wconf 81' lang='lat' dir='ltr'>Majoris</span> <span class='ocrx_word' id='word_1_653' title='bbox 1370 2823 1517 2850; x_wconf 77' lang='lat' dir='ltr'>Ecclesiae</span> <span class='ocrx_word' id='word_1_654' title='bbox 1528 2826 1555 2849; x_wconf 82' lang='lat' dir='ltr'>et</span> <span class='ocrx_word' id='word_1_655' title='bbox 1568 2822 1693 2849; x_wconf 82' lang='lat' dir='ltr'>Sanctae</span> <span class='ocrx_word' id='word_1_656' title='bbox 1704 2822 1816 2849; x_wconf 83' lang='lat' dir='ltr'>Mariae</span> <span class='ocrx_word' id='word_1_657' title='bbox 1827 2822 1863 2848; x_wconf 79' lang='lat' dir='ltr'>ad</span> <span class='ocrx_word' id='word_1_658' title='bbox 1876 2823 1989 2849; x_wconf 81' lang='lat' dir='ltr'>Gradus</span> <span class='ocrx_word' id='word_1_659' title='bbox 2001 2822 2184 2856; x_wconf 78' lang='lat' dir='ltr'>praepositis,</span> 
     </span>
     <span class='ocr_line' id='line_1_88' title="bbox 1197 2867 2187 2903; baseline -0.001 -7"><span class='ocrx_word' id='word_1_660' title='bbox 1197 2877 1249 2895; x_wconf 90' lang='lat' dir='ltr'>nec</span> <span class='ocrx_word' id='word_1_661' title='bbox 1272 2877 1328 2896; x_wconf 91' lang='lat' dir='ltr'>non</span> <span class='ocrx_word' id='word_1_662' title='bbox 1351 2872 1378 2896; x_wconf 86' lang='lat' dir='ltr'>et</span> <span class='ocrx_word' id='word_1_663' title='bbox 1399 2870 1508 2896; x_wconf 84' lang='lat' dir='ltr'>decano</span> <span class='ocrx_word' id='word_1_664' title='bbox 1524 2869 1625 2896; x_wconf 87' lang='lat' dir='ltr'>Sancti</span> <span class='ocrx_word' id='word_1_665' title='bbox 1640 2869 1719 2896; x_wconf 72' lang='lat' dir='ltr'>Petri</span> <span class='ocrx_word' id='word_1_666' title='bbox 1742 2869 1940 2902; x_wconf 74' lang='lat' dir='ltr'>Maguntinis.</span> <span class='ocrx_word' id='word_1_667' title='bbox 1962 2884 1992 2887; x_wconf 97' lang='lat'><strong>—</strong></span> <span class='ocrx_word' id='word_1_668' title='bbox 2009 2869 2073 2903; x_wconf 90' lang='lat' dir='ltr'>qui,</span> <span class='ocrx_word' id='word_1_669' title='bbox 2094 2867 2187 2903; x_wconf 59' lang='lat' dir='ltr'>KYffl-</span> 
     </span>
     <span class='ocr_line' id='line_1_89' title="bbox 1198 2915 2187 2951; baseline -0.001 -7"><span class='ocrx_word' id='word_1_670' title='bbox 1198 2915 1307 2951; x_wconf 80' lang='lat' dir='ltr'>lelmo],</span> <span class='ocrx_word' id='word_1_671' title='bbox 1328 2917 1468 2944; x_wconf 89' lang='lat' dir='ltr'>canonico</span> <span class='ocrx_word' id='word_1_672' title='bbox 1485 2917 1624 2943; x_wconf 81' lang='lat' dir='ltr'>eeclesiae</span> <span class='ocrx_word' id='word_1_673' title='bbox 1641 2916 1742 2943; x_wconf 81' lang='lat' dir='ltr'>Sancti</span> <span class='ocrx_word' id='word_1_674' title='bbox 1759 2917 1901 2944; x_wconf 76' lang='lat' dir='ltr'>Joliannis</span> <span class='ocrx_word' id='word_1_675' title='bbox 1919 2916 2098 2950; x_wconf 80' lang='lat' dir='ltr'>Maguntini,</span> <span class='ocrx_word' id='word_1_676' title='bbox 2118 2919 2187 2943; x_wconf 87' lang='lat' dir='ltr'>nat-o</span> 
     </span>
    </p>
   </div>
   <div class='ocr_carea' id='block_1_23' title="bbox 1674 2761 2112 2791">
    <p class='ocr_par' dir='ltr' id='par_1_23' title="bbox 1674 2761 2112 2791">
     <span class='ocr_line' id='line_1_90' title="bbox 1674 2761 2112 2791; baseline 0.002 -4"><span class='ocrx_word' id='word_1_677' title='bbox 1674 2761 1805 2791; x_wconf 71' lang='lat' dir='ltr'>Viterbc,</span> <span class='ocrx_word' id='word_1_678' title='bbox 1823 2763 1854 2788; x_wconf 88' lang='grc'>13</span> <span class='ocrx_word' id='word_1_679' title='bbox 1868 2762 2019 2789; x_wconf 77' lang='lat' dir='ltr'>decembre</span> <span class='ocrx_word' id='word_1_680' title='bbox 2034 2763 2112 2788; x_wconf 76' lang='lat'>1235.</span> 
     </span>
    </p>
   </div>
  </div>
 </body>
</html>
