2519 3518
178 289 250 320 1069
1018 284 1240 323 0002111110
1263 286 1422 322 ANNEE.
2191 297 2264 326 1070

171 356 255 387 Cum
283 357 396 394 igitur.
423 357 508 387 sicut
532 357 646 396 petitio
671 362 737 394 tua,
765 359 867 388 frater
892 359 1054 397 episcope.
1083 358 1176 387 nobis

173 408 320 439 exhibita
344 410 544 444 continebat,
572 410 771 441 cathedralis
795 411 934 441 ccclesia
955 411 1176 442 Cathauensis

174 461 282 491 nullos
307 462 484 492 servitores
510 462 657 497 haberet,
680 468 788 501 preter
808 464 942 493 unicum
961 464 1174 497 sacerdotem,

175 519 217 544 tu.
240 515 376 552 cupiens
395 524 467 545 eam
484 516 518 544 111
535 515 766 554 spiritualibus
786 521 816 546 et
836 517 1071 555 temporalibus
1088 516 1176 546 ordi-

174 576 263 597 nare.
288 568 321 596 iu
341 568 411 605 ipsa
432 568 543 598 decem
566 569 799 598 canonicorum
822 569 995 605 collegium
1017 569 1174 599 statuisti.

171 620 292 650 creatis
316 620 361 649 ibi
383 620 530 658 quinque
554 621 798 658 personatibus,
826 621 976 651 videlicet
1002 621 1174 651 decanatu.

172 672 389 709 precentoria.
407 672 615 707 cancellaria,
636 673 1172 709 thesaurariaetat-chidiaconatu,

172 724 205 753 in
223 724 413 763 hujusmodi
427 734 564 755 numero
583 726 824 763 computandis,
843 725 883 755 ad
900 726 1175 756 sustentationem

171 777 406 808 canonicorum
422 778 569 816 ipsorum
584 778 798 816 proventibus
813 778 1061 817 quatuordecim
1077 778 1176 809 eccle-

171 832 297 862 siarum
319 832 576 870 parrochialium
597 837 650 862 tue
673 833 816 863 diocesis
840 833 1030 871 assignatis.
1050 834 1174 863 scilicet

170 885 210 915 de
238 885 418 919 Diu-nach..
437 885 580 919 Creth.¹‚
610 886 714 923 Larg.‚
743 885 913 923 Rotbgort,
936 885 1032 921 Clun,
1052 886 1176 916 Keldu-

171 937 346 971 manhach,
373 938 506 973 WVatne‚
531 937 689 972 Bothuer,
715 938 888 974 Scinende,
916 938 1016 969 Olric.
1039 939 1174 974 Dunoft,

169 990 349 1024 Cananshi,
367 991 429 1020 Far
445 995 475 1020 et
490 991 650 1024 Durnes²‚
669 999 732 1029 que
742 991 783 1020 ad
798 990 1009 1020 donationem
1021 996 1122 1025 tuam,
1141 996 1176 1020 ut

169 1043 304 1072 asseris.
324 1042 549 1080 pertinebant3
575 1051 630 1072 sex
655 1052 732 1072 vero
752 1043 835 1073 alias
855 1043 1047 1073 consimiles
1071 1044 1175 1074 eccle-

169 1095 248 1130 sias,
270 1095 422 1125 videlicet
439 1095 618 1126 Cutmalin.
642 1095 733 1131 Loth,
758 1095 921 1126 Ladhern.
939 1096 1050 1129 Wich,
1071 1097 1175 1126 Thor-

168 1156 245 1178 save
263 1154 293 1178 et
310 1149 370 1183 Ra,
385 1148 582 1186 episcopalis
601 1157 714 1178 mense
734 1148 850 1178 usibus
863 1149 1040 1187 deputasti.
1061 1159 1174 1180 earum

169 1201 362 1239 presbiteris
387 1201 630 1231 sufficient-ibus
653 1201 862 1240 portionibus
882 1202 921 1232 de
943 1202 1076 1232 illarum
1100 1212 1174 1241 pro-

168 1254 322 1284 ventibus
349 1254 542 1289 reservatis,
571 1259 666 1292 prout
696 1255 730 1283 in
763 1254 884 1284 litteris
918 1255 982 1285 tuis
1015 1256 1174 1285 confectis

168 1307 284 1337 exinde
306 1307 437 1345 plenius
459 1307 580 1337 dicitur
595 1307 771 1337 contineri.
794 1309 862 1337 Nos
883 1309 985 1346 igitur
1001 1326 1047 1337 —.
1067 1313 1175 1339 atten-

167 1359 282 1390 dentes
300 1360 334 1389 in
350 1359 559 1390 ordinatione
571 1359 761 1398 hujusmodi
774 1369 846 1390 esse
862 1360 982 1390 dictam
1000 1361 1173 1391 ecclesiam

168 1413 363 1448 decoratam.
391 1413 479 1452 quod
500 1422 517 1442 a
541 1417 571 1443 te
595 1422 694 1452 super
719 1413 780 1443 hoe
803 1414 937 1451 provide
962 1414 1086 1444 sactum
1112 1420 1169 1444 est.

167 1466 363 1496 auctoritate
384 1465 563 1504 apostolica
581 1465 816 1496 confirmamus
833 1470 864 1496 et
879 1467 1043 1504 presentis
1060 1467 1174 1505 scripti

167 1519 351 1557 patrocinio
371 1519 627 1549 communimus.
652 1518 745 1549 Nulli
770 1528 847 1557 ergo
870 1524 979 1549 nostre
998 1519 1173 1549 confirma-

166 1571 267 1602 tionis
284 1576 346 1602 etc.
361 1572 395 1603 Si
410 1572 485 1611 quis
502 1576 612 1602 autem
625 1576 686 1601 etc.
698 1571 709 1590 ³
728 1583 740 1598 n

234 1777 354 1804 4424
745 1778 865 1810 Latrau,
883 1779 915 1804 14
931 1778 1099 1805 avri11238.

201 1839 345 1874 Episcopo
361 1838 536 1866 Carnotensi
559 1839 681 1865 mandat
704 1842 849 1873 quatenus
870 1840 1021 1866 Simonem
1040 1840 1171 1872 Morelli,

165 1888 343 1914 monachum
365 1879 489 1920 Majoris
509 1887 685 1914 Monasterii
701 1887 891 1919 Turonensis,
913 1903 946 1906 —
966 1897 1052 1922 quem
1074 1889 1170 1923 Hugo‚

165 1935 295 1969 ejusdem
314 1935 486 1962 monasterii
502 1935 603 1968 abbas,
624 1935 688 1962 sine
704 1944 791 1962 causa
807 1936 980 1963 rationabili
1000 1945 1172 1964 excommu-

167 1985 298 2012 nicatum
322 1984 360 2011 ab
382 1983 482 2010 eodem
511 1984 690 2011 monasterio
717 1985 854 2017 ejecerat,
876 1987 914 2016 et,
935 1989 1060 2019 negante
1084 1986 1170 2012 illum

165 2033 293 2066 ejectum
316 2032 416 2064 fuisse,
440 2033 514 2059 falso
533 2036 698 2059 asseruerat
714 2041 776 2059 esse
796 2033 968 2066 fugitivum,
986 2048 1017 2051 —-
1035 2034 1125 2061 faciat
1140 2034 1171 2061 in

166 2082 267 2109 eodem
281 2081 458 2108 monasterio
474 2081 565 2116 recipi
577 2090 583 2113 ;
596 2082 717 2116 insuper
732 2081 769 2108 ab
781 2081 887 2109 abbate
898 2082 934 2108 de
948 2091 1022 2109 novo
1038 2086 1134 2109 creato
1144 2086 1172 2110 et

166 2139 181 2157 a
198 2134 346 2157 conventu
367 2130 512 2164 praedicti
529 2130 701 2157 monasterii
719 2131 843 2157 satisfiat
864 2131 959 2157 eidem
981 2131 1016 2157 de
1036 2131 1172 2165 expensis

167 2188 239 2213 quas
259 2179 403 2213 legitime,
417 2178 569 2205 occasione
583 2187 686 2206 causae
698 2187 776 2211 suae,
791 2187 820 2205 se
837 2179 940 2206 fecisse
951 2180 1122 2207 ostenderit.
1142 2195 1172 2198 —

167 2229 254 2260 (HEG.
275 2227 318 2259 19,
336 2228 356 2254 f.
371 2227 404 2254 32
420 2230 458 2259 r⁰;
475 2235 545 2253 3110.
567 2227 635 2259 XII,
653 2236 677 2253 c.
694 2227 761 2259 162;
784 2241 815 2245 —
836 2227 969 2255 Monam
985 2228 1063 2260 1192,
1079 2229 1098 2254 f.
1116 2228 1173 2259 20.)

208 2341 221 2355 11
256 2351 274 2357 ..
306 2330 440 2366 episcopo
471 2328 662 2357 Carnotensi.
695 2327 904 2358 Constitutus
936 2328 971 2357 in
1006 2329 1173 2366 presentia

167 2467 245 2497 point
261 2466 295 2490 ici
309 2465 343 2489 de
359 2466 520 2493 rubricelle;
537 2465 732 2490 maislaTable
745 2466 793 2490 des
809 2467 956 2497 rubriques
969 2466 1002 2490 de
1016 2467 1041 2490 13
1053 2466 1114 2490 XII·
1129 2474 1174 2490 an-

167 2510 217 2534 nee
234 2510 314 2540 (REG.
332 2509 368 2540 19,
386 2510 403 2533 f.
417 2515 432 2534 c
445 2511 477 2539 r·)
490 2510 595 2533 tournit
608 2510 634 2533 la
650 2511 740 2534 bonne
753 2510 833 2540 lecon
844 2511 1079 2540 Cathanenfflbus,
1094 2511 1173 2541 lecon

166 2555 221 2578 sort
243 2554 294 2577 mal
315 2554 330 2577 ὲ
351 2561 454 2584 propos
476 2554 600 2584 corrigee
616 2554 677 2584 plus
696 2553 766 2581 tard,
783 2553 890 2585 d’apres
905 2555 930 2578 le
947 2559 1020 2578 texte
1038 2555 1121 2578 sautis
1137 2555 1173 2578 du

166 2599 271 2622 [81111181
281 2598 319 2627 32,
331 2604 366 2622 en
377 2599 661 2622 cathalaunensibus.
673 2598 751 2622 Cette
763 2598 880 2629 meprise
891 2598 959 2622 dans
971 2599 1101 2623 l'adresse
1113 2607 1127 2623 3
1139 2607 1173 2623 80

167 2649 274 2667 comme
290 2642 484 2673 consequence
499 2643 651 2666 remission
667 2642 701 2666 de
717 2643 742 2665 la
757 2643 885 2673 presente
899 2643 971 2666 bulte
979 2643 1092 2667 d'abord
1106 2644 1173 2667 dans

167 2688 207 2711 les
223 2689 321 2710 Vetera
339 2689 526 2710 monumenta
542 2687 733 2710 Hibernorum
752 2689 775 2710 et
787 2689 968 2710 Scotorum...
985 2687 1019 2710 de
1033 2687 1173 2715 ΤΗΕΙΝΕΒ,

167 2732 230 2762 puis
246 2731 315 2754 dans
329 2731 370 2763 185
385 2731 538 2754 calendar-s
552 2730 586 2754 de
599 2730 636 2754 M.
652 2729 745 2754 Buss.

156 2775 161 2778 '
200 2776 222 2799 1.
244 2776 300 2804 Sic,
323 2781 388 2798 sans
409 2774 494 2798 doute
512 2781 583 2805 pour
603 2775 687 2798 crech
712 2774 751 2803 (=
767 2773 876 2802 Criech,
897 2774 965 2798 dans
985 2775 1009 2798 le
1032 2775 1120 2799 comte
1141 2775 1174 2799 de

168 2818 358 2848 sutherland).

198 2861 221 2886 ἱ).
241 2863 279 2887 Le
294 2863 446 2886 manuscrit
457 2865 535 2893 porte
549 2864 665 2891 Dttrues,
680 2861 726 2892 qui
739 2861 796 2886 doit
807 2863 864 2886 etre
880 2862 986 2893 corrige
1003 2869 1036 2886 en
1050 2865 1175 2893 Dur-nes3

168 2907 187 2930 il
208 2907 288 2938 s'agit
305 2906 491 2931 evidemment
506 2906 540 2930 de
560 2909 695 2937 Dur-uess‚
715 2913 762 2930 sur
777 2907 803 2930 la
819 2907 880 2930 cote
895 2907 929 2932 N.
945 2907 981 2930 du
998 2908 1174 2931 suthertaud.

201 2950 223 2974 3.
240 2949 318 2975 Cette
334 2950 412 2981 piene
425 2950 494 2974 n’est
510 2957 558 2981 pas
574 2950 653 2974 datee
669 2950 737 2974 dans
752 2951 777 2974 le
792 2952 926 2980 Registre.

1262 363 1373 387 nostra
1389 358 1528 388 dilectus
1543 359 1630 389 filius
1646 361 1759 390 Simon
1776 361 1913 395 ,Χῖοι-0111,
1931 362 2111 392 monachus
2130 363 2265 402 Majoris

1262 410 1454 440 Monasterii
1473 412 1686 443 Turonensis.
1705 423 1764 443 sua
1788 414 1882 443 nobis
1895 414 2052 452 petitione
2070 415 2264 445 monstravit

1261 463 1356 501 quod,
1377 463 1499 493 dudum
1513 464 1599 494 inter
1616 465 1724 503 ipsum
1740 470 1771 496 et
1788 466 1999 506 H[ugonem]‚
2021 472 2096 497 tunc
2113 467 2264 498 abbatem

1261 515 1367 553 ipsius
1393 517 1595 549 monasterii,
1623 518 1797 556 questione
1821 519 1966 549 suborta.
1995 529 2093 557 super
2119 529 2155 549 eo
2180 520 2266 558 quod

1261 567 1346 597 idem
1365 568 1465 598 abbas
1483 569 1592 606 ipsum
1612 570 1683 599 sine
1701 580 1800 600 causa
1818 571 2018 607 rationabili,
2046 572 2135 601 nulla
2159 573 2266 602 moni-

1263 619 1350 650 tione
1364 621 1535 658 premissa,
1550 623 1868 652 excommunicatum
1881 624 1920 653 ab
1935 624 2046 654 eodem
2064 625 2264 655 monasterio

1261 672 1401 710 ejecerat
1423 673 1592 704 violenter.
1615 679 1746 712 propter
1764 676 1849 714 quod
1871 677 1940 714 ipse
1962 682 2105 706 nostram
2126 677 2265 707 audien-

1261 725 1339 753 tiam
1362 726 1537 763 appellavit
1557 736 1563 755 :
1583 736 1691 756 coram
1714 727 1832 758 dilecto
1849 728 1916 757 tilio
1940 734 2050 758 nostro
2066 729 2259 768 G[uifred0].

1262 777 1348 806 tituli
1364 778 1475 807 Sancti
1492 779 1593 808 Marci
1614 780 1796 817 presbitero
1813 780 1983 816 cardinali,
2000 791 2096 820 quem
2114 782 2263 820 partibus

1261 834 1336 859 tunc
1358 831 1442 868 apud
1460 832 1575 861 Sedem
1592 833 1813 870 Apostolicam
1831 834 2020 863 constitutis
2037 835 2262 865 concessimus

1260 882 1456 920 auditorem,
1475 884 1559 920 idem
1583 885 1683 915 abbas
1707 886 1824 924 ipsum,
1848 896 1945 925 quem
1970 888 2099 924 net-favit
2121 887 2260 925 ejectum

1260 939 1290 964 et
1303 936 1443 965 asseruit
1462 937 1652 973 fugitivum.
1670 939 1838 976 proposuit
1852 939 1885 968 in
1898 939 1984 969 dicto
1997 940 2200 970 ‘monasterio
2214 950 2260 970 re-

1259 988 1322 1025 cipi
1348 997 1410 1018 non
1429 989 1556 1020 debere.
1578 991 1641 1019 nisi
1658 991 1758 1020 salvis
1781 992 1875 1029 penis
1895 997 1925 1021 et
1941 992 2067 1021 ordinis
2084 993 2259 1031 disciplina

1258 1040 1378 1070 debitis
1398 1042 1569 1072 monachis
1588 1043 1751 1080 fugitivis.
1780 1044 1933 1074 Ceterum
1955 1045 2041 1074 idem
2066 1045 2258 1081 cardinalis,

1258 1094 1443 1123 rationibus
1460 1100 1572 1124 contra
1587 1096 1727 1125 eundem
1743 1097 1940 1126 monachum
1958 1097 1997 1125 ab
2013 1098 2126 1127 eodem
2142 1099 2259 1129 abbate

1257 1153 1286 1177 et
1319 1148 1461 1178 Roberto
1494 1150 1665 1180 monacho.
1699 1156 1908 1188 procuratore
1938 1152 2016 1182 dicti
2052 1154 2256 1189 monasterii,

1258 1201 1446 1238 propositis.
1474 1211 1530 1239 per
1553 1212 1635 1240 quas
1658 1203 1766 1241 ipsum
1793 1203 1942 1233 volebant
1973 1210 2120 1235 astruere
2145 1207 2260 1243 fugiti-

1258 1262 1346 1282 vum.
1365 1254 1495 1292 plenius
1513 1255 1703 1290 intellectis,
1722 1256 1842 1294 ipsum,
1857 1266 1954 1294 quem
1966 1266 2023 1294 per
2033 1258 2259 1289 confessiones

1258 1307 1400 1344 partium
1431 1307 1676 1345 deprehendere
1705 1318 1768 1338 non
1797 1310 1901 1347 potuit
1929 1310 2116 1348 fugitivum.
2149 1311 2260 1342 habito

1258 1360 1475 1397 quorumdam
1492 1360 1712 1390 cardinalium
1725 1361 1864 1391 consilio
1876 1361 2040 1400 diligenti.
2054 1363 2094 1393 ab
2106 1373 2156 1393 om
2163 1364 2260 1394 nibus

1258 1412 1609 1442 excommunicationis
1637 1414 1813 1443 sententiis
1847 1424 1928 1452 quas
1960 1415 2065 1445 dictus
2094 1416 2194 1445 abbas
2225 1417 2259 1446 in

1258 1473 1342 1499 eum,
1363 1464 1402 1494 ad
1421 1470 1577 1496 terrorem
1595 1470 1732 1501 tautum,
1754 1476 1788 1496 se
1805 1467 1977 1497 confessus
1995 1468 2100 1497 extitit
2119 1469 2261 1506 promul-

1257 1515 1361 1554 gasse.
1382 1526 1456 1547 cum
1474 1518 1543 1547 suis
1567 1518 1757 1556 patentibus
1778 1519 1898 1549 litteris
1919 1520 2115 1556 absolutum,
2137 1521 2177 1550 ad
2193 1526 2261 1551 sta-

1258 1574 1326 1599 tum
1339 1570 1409 1609 ejus
1420 1570 1610 1608 pristinum,
1629 1571 1771 1601 liberum
1788 1581 1806 1601 a
1823 1572 2038 1609 fugitivorum
2055 1583 2150 1611 pena,
2165 1575 2260 1604 remi-

1257 1623 1311 1652 sit.
1339 1623 1380 1653 ad
1404 1624 1539 1662 majoris
1562 1624 1676 1654 altaris
1700 1625 1806 1662 ipsius
1831 1626 2024 1655 monasterii
2049 1626 2258 1665 obsequium,

1256 1675 1342 1713 quod
1355 1676 1507 1714 fugitivis
1524 1676 1744 1711 interdicitur.
1763 1677 2015 1707 admittendum.
2029 1678 2065 1707 Et
2083 1678 2159 1708 licet
2172 1678 2259 1708 idem

1256 1728 1435 1758 cardinalis
1455 1729 1519 1767 ipsi
1535 1729 1646 1758 abbati
1661 1735 1691 1759 et
1707 1731 1885 1759 conventui
1899 1730 1977 1759 dicti
1991 1731 2184 1761 monasterii
2201 1740 2259 1769 per

1256 1790 1333 1810 suas
1349 1781 1477 1811 litteras
1494 1782 1717 1812 mandavisset
1729 1787 1762 1811 ut
1778 1782 1884 1812 eidem
1899 1783 2070 1813 monacho.
2089 1784 2257 1821 proprium

1255 1843 1320 1864 non
1339 1835 1490 1865 habenti.
1511 1836 1550 1866 de
1566 1845 1630 1874 quo
1646 1836 1817 1866 absolutus
1834 1846 1851 1865 a
1867 1836 1987 1866 debitis
2006 1837 2182 1866 contractis
2200 1846 2258 1875 pro

1254 1888 1445 1926 hujusmodi
1466 1888 1695 1926 prosecutione
1721 1889 1844 1925 negotii
1868 1889 2070 1919 redderetur.
2097 1898 2256 1927 expensas

1254 1941 1478 1971 refunderent.
1504 1950 1586 1979 quas
1610 1946 1740 1979 propter
1763 1941 1833 1971 hoc.
1860 1947 1932 1980 post
1947 1942 2200 1980 appellationem
2217 1942 2257 1972 ad

1254 2003 1314 2023 nos
1331 1994 1570 2032 interpositam,
1587 1994 1774 2024 ostenderet
1786 2003 1820 2024 se
1832 1994 1962 2029 fecisse,
1976 1995 2136 2025 mandans
2154 1995 2258 2025 nichi—

1254 2046 1399 2076 lominus
1429 2069 1446 2074 ..
1475 2046 1601 2075 cantori
1621 2051 1651 2076 et
1677 2046 1724 2086 [..]
1751 2046 1983 2077 elemosinario
2006 2048 2099 2078 Beati
2122 2049 2258 2078 Martini

1254 2100 1459 2130 Turonensis
1479 2104 1513 2129 ut
1527 2108 1582 2129 eos
1601 2099 1640 2128 ad
1654 2099 1688 2128 id
1701 2099 1879 2137 diligenter
1894 2100 2088 2131 inducerent
2105 2106 2134 2131 et
2149 2110 2258 2131 mone-

1255 2158 1339 2187 rent,
1355 2153 1461 2183 eidem
1478 2152 1639 2182 cardinali
1658 2153 1817 2191 quicquid
1833 2161 1931 2191 super
1952 2153 2014 2183 hoc
2032 2155 2188 2184 facerent.
2208 2164 2259 2185 re-

1256 2206 1411 2244 scripturi
1427 2215 1434 2234 :
1454 2209 1562 2235 tamen
1582 2228 1601 2233 ..
1620 2204 1709 2243 prior
1720 2204 1909 2235 claustralis
1925 2210 1957 2235 et
1969 2206 2103 2244 quidam
2121 2206 2178 2236 alii
2193 2215 2260 2237 mo-

1256 2258 1354 2288 nachi
1384 2258 1579 2288 monasterii
1608 2258 1798 2294 memorati,
1829 2262 1907 2287 tunc
1936 2263 2066 2296 pastore
2098 2260 2257 2290 vacantis.

1256 2312 1447 2342 mandatum
1465 2311 1545 2341 dicti
1564 2310 1743 2341 cardinalis
1760 2315 1790 2341 et
1807 2311 2008 2341 monitorum
2024 2312 2171 2350 ipsorum
2189 2321 2259 2342 mo-

1255 2366 1325 2395 nita
1337 2369 1617 2402 contempnentes,
1638 2372 1702 2393 non
1717 2363 1823 2393 solum
1838 2364 1872 2393 id
1884 2364 1992 2394 facere
2007 2373 2071 2394 non
2089 2370 2257 2395 curarunt.

1254 2427 1370 2448 verum
1387 2418 1485 2448 etiam
1504 2417 1590 2447 idem
1613 2417 1701 2455 prior
1721 2417 1754 2446 in
1778 2417 1898 2455 ipsum.
1918 2422 1987 2455 post
2005 2417 2258 2456 appellationem

1256 2470 1295 2499 ad
1323 2479 1382 2500 nos
1411 2469 1652 2507 interpositam.
1682 2469 2034 2499 excommunicationis
2059 2470 2258 2500 sententiam

1255 2523 1457 2553 fulminavit.
1477 2530 1618 2560 eumque
1642 2522 1730 2556 fecit,
1752 2521 1876 2560 absque
1892 2521 2055 2551 mandato.
2076 2527 2109 2551 ut
2124 2522 2256 2557 dicitur,

1258 2598 1278 2604 ..
1296 2575 1424 2605 abbatis
1449 2575 1496 2604 ibi
1515 2574 1553 2604 de
1574 2583 1658 2604 novo
1677 2574 1788 2609 creati,
1817 2582 1875 2612 per
1897 2574 2057 2612 quosdam
2079 2575 2258 2605 monachos

1255 2633 1285 2658 et
1300 2628 1413 2662 laicos,
1432 2636 1497 2657 non
1514 2627 1585 2656 sine
1602 2627 1780 2665 injectione
1796 2635 1955 2655 manuum
1972 2626 2126 2656 violenta.
2141 2627 2258 2657 ferreis

1256 2680 1428 2718 alligatum
1456 2679 1680 2718 compedibus,
1705 2683 1775 2708 arto
1801 2678 1925 2708 carceri
1947 2678 2108 2713 detineri;
2138 2688 2154 2708 a
2180 2688 2256 2717 quo,

1256 2733 1455 2772 propitiante
1473 2731 1623 2767 Domino,
1644 2735 1715 2769 post
1734 2730 1804 2760 dies
1821 2730 1945 2769 aliquot
1962 2730 2133 2765 liberatus,
2151 2731 2191 2760 ad
2205 2732 2259 2761 Se-

1256 2786 1330 2817 dem
1355 2785 1577 2824 Apostolicam
1602 2783 1775 2817 accedens,
1803 2782 1997 2821 supplicavit
2024 2783 2058 2812 in
2083 2783 2143 2812 hac
2167 2789 2258 2821 parte

1257 2839 1322 2869 sibi
1355 2844 1491 2877 paterna
1522 2836 1729 2875 providentia
1760 2835 1942 2865 subveniri.
1969 2835 2126 2865 Volentes
2158 2835 2261 2873 igitur

1257 2891 1358 2921 finem
1375 2891 1543 2928 imponere
1572 2889 1651 2918 dicti
1675 2887 1830 2918 monachi
1853 2887 2022 2917 laboribus
2045 2892 2074 2917 et
2094 2889 2258 2926 expensis,

1255 2943 1451 2973 mandamus
1468 2946 1641 2981 quatenus,
1660 2945 1809 2971 revocato
1825 2940 1859 2969 in
1872 2944 1993 2970 statum
2007 2939 2154 2970 debitum
2168 2941 2259 2979 quic-
