2423 3487
120 309 190 339 1119
840 304 1078 335 REGISTRES
1101 303 1156 332 DE
1179 296 1400 333 GREGOIRE
1425 304 1479 332 lx.

119 376 355 410 malefactores,
372 376 458 414 quod
470 375 533 413 ipsi
546 373 794 411 archiepiscopo
806 371 983 401 restituant
996 369 1123 406 integre

116 429 163 459 sic
180 428 298 463 ablata,
314 433 344 458 et
361 428 399 458 de
416 427 519 457 illatis
533 426 596 456 sibi
609 425 761 464 dampnis
774 428 805 454 et
818 423 972 461 irrogatis
989 420 1123 460 injuriis

116 483 258 513 debitam
281 483 544 512 satisfactionem
566 480 770 518 impendant,
790 487 807 508 a
828 477 995 508 similibus
1014 476 1052 505 de
1070 484 1123 505 ce—

115 540 183 565 tero
199 536 331 573 penitus
351 534 550 568 desistendo,
573 532 693 562 tradita
716 531 781 561 sibi
804 533 965 569 potestate
981 526 1124 566 compel-

116 588 195 623 lant,
212 596 347 617 moneas
364 587 522 617 attentius
548 590 577 616 et
603 585 754 618 inducas,
780 584 869 622 ipsos
888 581 927 612 ad
945 581 989 615 id,
1015 581 1043 610 si
1066 588 1124 609 ne-

116 649 206 670 cesse
222 640 333 675 suerit,
353 648 410 678 per
427 636 782 669 excommunicationis
803 635 837 664 in
861 642 1019 673 personas
1039 636 1070 662 et
1089 631 1123 660 in

117 697 219 722 terras
232 701 345 722 eorum
362 691 531 721 interdicti
544 689 741 724 sententias,
755 686 974 726 appellatione
987 688 1122 715 remota.

115 744 330 783 compellens;
349 749 379 774 et
401 749 435 773 ut
463 744 593 773 facinus
624 747 689 772 tam
717 749 850 771 enorme
874 748 938 769 non
962 738 1068 768 solum
1089 737 1122 766 in

116 798 398 828 committentibus
415 797 582 835 puniatur,
602 795 659 825 sed
680 794 778 825 etiam
796 794 830 823 in
847 790 1124 822 descendentibus

117 850 156 881 ab
175 850 310 885 eisdem,
329 850 474 888 presenti
494 849 624 879 decreto
647 847 828 877 statuimus
851 850 886 875 ut
907 844 1019 874 nullus
1039 843 1124 873 filio-

118 914 190 934 rum
216 913 253 933 ac
278 907 431 941 nepotum
458 910 593 932 suorum
615 910 652 931 ex
679 900 770 930 virili
794 908 874 929 sexu
896 896 1125 937 desce[n]den-

118 958 212 992 tium,
226 956 265 986 ad
280 956 541 986 ecclesiasticum
555 954 699 984 officium
717 962 775 983 seu
790 951 988 982 beneficium
1005 949 1125 979 admit-

120 1015 217 1045 tatur,
232 1010 297 1039 nisi
309 1018 366 1047 per
378 1009 517 1047 gratiam
534 1007 628 1038 Sedis
644 1005 832 1045 Apostolice
847 1003 1035 1043 specialem.
1050 1003 1123 1032 Non

119 1063 269 1094 obstante
295 1062 530 1092 constitutione
554 1065 629 1096 etc..
660 1059 836 1089 dummodo
862 1058 949 1088 ultra
973 1061 1123 1096 quartam

119 1116 168 1146 vel
191 1116 340 1154 quintam
366 1119 426 1144 etc.
452 1116 525 1144 Dat.
543 1113 705 1151 Anagnie,
728 1113 759 1142 11
776 1112 851 1141 idus
875 1110 1019 1148 augusti,
1038 1118 1124 1139 anno

116 1169 320 1199 duodecimo.
344 1181 355 1194 »

185 1320 305 1348 4500

152 1384 264 1417 Populo
285 1383 319 1408 de
342 1382 479 1413 Lariano,
505 1390 641 1408 concessa
657 1381 782 1415 singulis
798 1388 896 1406 eorum
914 1378 1124 1406 decedentibus

115 1433 178 1459 sine
193 1432 253 1458 filio
266 1432 312 1457 vel
328 1431 399 1457 filiis
414 1430 462 1464 qui
478 1430 649 1461 succedant,
663 1429 805 1455 facultate
820 1428 936 1462 legandi
950 1427 1083 1454 ecclesiis
1096 1430 1123 1454 et

116 1480 293 1514 pauperibus
306 1480 437 1513 ipsorum
451 1478 678 1511 consanguineis
692 1478 834 1511 quaedam
849 1477 884 1503 de
896 1477 979 1503 bonis
991 1476 1051 1503 suis
1062 1485 1125 1503 mo-

116 1529 236 1561 bilibus,
250 1528 389 1562 quasdam
405 1527 606 1554 ordinationes
621 1526 728 1558 mittit,
742 1526 897 1560 praecipue
911 1533 997 1559 super
1011 1533 1125 1551 succes—

115 1578 197 1604 sione
211 1577 352 1603 bonorum
370 1575 584 1602 immobilium.
603 1589 634 1593 -—
657 1575 744 1605 (itm.
760 1574 803 1607 19,
823 1575 843 1601 f.
861 1574 894 1600 46
912 1578 949 1605 1*⁰;
971 1582 1040 1600 ann.
1058 1573 1126 1603 XII,

116 1634 141 1652 c.
158 1626 233 1656 227.)

714 1317 844 1351 Anagni,
862 1317 877 1343 9
893 1316 1050 1343 aout1238.

159 1725 170 1739 «
190 1713 301 1750 Populo
320 1714 353 1741 <le
369 1710 539 1750 L(17·ian[o]‚
557 1712 683 1740 Ecclesie
697 1712 826 1740 Romane
841 1711 990 1748 fidelibus.
1010 1710 1094 1740 Cum
1110 1718 1127 1738 a

121 1765 216 1795 nobis
238 1765 360 1803 petitur
380 1771 454 1800 etc.,
478 1773 583 1803 usque
605 1774 611 1792 z
636 1772 787 1798 assensu,
816 1763 958 1801 singulis
981 1766 1126 1792 vestrum

120 1818 370 1854 decedentibus,
396 1817 517 1856 quibus
543 1816 632 1846 filius
661 1825 717 1847 seu
742 1816 804 1845 filii
825 1825 890 1846 non
922 1816 1049 1846 fuerint
1071 1816 1127 1854 qui

122 1871 310 1906 succedant,
328 1870 459 1908 legandi
474 1869 512 1900 de
535 1869 631 1899 bonis
648 1869 718 1899 suis
735 1868 914 1898 mobilibus
931 1868 1082 1898 ecclesiis
1099 1873 1127 1898 et

124 1923 198 1954 aliis
212 1923 277 1962 piis
292 1923 385 1958 locis,
397 1932 433 1952 ac
451 1922 653 1961 pauperibus
671 1931 783 1952 eorum
802 1921 1062 1959 consanguineis
1079 1938 1126 1957 -—,

119 1977 330 2008 concedimus
357 1976 563 2010 facultatem,
597 1975 839 2005 consuetudine
866 1974 1033 2004 contraria
1064 1983 1128 2004 non

120 2030 281 2060 obstante.
299 2028 485 2059 Immobilia
502 2037 579 2058 vero
596 2027 709 2057 omnia
722 2027 761 2057 ad
774 2027 865 2057 curie
881 2036 977 2057 usum
994 2027 1128 2062 cedant,

121 2084 155 2113 in
174 2082 306 2122 quibus,
326 2082 353 2111 si
369 2082 452 2111 forte
470 2081 583 2111 eadem
598 2081 638 2111 ad
653 2090 771 2111 manus
789 2090 866 2111 suas
879 2081 971 2110 curia
989 2081 1061 2119 ipsa
1076 2089 1130 2110 re—

121 2137 224 2166 tinere
241 2135 393 2171 noluerit,
414 2134 648 2173 proximiorem
666 2133 814 2164 defuncti
830 2133 1128 2171 consanguineum,

122 2190 150 2219 si
168 2198 242 2219 cum
258 2188 349 2218 curia
371 2188 498 2226 prefata
519 2186 712 2217 convenerit
731 2191 759 2216 et
783 2186 893 2216 debita
912 2186 941 2216 ei
959 2195 1016 2224 pro
1032 2186 1131 2216 feudo

122 2241 257 2272 servitia
286 2240 393 2270 valeat
419 2239 590 2274 exhihere,
619 2239 739 2269 ceteris
768 2238 919 2268 volumus
950 2239 1129 2269 anteferri:

123 2294 307 2324 districtius
332 2293 524 2322 inhibentes
549 2301 589 2321 ne
616 2291 817 2321 castellanus
837 2291 972 2321 Lariani
997 2292 1054 2330 qui
1074 2301 1131 2330 pro

124 2352 267 2385 tempore
280 2346 392 2381 fucrit,
411 2346 439 2375 si
452 2345 491 2374 ab
504 2344 615 2383 aliquo
630 2349 776 2374 vestrum
789 2353 955 2374 armorum
972 2345 1131 2382 receperit

124 2400 272 2439 pignora,
296 2399 353 2428 illa
379 2397 565 2428 distrahere
589 2397 701 2436 aliqua
723 2397 851 2427 ratione
874 2401 1053 2435 presumat,
1077 2398 1133 2427 sed

125 2453 254 2489 cadem,
275 2452 310 2481 in
336 2460 410 2481 arce
436 2450 591 2488 reposita,
615 2449 655 2479 ad
683 2458 764 2488 opus
790 2449 875 2479 arcis
898 2449 1003 2487 ipsius
1025 2454 1131 2480 teneat

124 2505 266 2535 fideliter
298 2503 535 2534 conservanda.
573 2502 727 2532 Mandato
761 2502 872 2540 Sedis:
883 2502 1071 2540 Apostolice
1099 2502 1132 2531 in

126 2557 280 2589 omnibus
302 2566 432 2595 semper
453 2555 544 2585 salvo
568 2571 617 2583 —.
642 2555 713 2584 Dat.
739 2554 907 2592 Anagnie,
930 2554 958 2584 V
978 2554 1052 2583 idus
1077 2563 1134 2584 au-

124 2611 224 2650 gusti,
244 2619 330 2640 anno
346 2608 550 2639 duodecimo.
577 2619 590 2634 >›

157 2721 260 2744 4501.
292 2731 323 2734 -
354 2716 386 2742 111
414 2715 539 2742 eundem
564 2715 623 2740 fere
653 2713 773 2740 modum
796 2732 816 2741 ..

123 2774 214 2800 usque
233 2765 267 2799 jn
283 2765 383 2791 finem.

841 2713 989 2738 castellano
1010 2713 1134 2745 Lar-iani,

193 2911 317 2939 4502
704 2908 836 2942 Anagni,
853 2907 888 2934 20
900 2910 969 2934 aout
981 2908 1060 2934 1238.

165 2973 274 3002 Abbati
291 2975 320 2999 et
336 2971 495 2999 conventui
511 2969 684 2998 monasterii
701 2969 828 2996 Sanctae
847 2967 962 2996 Mariae
982 2969 1017 2996 de
1034 2969 1134 2998 Gloria

2136 298 2215 328 1120

1205 369 1368 402 Anagnini,
1384 384 1415 387 —
1433 369 1539 403 quibus
1557 368 1719 399 Gilbcrtus,
1733 376 1829 394 comes
1847 367 1883 394 de
1900 366 2045 394 Pambroc
2061 368 2105 398 (=
2121 366 2210 392 Pem—

1206 415 1317 448 broke),
1331 417 1522 443 marescallus
1536 417 1674 450 Angliae,
1688 416 1734 449 jus
1757 418 1929 449 patronatus
1945 414 2020 449 quod
2043 414 2073 440 in
2087 413 2210 440 ecclesia

1205 464 1240 490 de
1257 464 1389 498 Vt'itlege
1412 468 1456 497 (z
1471 465 1611 499 Wittey),
1634 464 1855 491 XVintoniensis
1877 463 2029 496 dioecesis,
2048 462 2210 495 obtinebat,

1206 517 1398 544 concesserat,
1410 528 1440 531 —
1454 513 1588 547 indulget
1601 516 1633 539 ut
1649 513 1690 539 eis
1708 512 1795 539 liceat
1809 511 1839 538 in
1857 511 2066 546 possessionem
2079 511 2210 545 ejusdem

1206 561 1356 594 ecclesiae,
1374 562 1468 595 ipsius
1482 565 1592 588 rectore
1605 561 1727 588 cedente
1739 561 1787 587 vel
1799 560 1968 592 decedente,
1980 559 2101 592 intrare,
2120 567 2212 586 reser-

1206 612 1274 636 vata
1286 610 1416 636 vicariae
1429 618 1556 643 congrua
1572 610 1714 644 portione.
1728 623 1759 627 —
1774 609 1860 640 (Rea.
1875 608 1918 639 19,
1932 609 1951 635 f.
1964 608 1998 635 46
2010 611 2046 640 r⁹;
2061 616 2130 635 ann.
2142 608 2213 640 XII,

1206 666 1230 684 c.
1245 658 1312 690 222&
1331 673 1362 676 —
1377 658 1509 686 MOREAU
1526 658 1605 691 1192,
1623 659 1642 684 f.
1660 657 1726 689 1663
1742 672 1772 676 —
1792 658 1829 683 cf.
1844 664 1939 690 supra,
1956 665 1984 683 n.
2002 656 2176 687 3816-3820.)

1248 778 1260 791 ι(
1282 788 1301 794 ..
1318 766 1417 794 abbati
1440 770 1465 794 el
1485 765 1651 794 conventui
1668 765 1848 794 monasterii
1873 765 1970 793 nostri
1989 764 2099 793 Sancte
2119 764 2217 793 Mario

1206 819 1240 847 de
1255 819 1358 847 Gloria
1370 817 1569 856 Anayrzin[i],
1585 818 1738 847 Floremis
1751 818 1882 846 ordinis.
1893 816 1978 853 Quia
1989 816 2069 847 certi
2081 817 2214 846 511111115ι

1207 875 1238 901 et.
1265 871 1404 901 minime
1431 871 1621 901 dubitamus
1650 870 1890 900 monasterium
1918 873 2066 899 nostrum
2095 870 2214 900 Sancte

1207 924 1311 954 Mai-ie
1331 924 1369 953 de
1391 923 1504 954 Gloria
1529 923 1781 961 Anagnin[um],
1808 922 1895 962 quod
1918 922 2013 952 bonis
2036 922 2219 952 ditavimus

1207 977 1349 1016 propriis
1366 982 1396 1007 et
1411 977 1598 1015 sumptibus
1615 977 1737 1007 nostris
1755 976 1795 1006 ab
1810 976 1892 1014 ipsis
1911 976 2076 1006 ereximus
2095 975 2219 1005 funda-

1206 1031 1338 1066 mentis,
1357 1030 1392 1059 in
1413 1039 1476 1068 qno
1498 1030 1596 1060 etiam
1619 1030 1698 1060 estis
1715 1029 1827 1059 divino
1846 1028 2006 1067 obsequio
2021 1028 2214 1066 mancipati,

1206 1093 1264 1122 per
1280 1092 1317 1113 ea
1331 1092 1393 1122 que
1409 1092 1496 1113 nunc
1509 1083 1659 1113 obtinere
1673 1082 1868 1119 dinoscitur,
1883 1091 1949 1112 non
1960 1090 2056 1120 posse
2072 1090 2216 1120 congrue

1206 1136 1387 1167 sustentari
1410 1146 1415 1165 :
1440 1145 1480 1166 ne
1513 1136 1552 1166 de
1579 1136 1661 1174 ipso,
1692 1145 1750 1174 pro
1775 1135 2041 1165 necessariorum
2072 1134 2218 1172 defectu,

1206 1189 1395 1228 quicquam,
1414 1189 1500 1228 quod
1521 1188 1623 1218 absit!
1647 1188 1755 1219 valeat
1770 1188 1855 1218 votis
1874 1188 1997 1218 nostris
2013 1187 2217 1217 contrarium

1206 1243 1351 1278 evenire,
1370 1242 1558 1273 uberiorem
1576 1242 1641 1272 sibi
1662 1242 1801 1280 gratiam
1823 1240 2027 1280 providimus
2047 1240 2216 1270 exhibere.

1207 1295 1293 1325 Hinc
1316 1300 1366 1325 est
1392 1295 1489 1334 quod,
1511 1304 1584 1325 cum
1609 1295 1750 1325 dilectus
1774 1294 1864 1324 filius
1889 1297 2000 1324 noster
2022 1293 2144 1323 nobilis
2166 1291 2217 1322 vir

1207 1348 1401 1384 Gilibertus,
1420 1357 1529 1378 comes
1544 1348 1581 1378 de
1594 1347 1766 1383 Pambroc,
1785 1345 2002 1376 marescallus
2018 1345 2150 1384 Anglie,
2161 1345 2219 1385 jus

1208 1406 1400 1441 patronatus
1424 1401 1511 1440 quod
1531 1401 1565 1430 in
1583 1401 1723 1431 ecclesia
1740 1401 1778 1430 de
1794 1399 1950 1438 Witlege,
1969 1399 2218 1429 Wintoniensis

1208 1455 1361 1490 diocesis,
1381 1454 1562 1489 obtinebat,
1587 1454 1641 1492 pia
1659 1453 1859 1483 liberalitate
1878 1452 1971 1482 vobis
1993 1452 2123 1482 duxerit
2138 1460 2218 1482 con-

1209 1508 1402 1543 cedendum,
1421 1508 1507 1538 sicut
1526 1507 1560 1536 in
1577 1506 1767 1545 patentibus
1790 1507 1860 1545 ejus
1878 1506 1999 1536 litteris
2015 1505 2217 1540 continetur,

1210 1561 1405 1591 auctoritate
1417 1560 1510 1590 vobis
1522 1559 1729 1598 presentium
1740 1558 1953 1596 indulgemus
1967 1563 2002 1588 ut
2014 1558 2112 1588 lic-eat
2124 1557 2218 1588 vobis

1211 1614 1358 1654 ejusdem
1376 1613 1527 1644 ecclesie.
1546 1613 1653 1651 ipsius
1669 1612 1806 1642 cedente
1823 1611 1874 1641 vel
1886 1611 2063 1641 decedente
2079 1614 2218 1645 rectore,

1212 1666 1454 1706 possessionem
1471 1666 1607 1701 intrare,
1624 1674 1660 1694 ac
1672 1673 1743 1694 eam
1758 1664 1798 1693 ad
1811 1672 1892 1693 usus
1902 1668 2029 1693 vestros
2047 1667 2077 1693 et
2091 1671 2221 1693 monas-

1211 1719 1287 1750 terii
1305 1718 1487 1755 memorati,
1510 1722 1644 1756 excepta
1663 1718 1833 1747 dumtaxat
1853 1716 1975 1746 vicarie
1991 1725 2136 1754 congrua
2150 1724 2221 1755 por-

1213 1773 1311 1809 tione,
1334 1776 1493 1811 perpetuo
1511 1771 1656 1801 retinere
1672 1788 1721 1799 —-.
1739 1771 1812 1800 Dat.
1831 1769 1995 1807 Anagnis,
2012 1769 2097 1799 XIII
2107 1768 2225 1799 kalen-

1213 1826 1269 1856 das
1288 1825 1496 1864 septembris,
1515 1833 1601 1854 anno
1618 1823 1822 1854 duodecimo.
1842 1834 1855 1848 ν»

1284 2030 1402 2058 4503
1794 2028 1924 2062 Anagni,
1939 2028 1971 2054 27
1988 2030 2057 2054 aout
2071 2027 2150 2054 1238.

1249 2092 1394 2126 Episcopo
1413 2091 1567 2123 Albiensi,
1584 2090 1633 2124 qui
1655 2098 1706 2125 pro
1723 2089 1877 2117 abolendis
1892 2090 1927 2116 de
1942 2089 2078 2116 Albiensi
2094 2089 2221 2116 dioecesi

1215 2141 1372 2175 pravitatis
1394 2140 1559 2166 haereticae
1583 2139 1718 2171 maculis,
1735 2139 1868 2173 indigere
1886 2138 2047 2173 plurimum
2068 2137 2222 2165 dicebatur

1215 2190 1338 2217 consilio
1367 2189 1540 2224 peritorum,
1572 2188 1707 2215 concedit
1727 2188 1899 2214 facultatem
1932 2187 2124 2221 dispensandi
2152 2195 2220 2213 cum

1215 2241 1353 2272 quattuor
1367 2246 1401 2264 ex
1425 2237 1518 2271 ipsius
1534 2245 1548 2262 «
1563 2236 1679 2263 clericis
1697 2236 1734 2263 ad
1757 2236 1971 2270 procurandam
1993 2236 2219 2270 ampliationem

1217 2296 1229 2312 ι)
1247 2287 1392 2314 catholice
1408 2286 1474 2313 fidei
1488 2286 1672 2320 opportunis,
1682 2285 1732 2320 qui
1743 2285 1890 2312 defectum
1907 2294 1963 2312 non
1974 2285 2126 2319 patiantur
2139 2286 2221 2311 nata-

1217 2345 1230 2362 »
1248 2337 1321 2363 lium
1338 2337 1386 2362 vel
1400 2336 1498 2367 etatis,
1515 2339 1543 2362 et
1559 2335 1634 2362 alias
1648 2334 1811 2361 honestatis
1823 2342 1856 2361 ac
1871 2334 1995 2361 scientie
2009 2333 2124 2360 meritis
2139 2333 2222 2367 adju-

1217 2393 1231 2411 »
1247 2388 1365 2417 ventur,
1381 2384 1456 2418 qnod
1477 2392 1575 2410 eorum
1597 2383 1734 2418 quilibet,
1754 2386 1850 2417 preter
1864 2383 2037 2410 beneficium
2054 2382 2130 2416 quod
2145 2381 2224 2409 obti—

1218 2443 1231 2459 n
1244 2437 1304 2467 net,
1315 2433 1426 2460 habens
1435 2441 1534 2460 curam
1546 2433 1713 2460 animarum
1725 2432 1927 2464 annexan],de
1938 2432 2022 2465 cujus
2031 2431 2224 2466 proventibus

1219 2491 1232 2508 »
1249 2491 1306 2509 non
1317 2485 1410 2517 potest
1424 2482 1579 2509 commode
1591 2481 1761 2513 sustentari,
1770 2489 1861 2508 unum
1872 2481 1965 2514 aliud,
1982 2481 2111 2507 similem
2122 2488 2223 2507 curam

1219 2539 1232 2557 »
1248 2531 1369 2564 habens,
1386 2530 1410 2557 si
1427 2530 1482 2557 sibi
1501 2530 1644 2557 canonice
1660 2529 1809 2561 offeratur,
1823 2529 1953 2563 recipere
1967 2529 2067 2555 valeat
2083 2536 2096 2553 n
2113 2530 2142 2555 et
2157 2536 2224 2554 cum

1218 2580 1309 2606 altero
1324 2579 1461 2606 retinere.
1488 2594 1519 2597 —
1542 2580 1629 2611 (Rae.
1654 2578 1698 2611 19,
1723 2580 1742 2604 f.
1767 2578 1801 2604 46
1827 2582 1864 2609 r‘';
1887 2586 1956 2604 ann.
1980 2577 2048 2610 XII,
2065 2585 2089 2604 c.
2109 2576 2174 2608 229;
2192 2591 2226 2594 —

1218 2628 1350 2655 Monam]
1364 2627 1443 2660 1192,
1461 2628 1481 2654 f.
1496 2627 1571 2658 169.)

1261 2748 1273 2763 «
1291 2759 1312 2765 ..
1333 2737 1467 2774 episcopo
1481 2737 1625 2766 Albiensi.
1644 2735 1797 2766 Procedit
1818 2744 1855 2765 ex
1878 2733 2064 2764 devotionis
2083 2750 2132 2762 -—.
2151 2734 2232 2763 Dat..

1220 2789 1383 2827 Anagnie,
1400 2790 1446 2820 VI
1462 2789 1622 2819 kalendas
1641 2787 1848 2827 septembris,
1872 2796 1959 2817 anno
1980 2786 2184 2817 duodecimo.
2211 2797 2229 2812 »·

1250 2934 1271 2959 t.
1292 2934 1333 2959 Cf.
1353 2935 1377 2959 le
1394 2935 1563 2966 preambule,
1577 2934 1592 2958 a
1608 2942 1660 2966 peu
1675 2934 1738 2965 pres
1755 2933 1898 2964 identique
1913 2932 1981 2955 dans
1995 2932 2021 2955 la
2036 2932 2133 2960 forme,
2152 2931 2186 2955 de
2201 2932 2228 2955 la

1217 2979 1294 3009 picce
1310 2979 1378 3003 3948.
