2519 3518
151 250 220 280 ¹06¹
993 240 1215 279 nouztssMss
1237 242 1396 290 ᾼΝΝΕΕ.
2167 255 2238 284 ,mm

148 315 221 346 dem
238 316 377 346 ecclesie
398 316 549 351 vertitur,
570 325 626 355 per
651 316 808 347 dilectum
831 317 935 346 filium
960 339 979 345 ..
1002 315 1153 345 abbatem

148 368 261 398 Sancti
287 369 451 400 Samuelis
477 369 515 399 de
542 370 651 400 Monte
676 369 808 404 Gaudii,
836 367 1153 399 Premonstratcnsis

146 420 286 456 ordinis,
317 421 586 452 Jerosolimitane
613 422 766 458 diocesis,
799 426 907 460 partes
938 421 977 451 ad
1009 425 1152 450 nostram

148 474 349 511 presentiam
367 474 462 504 citari
478 475 666 509 fecerimus,
681 474 804 504 eisdem
821 473 1075 512 peremptorium
1094 478 1153 502 ter-

149 526 276 555 minum
301 533 418 556 novem
441 527 618 562 mensium,
641 536 706 566 quo
728 536 785 565 per
801 536 835 556 se
859 526 909 555 vel
926 530 1154 564 procuratores

148 577 284 608 idoneos
302 584 413 609 nostro
431 588 465 609 se
481 584 711 618 presentat-ent
726 579 928 617 conspectui,
947 577 1150 617 pretigendo:

149 631 260 661 eodem
279 631 430 670 episcopo
447 632 480 661 in
496 632 618 670 prefixo
635 632 776 662 termino
792 631 1011 670 personaliter
1027 639 1153 669 compa-

150 688 253 719 rente,
283 688 313 714 et
329 689 400 722 post
418 684 599 722 predictum
619 684 796 714 terminum
816 694 872 722 per
889 693 1012 713 annum
1037 687 1067 713 et
1084 692 1153 713 am-

149 735 236 774 plius
254 741 455 775 expectante,
472 737 584 766 nullus
602 746 658 775 pro
675 741 766 775 parte
783 737 920 767 adversa
937 745 1045 766 coram
1059 736 1153 765 nobis

149 789 332 827 comparuit
346 789 566 827 responsali&
584 789 815 828 propterquod
832 798 931 819 causa
947 789 1017 827 ipsa
1027 797 1152 818 reman-

149 841 192 870 sit
208 841 368 871 hactenus
384 841 542 877 indecisa,
570 842 603 871 in
630 841 777 881 ejusdem
803 841 947 880 episcopi
967 845 998 871 et
1015 840 1153 871 ecclesie

148 894 212 923 sibi
229 895 404 924 commisse
419 903 482 924 non
498 894 661 924 modicum
679 895 897 933 prejudicium
916 899 945 924 et
963 902 1151 931 gravamen.

146 946 303 977 Volentes
326 947 428 985 igitur
450 951 486 976 ut
506 947 583 976 finis
603 947 718 976 litibus
740 947 940 985 imponatur,
958 946 1152 975 mandamus

147 1004 311 1038 quatenus
340 999 480 1038 plebano
510 1003 540 1029 et
569 999 699 1029 clericis
725 999 863 1029 ecclesie
890 999 1087 1037 supradicte,
1116 1007 1153 1027 ac

147 1051 223 1081 aliis
240 1052 378 1082 Venetis
394 1052 674 1082 commorantibus
691 1052 724 1081 in
746 1054 866 1087 Accon,
888 1057 924 1081 ut
940 1052 1026 1081 infra
1052 1051 1152 1080 unius

147 1105 227 1134 anni
250 1105 393 1143 spatium
410 1110 481 1143 post
502 1105 694 1135 citationem
717 1110 813 1141 tuam,
835 1105 921 1143 quod
937 1105 985 1134 eis
1003 1113 1059 1142 pro
1079 1113 1152 1142 per-

146 1158 305 1196 emptorio
325 1157 476 1187 volumus
490 1157 670 1195 assignari,
695 1157 907 1195 privilegium
924 1157 975 1187 vel
989 1157 1043 1195 jus
1063 1156 1153 1185 aliud

146 1210 300 1248 speciale.
328 1210 355 1240 si
381 1210 467 1248 quod
488 1210 623 1245 habent,
647 1210 833 1240 ostendant.
857 1219 958 1248 quare
984 1209 1153 1239 nominato

146 1263 298 1301 episcopo
315 1263 353 1293 de
366 1263 498 1302 juribus
516 1263 759 1301 episcopalibus
775 1263 973 1301 respondere
991 1267 1021 1292 et
1037 1262 1067 1292 ei
1085 1266 1151 1291 tan-

146 1325 244 1354 quam
262 1316 438 1346 diocesano
452 1325 511 1345 suo
526 1316 662 1346 subesse
679 1316 816 1345 minime
836 1316 987 1351 debeant,
1008 1315 1152 1345 auctori-

146 1373 210 1398 tate
229 1373 340 1398 nostra
357 1369 541 1398 districtius
558 1369 733 1407 injungere
750 1377 814 1398 non
831 1369 975 1397 omittas.
994 1368 1152 1407 Alioquin

147 1427 180 1451 tu
207 1426 325 1451 extunc
360 1421 490 1451 eosdem
522 1426 558 1451 ut
586 1421 786 1459 episcopalia
812 1422 889 1460 jura
915 1421 1082 1457 exibeant,
1118 1426 1153 1451 ut

145 1477 313 1509 tenentur,
343 1478 374 1504 et
400 1473 489 1504 velut
515 1474 691 1504 diocesano
716 1483 775 1504 suo
801 1474 975 1504 intendant
1001 1474 1153 1512 episcopo

145 1527 292 1564 sepefato
312 1545 360 1558 —.
381 1526 558 1565 compellas
577 1545 626 1555 —.
644 1528 718 1557 Dat.
740 1527 904 1562 Laterani,
926 1526 1037 1556 idibus
1051 1527 1150 1566 junii,

144 1587 231 1608 anno
247 1579 451 1610 duodecimo.
471 1592 484 1606 »

204 1742 333 1785 ’4412
735 1759 855 1787 Latran.
873 1759 905 1785 13
921 1759 985 1792 juin
1003 1759 1080 1786 1238.

182 1819 292 1846 Abbati
306 1822 335 1846 et
347 1820 507 1847 conventui
524 1820 694 1848 monasterii
706 1821 742 1847 de
756 1821 950 1847 Marmossolo
964 1824 1008 1854 (=
1022 1822 1153 1848 Marmo-

147 1867 261 1902 soglio),
271 1867 478 1895 Cistereiensis
492 1869 614 1901 ordinis,
625 1869 772 1902 signifieat
783 1878 811 1896 se
822 1870 994 1896 confirmare
1007 1874 1153 1904 permuta-

147 1916 257 1943 tionem
268 1918 374 1943 factam
386 1916 559 1950 interipsos,
569 1925 603 1943 ex
616 1925 673 1944 una
683 1921 774 1952 parte,
783 1922 808 1944 et
818 1918 952 1945 abbatem
962 1922 1154 1945 conventum—

147 1973 203 1998 que
223 1965 394 1991 monasterii
411 1965 539 1992 Sanctae
559 1965 672 1992 Mariae
688 1966 723 1992 de
740 1967 851 1995 Gloria.
869 1967 1017 1993 Florensis
1030 1967 1152 1999 ordinis,

147 2012 323 2045 Anagninae
337 2012 489 2045 dioecesis,
506 2021 541 2039 ex
557 2014 660 2046 altera,
676 2021 689 2038 «
706 2013 741 2040 de
754 2014 876 2047 grangia
891 2015 926 2041 de
940 2015 1044 2048 Droga,
1060 2015 1152 2049 posita

149 2068 162 2086 ))
183 2061 214 2087 in
228 2061 392 2088 tenimento
403 2061 588 2096 Nimpliano,
601 2065 629 2088 et
643 2062 832 2096 pertinentiis
846 2063 917 2095 suis,
933 2067 959 2090 et
977 2063 1152 2097 quibusdam

150 2117 164 2135 n
186 2110 416 2144 possessionibus
432 2118 456 2142 i),
479 2109 526 2145 [ab
541 2110 646 2137 abbate
667 2114 693 2137 et
706 2120 861 2137 oeconomo
883 2112 1053 2139 monasterii
1070 2120 1154 2146 prae-

149 2158 222 2185 dicti
239 2158 274 2185 de
291 2158 484 2185 Marmossolo
500 2159 599 2186 abbati
615 2162 642 2186 et
655 2168 811 2186 ceconomo
825 2160 994 2187 monasterii
1011 2161 1154 2194 praedicti

151 2208 278 2234 Sanctae
294 2207 408 2234 Mariae
433 2207 468 2234 de
490 2207 592 2235 Gloria
612 2216 662 2242 pro
680 2208 855 2242 quibusdam
878 2210 1108 2243 possessionibus
1127 2213 1155 2236 et

150 2255 277 2289 quadam
304 2256 446 2289 pecuniae
473 2264 592 2283 summa
620 2255 767 2290 traditis];
796 2257 905 2284 inserto
929 2257 982 2284 sub
1001 2266 1051 2284 sua
1074 2258 1153 2285 bulla

150 2303 343 2330 instrumenti
372 2304 485 2338 publici
513 2304 622 2331 exinde
646 2305 773 2331 confecti
804 2308 912 2332 tenore.
938 2320 969 2323 —
995 2307 1081 2337 (Rae.
1111 2307 1153 2339 19,

149 2352 170 2378 f.
185 2351 219 2378 30
232 2354 269 2383 1³¹3
286 2360 355 2378 ann.
371 2352 438 2384 XII,
453 2361 478 2378 e.
494 2353 567 2383 152.)

190 2464 202 2479 ι(
220 2475 237 2481 .,
252 2454 351 2482 abbati
366 2458 391 2482 et
408 2455 572 2483 conventui
590 2455 768 2483 niomzsterii
783 2455 1030 2489 deMa1·mossolo,
1049 2456 1155 2485 Cister-

148 2507 258 2534 ciensis
280 2507 410 2535 ordinis.
433 2505 515 2536 Cum
537 2515 554 2535 a
572 2506 666 2536 nobis
691 2524 740 2535 —.
764 2507 837 2536 Dat.
857 2508 1022 2537 Laterani.
1044 2508 1155 2538 idibus

146 2557 247 2596 junii,
269 2567 355 2587 anno
371 2558 574 2588 duodecimo.
599 2571 611 2585 »

221 2742 364 2779 [4413]

187 2804 376 2840 [Contractus
392 2806 561 2840 praedictae
580 2807 808 2840 permutationis
827 2807 904 2834 inter
925 2808 1075 2841 praedicta
1097 2817 1155 2835 mo<

153 2854 282 2881 nasteria
303 2854 338 2880 de
363 2853 556 2881 Marmossolo
584 2857 612 2881 et
634 2855 762 2881 Sanctae
783 2855 897 2882 Mariae
921 2855 956 2882 de
976 2856 1076 2883 Gloria
1095 2858 1156 2883 fac—

151 2911 211 2937 tam
234 2903 383 2937 praedicto
402 2903 579 2931 monasterio
596 2904 631 2930 de
647 2904 841 2931 Marmossolo
860 2905 993 2932 tradente
1009 2908 1037 2932 et
1053 2911 1156 2932 eon'ee—

643 2745 772 2779 Anagni.
790 2745 822 2771 12
835 2745 989 2773 decembre
1005 2746 1083 2773 1237.

1236 314 1324 341 dente
1340 316 1520 349 praedictam
1536 317 1686 349 grangiarii
1705 318 1740 344 ‹tr›
1757 318 1860 351 Droga,
1876 328 1940 345 cum
1959 320 2021 353 ejus
2038 321 2238 354 pertinentiis.

1237 366 1264 389 ct
1281 364 1429 397 praedicto
1447 365 1623 391 monasterio
1640 366 1766 392 Sanctae
1783 366 1895 393 Mariae
1913 368 1948 393 ‹le
1968 368 2079 401 Gloria,
2097 370 2236 402 quasdam

1238 412 1431 444 possessiones
1445 417 1469 438 ot
1489 422 1634 440 summam
1651 415 1842 441 ducentarum
1858 416 1955 442 minus
1972 425 2020 443 sex
2039 417 2178 444 librarum
2192 418 2239 443 de>

1238 460 1385 486 nariorum
1404 465 1532 488 senatus.
1552 477 1581 480 —-
1597 463 1684 493 (ltso.
1701 463 1743 490 19.
1762 466 1780 490 1‘.
1799 463 1832 489 30
1846 464 1903 498 ΗΠ

1278 586 1289 599 «
1318 574 1353 603 In
1377 574 1509 604 nomine
1532 576 1676 605 Domini.
1698 577 1813 605 Amen.
1840 578 1934 606 Anno
1958 578 2103 616 ejusdem
2128 580 2241 610 M⁰CC⁰

1239 638 1251 652 »
1276 626 1486 666 XXXVII[⁰].
1506 627 1686 658 indictione
1702 629 1761 663 XI,
1786 630 1996 666 pontificatus
2017 631 2142 660 domini
2158 632 2240 661 Gre-

1239 690 1251 704 »
1276 678 1358 715 gorii
1377 688 1457 717 pape
1476 680 1553 709 noni
1573 690 1659 709 anno
1679 690 1754 710 vero
1773 682 1955 717 undecimo,
1977 692 2088 712 mense
2111 683 2240 713 decr-m—

1238 742 1251 756 »
1277 730 1382 768 b[ris],
1407 732 1458 760 dic
1480 733 1554 762 XII.
1577 734 1667 763 Inter
1691 734 1835 763 donnum
1862 735 1994 770 Mirum,
2016 736 2239 765 veneraliilczw

1239 796 1250 809 »
1276 783 1439 820 abluite—m,
1457 789 1485 814 et
1503 785 1648 815 donnum
1663 787 1858 823 Gregorium
1877 787 2103 817 Malae-ensem.
2124 797 2239 826 ycono-

1239 848 1251 862 »
1277 846 1364 865 mum
1390 838 1583 866 monasterii
1610 840 1728 868 Sancte
1747 839 1849 868 Mai-ie
1874 839 1912 869 de
1940 841 2182 870 Marmossolo¹.
2201 841 2239 870 ad

1238 901 1250 914 »
1277 890 1550 926 permutationem
1570 891 1755 920 faciendam
1776 891 1880 929 ipsius
1904 893 2097 922 monasterii
2118 902 2241 931 ycono-

1239 953 1250 966 »
1277 950 1365 970 mum
1406 941 1552 979 legitime
1590 943 1817 978 constitutum,
1853 944 1938 973 sicut
1977 945 2152 982 apparebat
2184 956 2242 983 per

1239 1006 1250 1019 »
1276 993 1443 1031 publicum
1475 995 1733 1025 instrumentum
1764 997 1947 1025 confectum
1982 1006 2038 1034 per
2067 997 2241 1027 Bartholo-

1239 1059 1250 1071 »
1276 1054 1398 1083 meum,
1415 1047 1628 1076 scriniarium
1645 1048 1918 1078 Sarminitanum.
1942 1054 1971 1078 et
1992 1050 2079 1078 ints-1·
2095 1050 2239 1079 donnum

1239 1111 1250 1123 »
1277 1098 1502 1128 Benedictum.
1524 1100 1745 1129 venerabilem
1765 1101 1914 1129 abbatem
1935 1102 2052 1131 Sancte
2077 1103 2179 1133 Maria¹
2203 1103 2241 1133 ‹lar-

1238 1163 1250 1176 ³>
1275 1151 1398 1185 Gloria,
1431 1156 1461 1181 et*
1491 1152 1624 1182 fratrem
1656 1154 1789 1182 Petrum
1820 1154 1858 1183 de
1891 1155 2010 1189 Mori-a,
2044 1164 2241 1193 yconomum

1238 1216 1249 1229 »
1276 1204 1380 1242 ipsius
1408 1206 1602 1234 monasterii
1636 1206 1675 1235 ad
1703 1206 1935 1244 perficiendam
1967 1208 2241 1245 pei-11mtation‹·rn

1238 1268 1249 1282 »
1276 1257 1503 1287 constitutum.
1537 1263 1630 1295 prout
1665 1268 1722 1296 per
1756 1259 2014 1289 instrumentum
2051 1270 2067 1289 a
2098 1261 2243 1298 predicto

1238 1321 1250 1334 ι)
1274 1309 1449 1339 scriniario
1475 1311 1660 1340 confectum
1687 1312 1874 1349 apparcl‘tat,
1899 1317 2086 1342 contractus
2112 1322 2242 1351 permu-

1238 1374 1250 1388 »
1277 1362 1423 1397 tationis,
1454 1363 1626 1401 utriusque
1652 1365 1844 1393 monasterii
1867 1365 2011 1394 utilitate
2036 1371 2183 1403 pensata.
2209 1366 2241 1395 in

1238 1427 1250 1441 n
1277 1415 1442 1453 presentia
1471 1416 1535 1445 mci
1561 1417 1729 1446 scriniarii
1761 1422 1790 1446 et
1818 1417 2077 1456 subscriptorum
2111 1419 2241 1448 testium

1238 1480 1250 1494 ι)
1276 1468 1338 1497 fuit
1356 1468 1704 1507 talitersollempniter
1717 1470 1913 1500 celebratus.
1926 1471 2092 1500 Dederunt
2111 1472 2243 1510 quidem

1239 1515 1263 1547 1>¹
1277 1525 1307 1550 et
1326 1530 1382 1559 per
1399 1521 1459 1550 hoc
1477 1521 1736 1551 instrumentum
1754 1523 1971 1552 investientes
1992 1523 2194 1553 tradiderunt
2214 1528 2245 1553 et

1238 1585 1250 1599 »
1276 1579 1522 1603 concesserunt.
1538 1574 1670 1604 nomine
1684 1575 1947 1612 permutationis,
1962 1577 2133 1605 memorati
2145 1576 2246 1605 abbas

1238 1638 1251 1652 »
1277 1631 1305 1656 et
1324 1635 1505 1665 yconomus
1523 1627 1561 1656 dc.
1579 1627 1794 1657 Marmossolo
1811 1628 1991 1658 nominatis
2008 1629 2118 1658 abbati
2138 1634 2166 1658 ct
2184 1629 2246 1659 ico-

1239 1692 1250 1705 »
1277 1684 1394 1709 nomo²
1421 1680 1614 1709 monasterii
1637 1681 1754 1710 Sancte
1777 1681 1880 1710 Mai-ie
1904 1681 1942 1711 de
1959 1681 2081 1717 Gloria,
2106 1682 2144 1711 ad
2165 1691 2246 1720 opus

1240 1744 1251 1757 »
1277 1736 1307 1761 et
1325 1732 1502 1762 utilitatem
1525 1733 1631 1770 ipsius
1655 1734 1848 1762 monasterii
1875 1734 2123 1771 recipientibus.
2149 1744 2246 1769 :aran-

1239 1797 1251 1811 »
1277 1786 1363 1823 giam
1382 1786 1419 1815 de
1438 1787 1557 1823 Droga,
1576 1786 1716 1824 positam
1734 1787 1766 1814 in
1786 1787 1966 1816 tenimento
1983 1787 2183 1825 Nimphano.
2205 1788 2245 1817 ad

1241 1851 1253 1864 n
1279 1838 1517 1867 monasterium
1533 1839 1570 1867 de
1585 1839 1800 1868 Marmossolo
1817 1839 1997 1878 plenojure
2012 1841 2245 1877 pertinentem.

1241 1904 1253 1917 »
1279 1900 1351 1920 cum
1370 1891 1523 1920 omnibus
1547 1891 1814 1928 possessionibus
1832 1896 1861 1921 et
1880 1893 2082 1921 tenimentis.
2101 1893 2198 1922 cultis
2216 1898 2248 1922 ct

1240 1956 1251 1969 »
1277 1943 1424 1972 incultis.
1447 1943 1552 1972 silvis.
1572 1943 1714 1981 pascuis,
1737 1944 1849 1981 pratis.
1869 1944 1975 1982 aquis.
2000 1944 2244 1974 venatismibus.

1240 2009 1252 2022 »
1278 1996 1444 2034 piscariis,
1456 1996 1668 2034 uliticumt‘1ue,
1683 1996 1715 2024 in
1729 1997 1911 2025 tenimento
1928 1997 2074 2034 predicto
2086 1997 2135 2025 vel
2152 1997 2243 2027 alibi.

1238 2062 1250 2075 »
1277 2049 1316 2079 ad
1339 2049 1444 2087 ipsam
1473 2049 1644 2086 grang-riam
1667 2049 1716 2079 vel
1739 2059 1851 2079 eorum
1876 2051 2091 2080 monasterio.
2118 2051 2245 2080 ratione

1239 2113 1252 2127 »
1277 2102 1382 2140 ipsius
1400 2102 1548 2139 grangia
1569 2111 1776 2140 quocumque
1795 2102 1888 2132 modo
1911 2103 2166 2140 pertinentiluis,
2188 2112 2247 2133 nce

1240 2167 1252 2180 »
1278 2163 1343 2184 non
1360 2159 1390 2184 et
1407 2163 1480 2184 cum
1503 2154 1658 2184 omnibus
1678 2155 1810 2193 juribus
1831 2160 1859 2184 et
1885 2155 2072 2185 actionibus
2094 2165 2156 2194 que
2181 2156 2244 2185 sibi

1240 2219 1252 2233 »
1278 2207 1311 2236 in
1328 2207 1416 2237 dicta
1432 2207 1569 2244 gran-gia
1587 2206 1636 2236 vel
1650 2207 1713 2245 ipsi
1729 2207 1876 2244 grang-ie.
1895 2216 2101 2245 quacumque
2118 2208 2245 2237 ratione

1241 2271 1252 2284 »
1278 2259 1329 2288 vel
1346 2259 1451 2288 modo.
1476 2259 1716 2297 competierint‘
1728 2259 1777 2288 vel
1794 2259 1948 2297 deinceps
1966 2265 2150 2298 competere
2170 2270 2245 2298 pos-

1240 2324 1252 2337 »
1279 2316 1362 2341 sent.
1387 2312 1492 2348 Quam
1514 2312 1647 2350 quidem
1671 2312 1853 2349 grangiam.
1879 2322 1951 2341 cum
1969 2314 2122 2343 omnibus
2146 2314 2247 2351 perti-

1241 2377 1252 2390 »
1279 2364 1403 2394 nentiis
1430 2369 1461 2394 et.
1484 2364 1617 2403 juribus
1647 2365 1728 2399 suis,
1759 2370 1793 2394 ut
1825 2365 1948 2394 dictum
1980 2371 2039 2395 est.
2074 2367 2244 2395 memorati

1240 2428 1252 2442 »
1278 2417 1378 2446 abbas
1395 2422 1425 2447 et
1440 2426 1622 2455 yconomus
1636 2417 1674 2447 de
1688 2417 1903 2447 Marmossolo
1918 2427 1951 2447 se
1969 2419 2100 2447 nomine¹
2115 2428 2246 2447 monas-

1240 2481 1251 2495 »
1279 2469 1353 2499 terii
1371 2470 1489 2499 Sancte
1507 2470 1609 2499 Mai-ic
1627 2470 1665 2499 de
1683 2469 1795 2499 Gloria
1814 2470 1982 2507 possidere
2002 2471 2244 2501 constituerunt

1240 2534 1252 2547 »
1278 2527 1309 2551 et
1333 2522 1482 2560 precario
1509 2527 1697 2552 tenuerunt.
1727 2522 1829 2551 donec
1856 2523 1978 2551 dictum
2007 2524 2244 2552 monastvrinm

1240 2588 1252 2601 υ
1278 2576 1396 2605 Sancte
1422 2575 1525 2605 Marie
1543 2575 1581 2605 de
1600 2575 1712 2605 Gloria
1736 2575 1864 2612 plenam
1889 2580 1917 2604 et
1939 2575 2121 2613 legitimam
2141 2576 2246 2613 ipsius

1240 2640 1252 2654 »
1278 2629 1426 2666 grangie.
1445 2628 1691 2666 possessionum
1710 2633 1739 2657 ct
1755 2628 1881 2666 jurium
1899 2636 2043 2657 suorum.
2062 2629 2158 2657 t'uerit
2177 2638 2246 2666 pos-

1240 2692 1253 2706 »
1279 2681 1462 2710 sessionem
1490 2681 1654 2718 adeptum.
1683 2680 1798 2709 dantes
1822 2685 1850 2709 ct
1877 2680 2093 2709 concedentes
2120 2681 2243 2709 eisdem

1273 2820 1291 2843 1.
1310 2819 1351 2843 On
1368 2823 1514 2842 rencontre
1537 2822 1784 2847 concurremment,
1807 2818 1875 2841 dans
1897 2822 1966 2841 cette
1988 2818 2071 2847 picce.
2092 2819 2129 2841 les
2147 2819 2246 2841 formes

1239 2865 1433 2891 Marmossolo,
1450 2863 1623 2890 Μανιηοεοίἰ,
1640 2863 1823 2885 Marmosozii.

1272 2907 1295 2931 ⁶2.
1312 2909 1367 2936 Sic,
1384 2907 1398 2930 a
1413 2911 1455 2931 cet
1472 2907 1593 2935 endroit;
1611 2911 1720 2936 partout
1737 2907 1848 2929 ailleurs
1863 2913 1868 2929 z
1887 2913 2051 2935 yconomus.
