2423 3487
141 297 179 327 43
485 319 489 322 .
860 292 1096 323 Rnfflsrnns
1119 291 1173 320 DE
1196 282 1417 320 GREGOIRE
1441 290 1499 319 ix.
2189 290 2227 318 44

146 363 252 390 etesiae
277 362 441 389 Cloniensis
464 369 587 394 congrue
612 360 758 394 provideri
782 360 902 386 faciant.
927 374 957 377 ——
981 359 1066 389 (Rae.
1092 357 1140 385 18,

144 412 164 437 f.
181 410 214 437 18
229 414 269 441 r⁰;
284 419 352 436 ann.
370 410 421 438 IX„
437 418 460 435 c.
476 409 526 440 40;
542 423 572 426 —
590 409 744 435 Pommsw
757 408 848 439 9889.)

186 521 198 534 ιι
217 531 238 536 ..
256 509 478 545 archispiscopo
498 506 736 545 Artlmaclmnjo]
758 512 783 535 et
803 529 822 534 ..
841 508 973 544 episcopo
991 507 1141 541 Cloinscr-

147 562 232 590 tensi.
251 559 457 589 Venerabilis
476 559 578 587 frater
592 563 703 588 noster
717 575 766 586 —.
784 559 857 587 Dat.
875 558 1021 592 Pemsii,
1039 558 1067 586 V
1081 557 1140 586 ka-

142 612 255 642 lendas
272 612 361 645 maii,
379 620 464 640 anno
481 620 577 640 nono.
600 622 612 636 »

212 781 328 809 2534

173 843 402 877 Archiepiscopo
418 842 593 869 Eboracensi
610 842 771 876 postulanti
787 842 955 876 respondet,
978 857 1008 860 -—
1030 842 1054 868 si
1075 842 1140 876 qui—

140 891 207 918 dam
235 894 360 917 rectores
389 890 602 925 parochialium
633 891 823 916 ecclesiarum
850 899 918 916 suae
943 890 1083 917 dioecesis
1110 890 1140 916 in

696 781 831 813 Perouse,
847 780 880 806 28
896 781 971 807 avril
991 780 1068 807 1235.

138 939 417 974 quasi-possessione
441 942 523 965 erant
548 939 728 972 percipiendi
754 938 884 965 decimas
904 938 939 964 de
963 939 1139 972 quibusdam

139 988 224 1014 terris
245 996 259 1014 a
280 987 423 1021 religiosis
441 987 579 1020 possessis
595 990 622 1013 et
642 987 677 1013 ad
694 987 840 1013 culturam
861 987 1002 1020 redactis,
1020 996 1051 1013 co
1064 989 1140 1013 tem—

136 1044 204 1070 pore
220 1044 274 1069 quo
287 1036 377 1061 iidem
394 1035 522 1067 religiosi
536 1035 723 1061 obtinuerant
739 1035 929 1069 privilegium
946 1035 1139 1069 apostolieum

139 1092 224 1117 super
235 1083 424 1110 immunitate
436 1083 617 1110 decimarum
630 1084 664 1109 de
676 1084 841 1116 novalibus,
853 1092 944 1118 —per
956 1084 1033 1110 idem
1046 1084 1139 1118 privi-

136 1132 244 1165 legium
263 1132 384 1163 [eosdem
399 1132 555 1165 religiosos]
574 1141 630 1158 non
644 1141 704 1158 esse
717 1141 733 1158 a
747 1133 943 1166 praestatione
956 1133 1137 1159 decimarum

138 1179 173 1206 de
189 1180 274 1206 terris
289 1180 448 1214 praedictis
464 1184 623 1214 exemptos.
640 1195 670 1201 —-
686 1182 771 1213 (Hm.
788 1182 836 1214 18,
854 1182 873 1207 i.
893 1181 926 1207 18
942 1184 981 1214 r”;
998 1190 1067 1208 ann.
1085 1181 1137 1213 IX,

136 1236 160 1254 c.
176 1228 231 1258 417)

178 1340 190 1354 α
211 1351 230 1356 .,
247 1329 470 1366 archiepiscopo
489 1330 679 1358 Eboracensi.
700 1330 854 1367 Exposita
876 1330 970 1359 nobis
996 1335 1047 1359 tue
1070 1331 1138 1360 fra-

139 1380 303 1410 ternitatis
321 1381 436 1418 petitio
453 1381 640 1410 continebat
657 1382 760 1420 quod,
782 1391 870 1417 cum,
890 1383 978 1413 inter
993 1389 1137 1413 rectores

139 1430 396 1469 parrochialium
410 1432 635 1467 eeclesiarum,
655 1442 691 1462 ex
704 1438 795 1471 parte
815 1443 892 1469 una,
915 1439 946 1464 et
962 1434 1137 1472 religiosos

138 1487 190 1513 tue
210 1483 362 1519 diocesis,
383 1494 420 1513 ex
436 1484 549 1520 altera,
568 1495 677 1515 coram
694 1490 723 1516 te
743 1495 840 1524 super
857 1487 994 1517 decimis
1015 1488 1054 1517 de
1071 1492 1136 1517 ter-

135 1536 183 1565 ris
200 1536 239 1565 ab
256 1537 380 1566 eisdem
395 1537 561 1575 religiosis
576 1539 740 1576 possessis
757 1544 787 1568 et
802 1548 860 1577 per
876 1540 965 1578 ipsos
981 1541 1021 1570 ad
1032 1541 1135 1570 cultu-

136 1598 206 1618 ram
222 1589 260 1619 de
277 1598 360 1619 novo
378 1590 530 1626 redactis,
549 1600 630 1630 quas
642 1596 786 1622 rectores
799 1593 938 1630 predicti
950 1594 1085 1631 exigunt
1096 1594 1136 1624 ab

136 1641 272 1677 eisdem,
295 1647 405 1671 exorta
426 1643 563 1673 materia
584 1645 784 1681 questionis,
808 1646 970 1675 nominati
986 1647 1136 1685 religiosi

133 1694 346 1732 privilegium
371 1695 533 1733 quoddam
561 1696 776 1734 apostolicum
806 1707 903 1736 super
925 1699 1135 1730 immunitate

134 1746 337 1776 decimarum
354 1748 391 1777 de
411 1748 582 1778 novalibus
600 1750 647 1779 eis
664 1760 872 1786 concessum,
896 1761 953 1790 per
974 1753 1059 1791 quod
1079 1763 1135 1783 su-

133 1808 191 1837 per
206 1799 273 1829 hiis
290 1809 324 1829 se
341 1801 426 1830 tueri
444 1801 606 1837 nituntur,
624 1802 799 1841 injudicio
815 1805 1048 1841 ostendissent,
1064 1816 1135 1836 rec-

136 1857 223 1882 tores
237 1853 358 1890 prefati
375 1853 409 1882 in
427 1855 628 1884 contrarium
646 1862 886 1894 proposuerunt
901 1858 984 1887 illud
999 1860 1134 1897 privile-

134 1905 225 1942 gium
255 1914 309 1935 eos
334 1906 369 1934 in
396 1906 456 1936 hac
483 1912 574 1945 parte
602 1917 666 1938 non
695 1919 790 1947 posse
817 1912 915 1947 tueri,
945 1921 1018 1942 cum
1050 1918 1134 1944 terre

132 1958 287 1995 predicte,
309 1963 484 1997 antequam
500 1961 729 1997 pervenissent
747 1963 787 1991 ad
802 1963 890 2001 ipsos
903 1970 933 1994 et
948 1975 1006 2003 per
1021 1975 1077 1996 eos
1094 1968 1134 1997 ad

131 2010 293 2039 culturam
317 2011 445 2042 redacte
471 2013 629 2049 fuissent,
655 2016 894 2052 premissarum
918 2018 1134 2049 ecelesiarum

133 2065 312 2095 existerent
329 2067 517 2097 decimales.
535 2069 642 2104 Quare
667 2071 729 2100 suit
754 2081 770 2100 a
795 2072 891 2103 nobis
913 2082 949 2103 ex
970 2080 1061 2112 parte
1079 2080 1133 2106 tua

131 2118 303 2148 humiliter
326 2120 527 2157 postulatum
555 2126 601 2157 ut,
629 2123 707 2161 quid
735 2125 793 2153 tibi
822 2134 920 2164 super
942 2127 1133 2166 hujusmodi

129 2172 260 2209 negotio
277 2173 317 2201 sit
335 2174 508 2210 agendum,
527 2176 707 2206 certificare
729 2182 758 2208 te
782 2188 841 2216 per
859 2184 989 2211 nostras
1004 2181 1132 2213 litteras

131 2224 353 2262 dignaremur.
371 2227 438 2256 Nos
454 2228 556 2265 igitur
570 2230 805 2261 consultationi
823 2237 875 2262 tue
891 2234 1051 2265 relatione
1063 2246 1132 2274 pre-

131 2279 275 2308 sentium
294 2279 402 2309 taliter
418 2282 654 2319 respondemus
671 2284 767 2322 quod,
791 2286 819 2315 si
834 2292 978 2318 rectores
994 2290 1133 2326 predicti

131 2331 166 2360 in
183 2332 502 2370 quasi-possessione
519 2336 722 2374 percipiendi
741 2338 779 2369 de
793 2340 961 2378 Jaindictis
975 2343 1071 2372 terris
1081 2344 1132 2373 de-

132 2385 234 2414 cimas
251 2386 444 2423 existebant,
464 2398 499 2418 eo
517 2394 659 2428 tempore
677 2401 740 2430 quo
756 2392 905 2430 religiosi
927 2396 1046 2432 prefati
1068 2397 1131 2434 pri-

129 2438 287 2476 vilegium
304 2440 475 2471 obtinuere
492 2444 689 2480 predictum,
713 2454 771 2483 per
788 2445 871 2476 illud
892 2456 911 2476 a
929 2450 1131 2486 prestatione

130 2491 331 2522 decimarum
348 2493 385 2523 de
404 2495 498 2525 terris
514 2497 706 2535 prescriptis
719 2499 855 2530 minime
868 2505 945 2530 sunt
959 2503 1129 2540 exempti1.

129 2546 203 2575 Dat.
221 2545 362 2583 Perusii,
384 2548 450 2577 1111
466 2548 623 2580 kalendas
640 2551 731 2586 maii,
752 2561 838 2582 anno
854 2562 952 2583 nono.
970 2567 982 2580 »

200 2725 318 2756 2535
716 2732 852 2766 Perouse,
869 2733 884 2759 3
903 2733 962 2760 mai
978 2734 1056 2761 1235.

164 2788 314 2816 Fidelibus
328 2791 498 2819 christianis
515 2796 616 2820 notum
634 2795 705 2822 iacit
721 2804 764 2828 se,
781 2796 817 2822 ad
838 2797 989 2831 exemplar
1005 2798 1127 2831 Calixti,

161 2902 182 2924 1.
198 2902 217 2925 ll
234 2904 289 2927 saut
306 2907 527 2935 sous-entendre,
544 2915 648 2931 comme
662 2910 732 2938 sujet
749 2910 782 2932 de
795 2913 862 2933 sunt
879 2913 1000 2940 exempti
1017 2921 1023 2934 .-

127 2947 260 2974 reliyiosi.

1041 2914 1126 2935 iidem

1223 356 1359 389 Eugenii,
1372 355 1548 388 Alexandri,
1565 355 1740 388 Clementis,
1756 355 1927 389 Coelestini,
1945 356 2111 383 Innocentii
2124 358 2153 383 et
2165 356 2230 383 Ho-

1223 404 1298 430 norii
1313 407 1335 437 ¹,
1359 404 1613 438 praedecessorum
1639 412 1756 430 suorum
1769 425 1775 436 ,
1800 404 1919 432 Judaeis
1943 405 2134 438 protectionis
2158 413 2227 432 suae

1223 453 1351 486 clipeum
1365 452 1528 486 indulgere,
1541 455 1569 479 et
1580 452 1722 486 quaedam
1738 455 1849 479 statuta
1861 453 1892 479 in
1906 461 2005 480 eorum
2018 453 2149 480 favorem
2160 461 2228 488 pro-

1222 501 1488 534 mulgat.—(R1·:G.
1506 500 1549 533 18,
1567 501 1587 527 f.
1602 500 1635 527 18
1649 504 1687 533 νος
1703 509 1772 528 ann.
1787 501 1840 534 IX,
1855 509 1880 528 o.
1895 501 1943 533 42;
1956 516 1988 519 —
1999 501 2133 529 MonEAu
2146 501 2227 534 1190,

1222 550 1242 576 f.
1257 550 1300 582 17,
1317 557 1348 574 er
1363 549 1522 582 mynczam,-
1538 564 1570 567 —
1586 549 1743 576 Porrnxsr
1757 549 1843 582 9893;
1858 564 1890 568 —
1905 550 2088 578 RonssNBEnG
2103 550 2178 582 638.)

1262 675 1275 688 «
1292 662 1445 691 Fidelibus
1459 663 1641 692 christianis
1655 664 1783 692 salutem
1801 668 1827 692 et
1842 665 2037 700 apostolicam
2051 664 2230 694 benedictio-

1220 724 1302 744 nem.
1321 715 1414 744 Sicut
1430 715 1546 745 Judeis
1566 724 1632 745 non
1651 716 1745 746 debet
1762 725 1834 746 esse
1849 716 1985 746 licentia
2000 717 2034 746 in
2047 717 2228 756 synagogis

1223 768 1292 797 suis
1308 767 1394 796 ultra
1413 776 1511 806 quam
1526 768 1727 806 permissum
1745 773 1794 798 est
1811 769 1883 807 lege
1906 778 2109 807 presumere,
2127 769 2174 799 ita
2192 770 2227 798 in

1222 820 1288 850 11115
1305 829 1368 858 que
1385 829 1540 850 concessa
1557 825 1634 850 sunt
1652 821 1711 856 eis,
1727 821 1855 851 nullum
1871 822 1990 852 debent
2006 822 2229 861 prejudicium

1222 872 1400 902 sustinere.
1420 873 1488 902 Nos
1508 881 1596 910 ergo,
1618 872 1696 903 licet
1719 874 1753 902 in
1780 883 1839 904 sua
1861 874 1968 911 magis
1985 874 2089 904 velint
2105 875 2229 904 duritia

1220 925 1400 963 perdurare
1417 934 1515 963 quam
1527 925 1761 963 prophetarum
1778 926 1878 956 verba
1894 930 1923 956 et
1935 935 2105 956 sacrarum
2121 927 2228 966 Scrip-

1222 982 1371 1007 turarum
1383 986 1502 1007 arcana
1519 986 1716 1015 cognoscere
1730 982 1828 1017 atque
1845 978 1886 1008 ad
1899 978 2091 1009 Christiane
2106 979 2183 1010 fidei
2197 984 2229 1010 et

1222 1029 1340 1060 salutis
1365 1030 1518 1059 notitiam
1546 1030 1732 1068 pervenire,
1759 1031 1837 1069 quia
1859 1035 1969 1061 tamen
1999 1032 2228 1063 defensionem

1223 1088 1370 1113 nostram
1393 1088 1423 1113 et
1446 1083 1607 1113 auxilium
1628 1083 1797 1121 postulant
1824 1088 1855 1113 et
1878 1084 2014 1122 pietatis
2037 1085 2229 1117 Christiane

1222 1136 1523 1172 mansuetudinem,
1540 1136 1811 1174 predecessorum
1827 1141 2015 1167 nostrorum
2032 1138 2141 1168 felicis
2158 1147 2228 1169 me-

1221 1190 1325 1219 morie
1344 1189 1480 1224 Calixti,
1502 1189 1655 1227 Eugenii,
1682 1189 1873 1225 Alexandri,
1897 1189 2091 1226 Clementis,
2115 1190 2230 1221 Celes-

1221 1242 1301 1276 tini,
1326 1242 1515 1272 Innocentii
1536 1247 1567 1272 et
1585 1242 1743 1277 Honorii,
1764 1243 1990 1272 Romanorum
2016 1243 2225 1279 Pontificum,

1219 1297 1372 1335 vestigiis
1396 1297 1608 1332 inherentes,
1632 1298 1780 1336 ipsorum
1803 1298 1998 1335 petitionem
2022 1298 2228 1329 admittimus

1220 1351 1335 1389 eisque
1356 1350 1572 1388 protectionis
1595 1355 1707 1380 nostre
1727 1351 1880 1389 clypeum
1906 1351 2129 1389 indulgemus.
2155 1352 2228 1382 Sta-

1220 1404 1344 1434 tuimus
1361 1403 1460 1433 etiam
1477 1407 1512 1433 ut
1526 1403 1638 1434 nullus
1652 1403 1865 1434 Christianus
1877 1404 1999 1434 invitos
2011 1404 2062 1434 vel
2076 1404 2227 1434 nolentes

1219 1466 1274 1486 eos
1288 1456 1328 1486 ad
1340 1456 1541 1494 baptismum
1553 1465 1611 1494 per
1626 1456 1820 1486 violentiam
1832 1457 1945 1486 venire
1957 1456 2141 1495 compellat,
2156 1457 2226 1497 sed,

1219 1510 1247 1539 si
1275 1518 1389 1539 eorum
1415 1508 1556 1546 quilibet
1585 1513 1699 1547 sponte
1728 1508 1768 1538 ad
1789 1508 1999 1539 Christianos
2022 1510 2099 1540 fidei
2126 1519 2227 1540 causa

1218 1561 1422 1600 confugerit,
1452 1565 1626 1600 postquam
1649 1561 1802 1592 voluntas
1828 1562 1899 1601 ejus
1925 1563 2027 1592 suerit
2048 1564 2223 1601 patefacta,

1218 1614 1432 1646 Christianus
1447 1614 1571 1652 absque
1589 1614 1701 1653 aliqua
1717 1614 1879 1644 efficiatur
1892 1615 2098 1653 calumpnia,
2113 1624 2226 1646 veram

1218 1668 1338 1706 quippe
1356 1667 1622 1698 Christianitatis
1638 1667 1734 1697 fidem
1757 1667 1880 1697 hahere
1902 1677 1967 1697 non
1991 1668 2147 1704 creditur,
2167 1669 2226 1707 qui

1218 1720 1258 1750 ad
1273 1720 1542 1751 Christianorum
1558 1720 1720 1758 baptisma
1734 1729 1799 1750 non
1811 1725 2013 1759 spontaneus
2028 1721 2084 1751 sed
2098 1721 2227 1751 invitus

1217 1773 1428 1812 cognoscitur
1450 1773 1636 1811 pervenire.
1664 1773 1786 1803 Nullus
1814 1773 1914 1803 etiam
1938 1773 2151 1804 Christianus
2174 1783 2224 1804 6ο-

1216 1836 1290 1856 rum
1314 1835 1472 1864 personas
1496 1826 1569 1855 sine
1590 1825 1717 1864 judicio
1739 1826 1912 1864 potestatis
1938 1831 2024 1857 terre
2048 1827 2225 1857 vulnerare

1217 1884 1273 1909 aut
1291 1879 1440 1908 occidere
1457 1878 1508 1908 vel
1525 1888 1602 1908 suas
1619 1878 1687 1908 iilis
1704 1879 1863 1917 pecunias
1882 1880 2012 1909 auferre
2035 1885 2222 1918 presumat,

1217 1936 1273 1962 aut
1295 1932 1416 1968 bonas,
1442 1941 1524 1970 quas
1545 1931 1706 1962 hactenus
1730 1932 1764 1961 in
1788 1941 1825 1962 ea
1851 1933 1885 1961 in
1907 1942 1972 1971 qua
1996 1932 2149 1962 habitant
2170 1942 2224 1963 re-

1216 1985 1324 2023 gione,
1348 1985 1548 2020 habuerunt,
1574 1985 1832 2015 consuetudines
1854 1986 2043 2016 immutare.
2068 1987 2224 2016 Preterea

1215 2038 1249 2067 in
1266 2038 1486 2067 festivitatum
1503 2046 1638 2067 suarum
1653 2037 1875 2068 celebratione
1887 2038 2063 2077 quisquam
2077 2038 2224 2069 fustibus

1215 2091 1267 2121 vel
1285 2091 1452 2129 lapidibus
1472 2099 1527 2120 eos
1549 2090 1718 2120 ullatenus
1740 2100 1805 2120 non
1826 2082 2007 2129 perturbet,
2032 2100 2140 2130 neque
2160 2091 2223 2121 ali-

1216 2144 1290 2182 quis
1307 2143 1347 2173 ab
1363 2144 1411 2173 eis
1428 2147 1540 2173 coacta
1554 2143 1691 2173 servitia
1707 2144 1830 2182 exigat,
1852 2144 1917 2174 nisi
1936 2154 1974 2174 ea
1988 2154 2051 2183 que
2066 2145 2132 2183 ipsi
2146 2154 2223 2183 pre—

1216 2197 1323 2227 teritis
1348 2198 1457 2226 facere
1479 2197 1682 2235 temporibus
1704 2202 1959 2227 consueverunt.
1982 2198 2033 2228 Ad
2050 2198 2126 2235 heo,
2150 2207 2223 2228 ma·-

1214 2250 1321 2280 lorum
1362 2250 1535 2279 hominum
1578 2251 1734 2288 pravitati
1779 2255 1809 2280 et
1847 2251 1987 2281 avaritie
2024 2251 2197 2282 obviantes
2211 2275 2218 2288 ,

1213 2303 1423 2333 decernimus
1446 2307 1481 2332 ut
1506 2312 1603 2332 nemo
1625 2303 1838 2333 cemeterium
1859 2303 2041 2334 Judeorum
2066 2304 2222 2335 mutilare

1214 2356 1264 2386 vel
1280 2356 1431 2385 minuere
1449 2356 1584 2391 audeat,
1610 2356 1679 2386 sive
1698 2356 1835 2386 obtentu
1850 2357 1990 2394 pecunie
2007 2365 2143 2395 corpora
2157 2356 2222 2386 hu-

1214 2414 1301 2439 mata
1328 2410 1481 2439 effodere.
1514 2410 1547 2440 Si
1578 2410 1653 2448 quis
1679 2414 1799 2444 autem,
1830 2409 1929 2448 hujus
1955 2410 2078 2439 decreti
2107 2415 2220 2440 tenore

1214 2463 1362 2500 cognito,
1392 2467 1531 2498 temere,
1557 2463 1643 2501 quod
1667 2462 1770 2498 absit,
1795 2463 1960 2492 contraire
1991 2463 2217 2501 temptaverit,

1213 2517 1349 2546 honoris
1366 2521 1394 2545 et
1412 2516 1511 2545 officii
1528 2517 1580 2546 sui
1596 2516 1782 2554 periculum
1797 2516 1943 2554 patiatur
1959 2520 2015 2545 aut
2031 2524 2220 2546 excommu-

1213 2569 1391 2599 nicationis
1408 2569 1533 2599 ultione
1549 2569 1722 2606 plectatur,
1742 2569 1807 2598 nisi
1825 2569 2108 2607 presumptionem
2125 2578 2219 2599 suam

1212 2623 1310 2661 digna
1341 2623 1568 2652 satisfactione
1596 2622 1785 2652 correxerit.
1817 2622 1880 2651 Eos
1913 2626 2022 2651 autem
2050 2622 2219 2652 dumtaxat

1210 2675 1310 2714 hujus
1335 2675 1549 2712 protectionis
1574 2674 1719 2712 presidio
1744 2673 1896 2703 volumus
1920 2674 2135 2709 communiri,
2160 2674 2219 2712 qui

1212 2728 1316 2759 nichil
1332 2729 1595 2767 presumpserint
1610 2728 1643 2757 in
1657 2727 1908 2758 subversionem
1924 2727 2001 2757 fidei
2012 2727 2215 2758 Christiane.

1242 2870 1261 2894 1.
1275 2869 1326 2899 Cf„
1340 2877 1409 2899 pour
1421 2870 1579 2893 >Alexandro
1594 2869 1641 2897 111,
1657 2869 1952 2893 JAlv‘FE-LOSWENFELD
1967 2869 2055 2897 1397&
2072 2876 2142 2899 pour
2153 2868 2218 2893 Cle—

1210 2917 1282 2936 ment
1299 2913 1347 2942 Ill,
1359 2913 1653 2937 JAFt-‘E-LOEWENFELD
1670 2913 1758 2941 16571
1777 2920 1846 2943 pour
1863 2913 1997 2936 Innocent
2011 2913 2059 2942 111,
2072 2912 2220 2937 Porruasr

1209 2957 1270 2987 5345
1287 2964 1356 2987 pour
1373 2957 1513 2980 Honorius
1530 2957 1577 2986 111,
1595 2957 1740 2980 Porrnfxsr
1755 2956 1815 2980 5616
1833 2960 1859 2980 et
1876 2957 2032 2980 Pnssssurrt
2047 2956 2101 2980 806.
