2423 3487
116 291 186 320 1191
837 287 1072 319 REGISTRES
1097 286 1150 315 DE
1174 278 1395 317 GREGOIRE
1421 288 1477 317 [x.
2134 286 2208 316 1192

185 357 301 385 4857
620 357 739 388 Latran,
754 356 787 382 14
801 355 954 382 decembre
968 354 1046 381 1238.

153 419 291 446 Hedwidi
309 419 342 445 de
360 418 480 450 Sebliet,
498 418 615 449 viduae,
633 417 828 451 §saguntinae
843 416 995 447 dioecesis,
1014 415 1117 441 villam

114 469 151 495 de
171 467 274 499 XVerd,
289 467 482 499 Maguntinae
498 466 649 496 dioecesis,
666 473 753 499 quam
769 465 794 491 ei
812 465 1001 491 Hei-mannus
1021 463 1120 497 junior

115 519 143 543 ct
170 515 331 546 Henricus,
364 514 523 547 lantgravii
553 514 749 546 Tliuringiae,
777 513 898 539 obtentu
929 512 1117 538 servitiorum

116 572 190 597 quae
209 563 309 590 beatae
330 562 492 593 Elisabeth,
510 570 574 588 cum
595 562 692 587 adhuc
714 561 838 592 viveret,
860 560 987 587 fideliter
1002 560 1119 593 impen-

113 612 207 640 derat.
230 611 345 637 liberali
367 611 551 636 contulerant
579 610 698 643 pietate,
722 609 886 635 confirmat.
911 623 942 626 —
963 609 1050 639 (Reo.
1074 608 1118 640 19,

116 662 136 687 f.
158 661 191 687 64
214 663 253 691 r⁰;
275 668 344 686 ann.
369 660 436 690 XII,
454 668 479 685 c.
503 658 571 690 3-lO;
594 673 625 676 —
647 659 803 685 Pomfflsw
823 657 924 689 10680;
945 672 979 675 ——
1000 658 1119 684 Ronm-

115 717 191 736 BERG
207 708 281 739 737.)

157 821 169 834 <t
191 808 329 837 Hedwidz·
346 808 380 836 (Ie
402 808 514 842 Semta,
537 807 637 842 vidue,
661 807 838 843 Maymzlz'ne
858 807 993 835 diocesis.
1013 805 1119 836 ι1115115

115 861 297 899 petentium
313 865 373 890 etc.
394 877 442 888 ——.
464 861 535 889 Dat.
556 859 722 894 Laterani,
746 860 876 889 XVIIII
896 859 1055 889 kalendas
1069 859 1120 898 ja-

117 914 237 949 nuarii,
258 923 343 943 anno
360 913 563 943 duodecimo.
584 924 596 938 n

151 1037 250 1059 4658.
275 1048 306 1051 —
329 1033 361 1060 In
385 1033 509 1059 eundem
535 1033 593 1059 fere
613 1032 731 1058 modum
751 1053 768 1058 ..
786 1033 919 1065 preposito
940 1034 963 1057 et
983 1052 1000 1058 ..
1021 1032 1121 1057 decano

116 1081 210 1107 Sancti
224 1082 343 1107 Castoris
360 1083 388 1106 in
402 1081 582 1113 confluentia,
604 1080 770 1105 Treverensts
785 1080 904 1105 diocesis.
923 1079 985 1115 [Eis
1000 1080 1121 1107 mandat

116 1134 260 1163 quatenus
280 1130 373 1156 dictos
394 1129 516 1161 nobiles,
536 1129 676 1155 videlicet
696 1129 903 1155 Hermannum
924 1129 1071 1162 juniorem
1093 1132 1121 1155 et

117 1179 291 1210 Henricum,
315 1186 400 1212 super
422 1178 466 1203 liis
490 1186 544 1203 non
569 1177 745 1211 permittant
765 1176 802 1203 ab
824 1177 973 1211 aliquibus
990 1177 1121 1204 indebite

119 1225 291 1261 molestari.]
312 1242 347 1245 -—
365 1228 450 1259 (Res.
469 1227 512 1258 19,
527 1227 547 1253 f.
565 1226 598 1253 64
618 1229 657 1258 r⁰;
674 1241 709 1244 -
724 1226 918 1257 RODENBERG,
938 1226 987 1251 sub
1003 1235 1031 1252 n.
1046 1226 1121 1257 737.)

185 1408 302 1435 4659
616 1408 736 1441 Latran,
753 1408 786 1434 14
802 1407 956 1434 decembre
969 1408 1048 1434 1238.

154 1469 305 1501 Ottonem,
327 1469 454 1495 militem
471 1469 506 1495 de
523 1468 737 1502 Lilictinliagin
758 1470 803 1500 (=
820 1469 1045 1502 Liclitinliagin,
1062 1467 1122 1495 z?

118 1517 338 1549 Lichtenliain),
362 1517 599 1550 Numburgensis
622 1517 773 1549 dioecesis,
802 1517 852 1551 qui
881 1518 990 1544 mundo
1015 1526 1121 1544 renun-

115 1566 252 1596 tiaverat,
270 1569 297 1592 et
318 1569 375 1592 tres
394 1568 490 1599 partes
509 1566 648 1592 bonorum
671 1574 801 1598 suorum,
821 1566 935 1599 reliqua
953 1566 1040 1592 unico
1061 1566 1121 1592 filio

115 1623 177 1646 suo,
206 1615 303 1641 adhuc
326 1615 356 1641 in
382 1617 477 1641 aetate
498 1617 599 1641 tenera
619 1614 790 1647 constituto,
813 1614 947 1647 dimissa,
972 1615 1029 1648 piis
1050 1615 1121 1641 locis

117 1663 286 1697 reliquerat,
308 1663 438 1696 itemque
459 1663 595 1689 cumdem
622 1663 716 1696 ipsius
732 1662 839 1694 filium,
857 1663 949 1689 donec
969 1663 1004 1689 ad
1027 1662 1122 1696 legiti-

118 1720 196 1738 mam
211 1711 319 1745 viginti
334 1711 462 1745 quinque
474 1720 616 1738 annorum
631 1714 759 1738 aetatem
777 1712 956 1745 pervenerit,
974 1711 1027 1738 sub
1040 1720 1121 1745 apos-

117 1760 205 1787 tolica
228 1760 407 1794 protectione
427 1759 560 1793 suscipit.
584 1774 614 1777 —
638 1760 724 1792 (Rae.
748 1759 790 1792 19,
816 1760 835 1786 i.
853 1759 886 1786 64
903 1763 940 1792 r⁰;
963 1769 1032 1786 ann.
1052 1760 1120 1792 XII,

117 1817 141 1835 c.
161 1808 228 1840 341;
250 1823 282 1826 —
300 1809 482 1835 RODENBERG
496 1808 570 1839 738.)

158 1922 171 1936 <t
191 1910 301 1945 Otloni,
323 1911 419 1938 militi
438 1910 470 1938 cle
484 1911 711 1947 Lilzcstnhayin,
729 1911 969 1947 Numluli-yemis
987 1911 1122 1940 diocesis.

118 1962 351 1997 Laudabiliter,
372 1962 456 1992 sicut
475 1963 661 2001 accepimus
679 1980 728 1992 —.
746 1964 819 1993 Dat.
838 1967 873 1992 ut
889 1972 999 2001 supra.
1019 1975 1031 1990 n

153 2086 253 2109 4860.
273 2097 305 2100 —
322 2082 472 2116 Scriptum
498 2085 540 2109 est
562 2091 648 2117 super
669 2083 723 2109 hoc
742 2084 991 2116 conservatoribus,
1014 2105 1032 2111 ..
1054 2085 1123 2117 epis-

118 2137 179 2162 copo
191 2133 214 2155 el
231 2151 249 2157 ..
260 2132 394 2163 preposito
408 2129 691 2166 illest]iburqensz'bus,
713 2134 737 2157 et
754 2152 771 2158 ..
789 2132 881 2157 abbati
891 2132 921 2157 de
933 2132 1049 2163 Sichem,
1066 2133 1124 2159 Cis-

119 2179 255 2204 tercz'ensz's
271 2179 387 2212 ordinis,
404 2180 611 2205 Alberseatensz's
626 2180 737 2205 diocesis
749 2181 767 2207 ¹.

188 2359 301 2387 466¹
617 2361 738 2394 Latran,
754 2361 788 2388 16
804 2361 958 2389 decembre
973 2363 1051 2389 1238.

156 2421 299 2455 Episcopo
324 2424 351 2448 et
372 2422 537 2456 praeposito
560 2422 848 2455 Mersburgensibus,
870 2432 923 2450 nec
944 2432 1000 2450 non
1025 2425 1124 2451 abbati

121 2469 156 2495 de
182 2469 300 2496 Sichem
329 2471 373 2501 (=
400 2470 654 2503 Sitticbenbacll),
685 2471 945 2498 Halberstadensis
968 2473 1124 2506 dioecesis,

123 2518 244 2544 mandat
263 2520 406 2551 quatenus
429 2527 485 2544 non
509 2519 684 2552 permittant
700 2522 732 2546 ut
748 2519 803 2546 filii
820 2520 954 2553 Henrici,
977 2522 1123 2555 quondam

122 2566 258 2592 advocati
272 2566 306 2592 de
321 2566 406 2599 Gera,
420 2569 445 2593 ct
458 2565 590 2601 11111ῐᾶ01,
603 2568 723 2594 relictae
737 2568 840 2602 ipsius,
855 2583 886 2587 —-
899 2569 1015 2602 quibus,
1029 2570 1126 2597 adhue

122 2613 152 2640 in
176 2616 270 2641 aetate
293 2618 392 2641 tenera
412 2616 592 2648 constitutis,
613 2624 669 2642 non
694 2620 755 2643 erat
778 2617 838 2650 qui,
859 2617 896 2644 ab
913 2626 1011 2644 eorum
1032 2622 1125 2646 matre

157 2728 174 2751 I.
194 2727 232 2751 La
254 2728 400 2751 confusion
427 2728 558 2759 iudiun
580 2736 627 2759 par
649 2730 684 2754 M.
706 2730 880 2761 Rodenberg,
900 2738 924 2761 p.
947 2731 1002 2760 635,
1020 2735 1084 2756 note
1105 2733 1124 2761 1,

124 2775 200 2794 entre
217 2774 258 2795 cet
274 2773 303 2795 in
320 2774 440 2796 eundem
459 2775 575 2796 modum
592 2777 618 2796 et
638 2774 662 2796 Ia
684 2774 760 2804 piece
783 2775 910 2798 suivante
931 2782 964 2798 ne
981 2783 1022 2799 me
1040 2777 1125 2806 pai-ait

125 2822 172 2844 pas
197 2816 299 2838 existet·
320 2816 386 2839 dans
407 2817 431 2840 le
453 2819 585 2845 Reyistre.
611 2818 643 2841 Jc
666 2819 737 2841 crois
759 2819 848 2849 plutdt
873 2819 888 2842 a
906 2826 959 2843 une
983 2821 1126 2851 omission,

125 2859 192 2882 dans
216 2859 241 2882 la
264 2861 342 2890 copie
364 2860 408 2891 [de
435 2861 541 2892 Pertz?]
570 2862 634 2885 dont
654 2862 717 2886 s'est
739 2864 811 2886 servi
839 2863 873 2888 M.
897 2863 1070 2895 Rodenbcrg,
1092 2866 1125 2890 de

125 2903 252 2927 l‘adresse
271 2904 303 2927 de
320 2909 397 2927 notre
414 2905 489 2935 piece
510 2906 566 2929 4661
585 2907 656 2935 (ann.
674 2907 734 2936 XII,
751 2914 773 2932 e.
791 2908 854 2937 342),
872 2909 918 2938 qui
935 2909 1009 2932 vient
1029 2910 1124 2934 imme-

125 2946 272 2970 (liatement
290 2949 367 2978 apres
384 2952 425 2972 cet
443 2951 470 2972 in
486 2951 607 2973 eimdem
626 2953 754 2975 modum.

1204 353 1306 379 habitu
1318 354 1470 387 religionis
1482 356 1643 388 assumpto,
1656 353 1792 381 tuitionis
1804 353 1983 388 praesidium
1999 353 2165 388 largiretur,
2179 356 2208 380 et

1202 410 1272 435 quos
1295 402 1357 436 ipse
1377 410 1451 436 papa
1470 411 1521 428 sua
1538 402 1655 428 volebat
1674 410 1687 426 «
1708 402 1887 436 protectione
1905 402 2041 435 gaudere,
2060 410 2208 436 quousque

1203 457 1215 475 1)
1237 450 1273 476 ad
1295 450 1460 483 legitimam
1485 450 1594 483 viginti
1617 450 1746 484 quinque
1768 458 1912 477 annorum
1934 453 2041 477 etatem
2067 458 2209 484 pervene-

1203 505 1215 523 ›)
1237 498 1298 524 rint
1314 506 1339 530 1),
1359 513 1391 516 -
1409 507 1426 525 a
1439 507 1624 532 quocumque
1640 498 1772 525 indebite
1789 500 1991 526 molestentur.
2007 513 2039 517 —
2056 499 2142 531 (Res.
2159 498 2207 530 19,

1202 547 1221 572 f.
1239 546 1272 572 64
1288 549 1327 578 r⁰;
1349 554 1419 573 ann.
1437 547 1505 579 XII,
1522 555 1547 573 c.
1569 547 1634 579 342;
1657 561 1688 565 —-
1715 547 1871 574 PorrnAsr
1894 547 2012 579 10682¹;
2036 561 2067 566 —
2091 547 2209 574 Romen-

1200 602 1288 627 BERG,
1302 595 1350 620 sub
1367 603 1395 621 n.
1412 594 1487 626 738.)

1243 707 1256 720 «
1277 717 1295 723 ..
1314 695 1446 732 episcopo
1458 700 1484 724 el
1503 719 1522 724 ..
1539 697 1690 734 preposito
1705 695 2017 735 II!e[r]sbur9e⁷zsibus,
2030 701 2056 725 el
2070 719 2088 725 ..
2110 696 2210 725 abbati

1202 747 1236 776 de
1250 747 1379 781 Sichem,
1397 748 1627 777 Alberstatensis
1645 749 1780 778 diocesis.
1799 748 1918 779 viduis
1935 753 1966 779 et
1984 748 2142 787 orphanis
2158 765 2207 778 —.

1203 801 1275 829 Dat.
1303 801 1469 836 Laterani,
1493 801 1589 831 XVII
1613 801 1772 832 kalendas
1793 802 1953 841 januarii,
1977 811 2064 832 anno
2087 801 2210 832 duode-

1202 861 1298 882 cimo.
1324 865 1337 879 1>

1272 1025 1390 1053 46⁶2
1712 1026 1833 1060 Lati-an,
1847 1027 1881 1054 16
1891 1027 2046 1054 decembre
2059 1027 2137 1054 1238.

1238 1088 1469 1122 Archiepiscopo
1495 1088 1686 1121 Lugdunensi
1712 1089 1860 1122 significat
1883 1098 1912 1116 se
1931 1089 2087 1116 abbatibus
2108 1090 2210 1117 Bellae

1202 1135 1303 1162 Villae
1326 1136 1405 1162 etde
1424 1136 1496 1170 Jugo
1516 1136 1581 1168 Dei,
1606 1137 1812 1170 Lugdunensis
1832 1137 1984 1170 dioecesis,
2007 1138 2163 1165 mandasse
2179 1141 2211 1166 ut

1203 1184 1265 1210 illis
1281 1184 1316 1210 de
1332 1184 1433 1210 eadem
1448 1184 1585 1217 dioecesi,
1599 1185 1648 1218 qui
1663 1185 1793 1212 debonis
1805 1186 1865 1212 suis
1877 1184 2076 1221 [Humberto],
2091 1187 2211 1214 domino

1203 1233 1281 1259 Belli
1305 1233 1383 1265 Joci,
1408 1233 1610 1267 crucesignato
1634 1233 1663 1260 in
1690 1234 1856 1261 subsidium
1880 1235 1999 1269 imperii
2029 1235 2210 1269 Rmnaniae,

1203 1281 1430 1308 subventionem
1459 1282 1678 1316 praestiterint,
1707 1283 1840 1309 eamdem
1872 1283 2066 1310 concederent
2092 1284 2210 1310 veniam

1203 1332 1400 1363 peccatorum,
1415 1338 1489 1363 quae
1505 1330 1728 1357 transeuntibus
1744 1331 1774 1357 in
1787 1332 1893 1358 Terrae
1910 1332 2037 1358 Sanctae
2046 1331 2211 1359 subsidium

1202 1378 1322 1405 concedi
1339 1378 1375 1405 ab
1389 1378 1522 1405 Ecclesia
1537 1379 1738 1412 consueverit3
1755 1388 1821 1406 eum
1840 1383 1921 1413 rogat
1932 1383 2077 1414 quatenus
2095 1381 2211 1407 nullum

1201 1435 1288 1461 super
1319 1428 1373 1453 hoc
1400 1430 1528 1461 opponat
1558 1427 1753 1455 obstaculum.
1785 1443 1817 1447 —-
1848 1429 1934 1460 (Rea.
1962 1429 1996 1456 19
2009 1451 2015 1462 ‚
2051 1430 2070 1455 f.
2103 1429 2136 1456 64
2163 1432 2211 1461 v⁰;

1201 1484 1270 1502 ann.
1288 1476 1356 1508 XII,
1373 1484 1398 1502 c.
1416 1476 1480 1507 343;
1497 1491 1528 1494 —
1545 1476 1678 1504 MoanAu
1694 1477 1773 1510 1192,
1803 1478 1822 1504 f.
1845 1477 1913 1509 236;
1934 1492 1969 1495 —
1983 1478 2008 1506 J.
2026 1478 2210 1511 Bsnnounm,

1203 1527 1267 1550 Acta
1289 1525 1449 1557 Pontificum
1477 1526 1619 1570 lleloelica,
1642 1528 1662 1552 t.
1686 1527 1708 1558 I,
1730 1534 1757 1561 p.
1780 1526 1842 1558 135,
1868 1530 1897 1553 11⁰
1912 1526 1980 1559 201;
2003 1542 2034 1545 —
2056 1528 2093 1554 cf.
2115 1534 2211 1560 supra,

1202 1583 1230 1601 n.
1248 1574 1327 1607 4219,
1345 1575 1508 1607 4631-4633,
1524 1575 1593 1601 4644
1607 1579 1635 1602 et
1650 1575 1742 1607 4645.)

1244 1688 1257 1702 ι(
1278 1699 1298 1705 ..
1315 1677 1539 1714 archiepiscopo
1556 1677 1762 1713 anclunenst.
1782 1676 1959 1706 Studentes
1975 1676 2033 1706 illa
2056 1677 2212 1716 prosequi

1203 1746 1251 1757 —.
1274 1729 1357 1759 Cum
1376 1728 1480 1766 igitur
1504 1728 1644 1758 dilectus
1670 1728 1759 1759 filius
1786 1728 1908 1758 nobilis
1935 1729 1986 1758 vir
2013 1752 2032 1758 ..
2058 1729 2212 1759 dominus

1205 1781 1288 1812 Belli
1310 1781 1393 1816 Joci,
1411 1781 1662 1819 crucesignatus
1680 1782 1716 1811 in
1737 1782 1924 1811 subsidium
1944 1782 2077 1820 imperii
2095 1784 2212 1813 Roma-

1205 1834 1269 1869 nie,
1288 1838 1346 1869 tot,
1361 1834 1446 1864 sicut
1460 1834 1658 1872 accepimus,
1672 1834 1707 1863 in
1719 1834 1977 1874 Albigenjsium]
1990 1835 2139 1873 partibus
2156 1844 2213 1874 pro

1205 1887 1335 1925 negotio
1356 1887 1446 1926 pacis
1470 1891 1500 1917 et
1527 1887 1605 1917 fidei
1624 1887 1755 1917 labores
1774 1887 1915 1918 subierit
1936 1892 1967 1918 et
1987 1897 2158 1926 expensas,
2178 1893 2215 1918 ut

1206 1949 1269 1970 non
1287 1940 1389 1978 possit
1409 1940 1569 1970 emissum
1589 1944 1701 1970 votum
1725 1941 1854 1979 exequi,
1873 1941 1959 1970 sicut
1976 1950 2034 1971 sue
2059 1941 2216 1979 competit

1205 1993 1373 2032 probitati,
1392 2002 1462 2029 nos,
1481 1993 1590 2032 ipsum
1608 1993 1771 2031 condigna
1788 1994 1895 2031 gratia
1910 1994 2066 2032 prosequi
2082 1994 2215 2032 cupien-

1206 2051 1264 2081 tes,
1283 2046 1412 2076 dilectis
1429 2046 1508 2076 filiis
1527 2069 1546 2075 ..
1567 2046 1658 2076 Belle
1674 2046 1761 2076 Ville
1781 2051 1811 2076 et
1830 2069 1849 2076 ..
1868 2046 1907 2077 de
1928 2048 2013 2084 ι11130
2036 2047 2096 2077 Dei
2113 2047 2215 2078 abba-

1205 2099 1303 2134 tibus,
1324 2099 1558 2137 Lugdunensis
1574 2099 1725 2135 diocesis,
1747 2099 1897 2129 dedimus
1911 2099 2033 2129 nostris
2045 2099 2166 2130 litteris
2178 2100 2213 2130 in

1205 2152 1369 2182 mandatis
1386 2156 1421 2181 ut
1437 2151 1505 2182 illis
1521 2152 1559 2181 de
1577 2156 1632 2181 tua
1643 2152 1780 2188 diocesi,
1799 2152 1856 2191 qui
1872 2152 1910 2182 de
1922 2152 2018 2182 bonis
2035 2152 2100 2182 sibi
2117 2161 2134 2182 a
2146 2153 2214 2183 Deo

1206 2205 1334 2235 collatis
1356 2205 1443 2235 dicto
1468 2205 1572 2235 nobili
1595 2205 1635 2235 ad
1654 2205 1716 2234 hoc
1735 2205 1989 2235 subventionem
2007 2205 2215 2243 prestiterim

1206 2259 1387 2288 secundum
1405 2258 1554 2297 proprias
1571 2258 1758 2293 facultates,
1772 2258 1921 2293 eandem,
1936 2258 2029 2297 juxta
2046 2259 2214 2297 quantita-

1208 2317 1271 2342 tem
1290 2311 1433 2341 subsidii
1449 2315 1480 2341 et
1496 2311 1682 2341 devotionis
1705 2311 1871 2346 affectum,
1890 2311 2085 2341 auctoritate
2102 2315 2215 2341 nostra

1206 2364 1387 2394 concedant
1417 2364 1549 2394 veniam
1580 2368 1808 2402 peecatorum,
1843 2372 1907 2402 que
1933 2363 1967 2392 in
2000 2372 2078 2393 casu
2110 2363 2214 2394 simili

1207 2416 1458 2446 transeuntibus
1480 2416 1515 2445 in
1540 2417 1639 2446 Terre
1663 2416 1782 2446 Sancte
1803 2415 1991 2446 subsidium
2012 2415 2063 2445 vel
2086 2416 2116 2446 ei
2135 2416 2215 2446 sub-

1206 2469 1418 2499 venientibus
1442 2469 1577 2499 conccdi
1600 2469 1640 2498 ab
1665 2468 1815 2499 Ecclesia
1837 2468 2022 2498 consuevit.
2046 2469 2214 2506 Rogamus

1206 2521 1319 2559 itaque
1342 2521 1586 2550 fraternitatem
1614 2524 1705 2550 tuam
1734 2524 1765 2550 et
1793 2520 1966 2549 hortamur
1991 2524 2126 2555 attente,
2158 2529 2215 2558 per

1207 2573 1388 2611 apostolica
1417 2573 1478 2602 tibi
1511 2573 1634 2611 scripta
1658 2573 1854 2603 mandantes
1884 2577 2049 2611 quatenus
2082 2572 2216 2612 aliquod

1240 2692 1260 2715 1.
1278 2692 1352 2715 Avee
1371 2692 1500 2715 l'adrcsse
1524 2699 1529 2715 :
1549 2692 1762 2720 Numburyensi
1787 2692 1926 2720 episcopo,
1947 2693 2108 2720 praeposito
2128 2693 2216 2715 Mers-

1208 2737 1342 2765 burgensi
1359 2739 1382 2759 et
1396 2737 1488 2759 abbati
1503 2738 1536 2759 de
1552 2738 1674 2759 sichem.
1691 2736 1732 2760 Cf.
1750 2735 1934 2763 Romanusne,
1953 2742 1979 2765 p.
1997 2735 2050 2764 635,
2067 2738 2132 2759 note
2151 2736 2171 2760 1.
2185 2748 2217 2753 --

1208 2780 1281 2803 Dans
1300 2781 1324 2803 la
1344 2787 1435 2811 marge
1456 2781 1492 2803 du
1515 2782 1648 2810 [registr-e.
1671 2787 1707 2803 on
1729 2780 1803 2803 avait
1820 2779 1888 2803 ecrit
1904 2786 1937 2802 en
1958 2780 2123 2809 manehette,
2148 2780 2216 2802 mais

1208 2824 1274 2847 dans
1291 2825 1315 2847 le
1331 2831 1394 2848 sens
1411 2825 1573 2853 horizontal,
1589 2828 1615 2848 et
1630 2831 1695 2852 non,
1710 2831 1815 2847 comme
1831 2824 1897 2847 c'est
1908 2823 2111 2854 generalement
2127 2824 2152 2847 le
2170 2831 2216 2848 cas

1207 2875 1277 2897 pour
1291 2869 1330 2891 les
1347 2869 1516 2896 rubricelles,
1537 2868 1604 2891 dans
1619 2869 1643 2891 Ie
1665 2875 1729 2891 sens
1752 2868 1877 2896 vcrticaL.
1893 2868 2014 2896 eisdem;
2033 2867 2214 2891 c'est-a-dire:

1206 2918 1259 2934 aux
1279 2919 1465 2942 personnages
1482 2912 1616 2942 auxquels
1635 2916 1676 2935 est
1694 2911 1805 2935 adresse
1823 2911 1872 2934 l'in
1889 2912 2012 2934 eundem
2031 2913 2147 2934 modum
2167 2910 2216 2941 qui.

1208 2956 1323 2985 precede
1340 2956 1581 2980 immediatement.
