2423 3487
232 280 288 310 283
952 273 1189 306 neeisrnsss
1212 272 1266 301 DE
1289 263 1510 301 GnEoomE
1534 272 1592 300 ix.
2256 279 2311 309 284

237 345 393 372 molestari.
412 346 545 375 —(R1;‹r..
565 345 608 373 18,
631 345 650 370 f.
675 345 725 370 116
745 348 790 375 x·⁰;
810 352 879 370 ann.
902 344 958 373 lx,
980 351 1004 368 0.
1027 341 1093 370 »118ς
1117 355 1147 357 -
1164 339 1231 365 Mo-

234 401 311 420 REAU
335 392 417 424 1190,
436 394 454 418 f.
474 392 542 423 2413
566 407 597 410 —
617 393 771 419 Porriiasr
790 392 892 423 1011i;
914 392 951 417 cf.
970 391 1125 417 Pomm-T
1140 388 1232 417 9772.)

273 506 285 518 «
308 515 326 520 ..
347 493 570 529 archiepiscopo
587 492 762 525 senonensi,
785 514 803 519 ..
828 492 961 528 episcopo
985 490 1120 518 Trcccnsi
1136 494 1160 517 et
1177 490 1232 517 Ito-

233 546 323 573 herio.
349 545 381 572 [Ie
406 544 511 572 ordine
527 545 661 579 fratrum
683 544 924 572 l’rcilicalorum.
951 540 1230 573 litlebrainliscus,

231 597 312 626 civis
330 602 358 625 et
376 600 536 625 mercator
551 596 774 630 Florentinus,
793 596 826 624 in
845 600 953 624 nostra
973 593 1141 631 proposuit
1159 601 1232 630 pre-

231 649 335 678 sentia
354 648 550 677 constitutus
570 648 655 685 quod
671 648 750 677 olim
769 648 802 676 in
820 647 969 677 Francia,
995 645 1151 683 quosdam
1173 644 1231 673 he-

230 701 359 733 reticos,
374 710 454 738 11005
468 700 646 730 catholicos
659 710 730 730 esse
743 700 905 733 credebat,
919 699 1043 737 pluries
1056 697 1230 730 allocutus,

229 754 339 783 decem
358 753 478 781 solidos
495 753 737 782 Turonensium
755 752 841 781 dedit
859 751 987 779 cuidam
1006 760 1042 779 ex
1059 749 1231 779 servienti-

230 806 289 834 bus
302 805 490 839 eorundem,
509 809 538 833 et
554 805 601 834 eis
616 805 648 833 in
663 805 793 841 signum
810 804 993 833 reverentie
1011 807 1106 840 caput
1119 802 1230 840 sepius

229 857 416 891 inclinavit3
436 866 516 894 quos
534 856 738 894 postmodum
756 856 919 885 hereticos
937 865 1007 885 csse
1026 854 1228 891 intelligens,

229 915 259 940 et
279 910 397 939 timens
414 918 451 939 cx
471 909 529 938 hoc
547 909 655 938 anime
674 918 730 938 sue
748 908 929 945 periculum
950 908 1135 941 imminere,
1154 907 1230 936 licet

230 986 249 991 ..
269 963 356 1000 prior
373 962 511 990 fratrum
538 961 783 991 Predicatoruin
809 966 838 989 et
861 961 962 989 frater
988 960 1168 994 Mattheus,
1191 960 1229 989 de

227 1015 340 1044 ordine
371 1014 510 1043 fratrum
538 1014 718 1047 Minoi-um,
749 1014 861 1043 Trecis
893 1018 1081 1046 morantes,
1109 1012 1229 1051 quihus

227 1068 334 1096 fuerat
352 1067 412 1095 huc
430 1066 461 1095 in
482 1066 690 1112 penitentiali
706 1067 776 1095 foro
794 1067 977 1100 consessus,
997 1066 1059 1095 sihi
1078 1066 1230 1103 peniten-

227 1120 305 1148 tiam
319 1119 523 1158 injunxerint
541 1118 729 1153 salutarem,
750 1118 987 1147 nichilominus
1004 1122 1111 1147 tamen
1130 1119 1229 1155 Apos-

229 1171 358 1201 tolicam
377 1171 493 1201 Sedem
511 1172 606 1205 adiit,
632 1180 668 1200 ac
691 1171 754 1200 sibi
779 1180 796 1200 a
815 1171 909 1200 nobis
929 1180 1026 1208 super
1044 1171 1103 1200 hoc
1120 1171 1229 1208 provi-

226 1224 295 1254 deri
313 1224 483 1253 humiliter
502 1224 690 1261 postulavit.
704 1224 799 1254 Unde
815 1224 995 1253 venerabili
1012 1224 1104 1253 fratri
1119 1228 1230 1253 1105110

228 1300 248 1305 ..
265 1276 416 1314 episcopo
434 1276 623 1305 Florentino
641 1277 762 1306 nostris
780 1277 930 1306 dedimus
948 1276 1067 1305 litteris
1086 1277 1118 1305 in
1136 1286 1230 1306 inan-

226 1329 311 1358 datis
329 1333 373 1363 ut,
395 1329 432 1358 de
454 1329 645 1358 sinceritate
663 1329 754 1363 fidei,
776 1330 859 1363 vita,
879 1330 1025 1358 moribus
1044 1334 1071 1358 et
1090 1338 1229 1367 persona

226 1382 331 1419 ipsius
348 1382 507 1419 inquisita
525 1381 654 1419 plenius
674 1383 823 1416 veritate,
843 1392 878 1411 ac.
901 1387 1030 1420 recepta
1049 1392 1147 1421 super
1164 1383 1229 1412 hiis

226 1434 265 1462 ab
283 1443 319 1463 eo
336 1434 421 1471 quod
438 1443 535 1471 super
552 1434 612 1463 hoc
634 1434 668 1463 in
691 1435 844 1463 omnibus
869 1440 979 1463 nostro
1001 1436 1154 1464 mandato
1173 1445 1229 1473 pa-

227 1491 326 1519 reret,
361 1486 568 1524 fidejussoria
597 1491 626 1515 et
651 1487 812 1525 juratoria
840 1488 1018 1517 sutiicienti
1050 1492 1079 1517 et
1112 1488 1229 1518 idonea

225 1539 388 1573 cautione,
405 1548 467 1576 que
484 1539 659 1573 inveniret,
679 1540 739 1568 sub
763 1549 822 1569 500
841 1540 967 1569 inclusa
989 1541 1097 1577 sigillo
1115 1541 1154 1570 ad
1171 1542 1229 1571 Se-

227 1591 299 1621 dem
326 1591 547 1628 Apostolicam
571 1592 762 1622 destinaret.
782 1593 870 1622 Idem
895 1602 971 1622 vero
988 1594 1170 1631 episcopus.
1196 1595 1227 1623 id

227 1643 369 1672 fideliter
381 1649 575 1682 exequutus,
589 1644 839 1682 inquisitionem
854 1645 998 1674 habitam
1017 1651 1126 1676 contra
1141 1656 1226 1679 eum,

227 1695 436 1724 cautionibus
453 1696 534 1733 ipsis
555 1696 616 1725 51111
631 1697 774 1734 predicta
791 1697 893 1726 forma
912 1699 1061 1736 receptis,
1081 1709 1152 1727 cum
1174 1700 1228 1729 lit-

226 1748 306 1778 teris
329 1749 410 1783 suis,
431 1749 478 1777 rei
496 1749 614 1779 seriem
630 1750 888 1783 continentibus,
912 1751 950 1779 ad
968 1756 1111 1781 nostram
1137 1753 1229 1782 duxit

225 1801 425 1838 presentiam
441 1802 689 1837 reniittendam;
710 1803 830 1841 quibus
848 1813 903 1841 per
920 1805 1142 1835 venerabilem
1161 1807 1227 1836 sra-

227 1857 307 1882 110111
335 1857 481 1881 nostrum
508 1876 527 1881 ..
550 1854 780 1883 Penestrinum
803 1855 988 1893 episcopum
1013 1857 1050 1885 ile
1075 1859 1227 1888 mandato

225 1909 336 1934 nostro
361 1905 498 1942 apertis,
525 1905 629 1935 nichil
650 1907 821 1936 inventum
845 1909 949 1937 extitit
972 1915 1085 1939 contra
1106 1911 1226 1948 ipsum,

225 1962 355 1995 propter
374 1958 459 1995 quod
478 1958 655 1988 incurrerit
672 1960 758 1989 fame
781 1970 839 1990 sue
863 1961 911 1991 vel
935 1962 1072 1991 alterius
1089 1964 1227 2001 periculi

224 2010 457 2040 detrimentum
471 2021 476 2046 ;
492 2012 572 2049 quin
588 2013 697 2049 potius
712 2022 729 2042 a
745 2014 885 2051 receptis
901 2024 998 2053 super
1011 2015 1072 2045 hoc
1087 2017 1226 2047 testibus

224 2062 262 2092 de
279 2063 421 2100 puritate
436 2063 511 2093 fidei
523 2063 688 2094 laudabile
702 2065 765 2094 sibi
779 2066 1004 2096 testimonium
1021 2069 1222 2106 perhibetur.

222 2114 356 2149 Verum,
377 2124 450 2143 cum
469 2116 555 2145 dicto
579 2118 753 2146 mercatori
776 2118 816 2147 ad
839 2119 999 2149 cautelam
1026 2120 1147 2150 iterum
1170 2131 1227 2160 per

224 2166 378 2196 dilectum
399 2167 503 2196 filium
524 2168 661 2199 fratrem
682 2171 930 2209 Raymundum,
952 2173 1226 2210 penitentiarium

225 2223 391 2254 nostrum,
423 2220 548 2258 imponi
579 2222 755 2252 fecerimus
786 2224 1002 2261 penitentiam
1031 2226 1224 2264 salutarem,

224 2272 418 2301 mandamus
435 2277 610 2311 quatenus,
623 2275 650 2304 si
665 2284 729 2313 qua
745 2275 809 2305 alia
822 2281 935 2307 contra
951 2278 1057 2316 ipsum
1076 2281 1226 2317 poteritis

222 2323 384 2359 invenire,
404 2325 499 2355 nobis
514 2325 654 2356 fideliter
665 2328 898 2365 rescribentes,
918 2330 1025 2368 ipsum
1039 2331 1072 2361 in
1085 2342 1226 2370 persona

222 2375 272 2405 vel
299 2376 413 2411 rebus,
440 2378 612 2408 occasione
640 2379 842 2418 hujusmodi,
868 2391 932 2411 non
958 2384 1157 2421 permittatis
1185 2387 1225 2416 ab

222 2427 390 2466 aliquibus
408 2429 555 2459 indebite
574 2431 762 2468 molestari;
788 2433 1014 2466 molestatores
1036 2437 1225 2476 hujusmodi

221 2488 278 2518 per
305 2490 479 2510 censuram
508 2482 767 2513 ecclesiasticam
796 2490 856 2515 etc.
887 2487 980 2523 Quod
1008 2489 1035 2518 si
1064 2499 1127 2519 non
1156 2500 1225 2520 001-

221 2540 279 2562 nes
301 2537 361 2562 ete.
386 2534 460 2563 Non
485 2534 635 2565 obstante
652 2535 862 2574 indulgentia
885 2548 948 2577 qua
970 2540 1008 2569 de
1031 2543 1140 2572 causis
1162 2553 1224 2582 (1110

220 2593 277 2622 per
302 2585 430 2615 litteras
456 2586 654 2624 apostolicas
681 2590 945 2626 committuntur,
974 2597 1007 2621 tu
1034 2594 1096 2629 fili,
1123 2596 1225 2625 frater

219 2637 374 2672 Roberte‚
388 2638 514 2668 invitus
528 2648 725 2676 cognoscere
745 2651 809 2671 non
827 2644 960 2674 teneris.
978 2645 1051 2675 Dat.
1068 2647 1222 2683 viterbii,

217 2689 247 2718 V
262 2689 337 2719 idus
353 2690 476 2726 martii,
495 2700 580 2721 anno
600 2701 696 2722 nono.
717 2705 729 2720 n

288 2846 407 2874 300³?
781 2852 914 2886 Viterbe,
932 2854 964 2880 13
979 2863 1056 2882 mars
1072 2857 1150 2884 1236.

255 2906 358 2934 Sancti
379 2909 504 2935 Romani
527 2909 563 2936 de
585 2910 687 2938 Castro
701 2912 843 2947 Airaudi,
866 2915 902 2941 de
924 2915 1008 2943 Bello
1030 2918 1120 2946 Fonte
1138 2923 1165 2947 et
1188 2922 1223 2949 de

1314 338 1462 363 Buisseria
1480 338 1636 371 prioribus.
1655 338 1841 365 pictavensis
1857 338 2013 372 dioecesis,
2030 349 2146 368 causam
2163 342 2238 371 int-er
2253 345 2311 372 Isa-

1313 385 1420 411 bellam
1441 384 1487 420 [tle
1507 385 1704 420 lingulis-nia]q
1725 387 1871 420 quondam
1894 388 2024 421 reginam
2046 389 2185 424 Angliae,
2204 399 2237 418 ex
2254 401 2312 421 una,

1313 438 1404 467 parte,
1422 436 1448 459 et
1468 434 1619 460 Simonem
1637 434 1672 460 (le
1689 435 1835 467 Pissiaeo,
1853 444 1887 462 ex
1911 437 2018 469 altera,
2039 445 2124 471 super
2140 439 2309 472 quibusdam

1313 482 1544 515 possessionibus
1559 485 1584 508 et
1603 483 1671 509 aliis
1688 483 1783 515 rebus,
1799 484 1834 509 ad
1850 484 1983 510 eamdem
1996 485 2127 518 reginam
2141 488 2251 516 ratione
2261 489 2312 517 do-

1312 530 1350 556 tis
1367 538 1434 556 suae
1449 531 1666 564 spectantibus,
1682 534 1812 558 exortam
1823 553 1829 564 ,
1847 533 2009 560 committit
2023 534 2197 562 audiendam
2211 540 2239 564 et
2254 540 2311 564 ter-

1313 578 1500 609 minandam,
1523 579 1654 611 alioquin
1676 580 1710 605 ad
1733 580 1926 613 apostolicum
1948 590 2071 608 examen
2094 584 2308 613 remittendam.

1312 627 1444 658 —OEm
1464 626 1610 659 1S,f.117
1627 630 1665 658 r⁰;
1681 636 1749 654 ann.
1766 628 1818 660 IX,
1836 637 1860 654 e.
1878 629 1951 659 419.)

1353 773 1364 785 (t
1394 783 1412 788 ,,
1437 761 1544 789 Sancti
1562 762 1690 789 Romani
1706 762 1739 789 ‹Ie
1758 762 1861 791 Castro
1877 763 2026 799 Airamli,
2046 786 2065 792 ..
2083 765 2115 793 de
2133 765 2209 794 Bello
2225 767 2312 796 Fonte

1312 817 1336 840 et
1354 835 1374 840 ..
1395 813 1428 841 ‹Ic›
1451 814 1603 841 incisi-erio
1625 815 1797 851 prioribus,
1822 815 2010 844 Pictarensis
2029 817 2162 846 diocesis.
2185 818 2311 849 Nobilis

1311 865 1432 894 mulier
1449 865 1621 899 Ysabclla,
1645 866 1809 904 quondam
1835 867 1950 904 regina
1969 868 2102 906 Anghe,
2122 871 2310 902 transmissa

1312 918 1406 946 nobis
1436 918 1593 955 petitione
1620 919 1815 948 monstravit
1841 920 1937 958 (10011,
1970 921 2067 960 [eum]
2093 922 2213 952 dudum
2241 923 2310 962 ipsa

1312 970 1455 1000 nobilem
1475 971 1580 1000 virum
1598 972 1775 1009 Synionem
1795 972 1833 1001 tle
1851 973 2010 1009 Pissiaco,
2029 975 2226 1006 Parisiensis
2242 977 2310 1007 dio-

1311 1023 1406 1057 cesis,
1429 1032 1527 1061 super
1551 1024 1749 1062 quibusdam
1771 1026 2039 1062 possessionibus
2059 1033 2089 1058 et
2109 1027 2205 1058 rebus
2224 1028 2306 1066 aliis,

1310 1076 1438 1105 ratione
1467 1076 1551 1105 dotis
1579 1086 1637 1106 sue
1664 1078 1890 1114 spectantibus
1914 1078 1954 1107 ad
1981 1079 2127 1115 eandem,
2156 1089 2262 1110 coram
2288 1105 2307 1111 ..

1311 1128 1418 1166 priore
1436 1128 1472 1157 de
1491 1129 1591 1166 Fagia
1608 1134 1638 1158 et
1652 1130 1882 1168 conjudicilms
1897 1131 1976 1166 suis,
1997 1131 2154 1170 delegatis
2171 1142 2188 1162 a
2205 1133 2308 1169 nobis,

1310 1181 1464 1210 traxisset
1482 1181 1515 1209 in
1533 1191 1683 1216 causam,
1703 1182 1802 1211 iidem
1822 1183 1951 1222 judices
1972 1184 2006 1213 in
2023 1189 2146 1222 partem
2164 1185 2307 1219 alteram,

1310 1239 1440 1273 propter
1457 1235 1562 1272 ipsius
1582 1236 1822 1265 contumaciam
1843 1237 2071 1272 manifestam,
2090 1239 2309 1268 excommuni-

1310 1287 1450 1316 cationis
1473 1288 1690 1322 sententiam,
1717 1288 1866 1326 exigente
1885 1289 2027 1327 justitia,
2051 1290 2307 1328 promulgarunt,

1309 1349 1406 1378 quam
1424 1349 1481 1377 per
1499 1344 1563 1369 tres
1583 1349 1687 1369 annos
1709 1345 1739 1369 et.
1756 1341 1898 1379 amplius
1920 1342 2132 1380 pertinaciter
2151 1343 2307 1376 toleravit.

1309 1392 1457 1430 Cumque
1475 1392 1682 1429 postmodum
1704 1392 1810 1422 dictus
1829 1393 1874 1428 S.,
1893 1393 2005 1423 dicens
2025 1394 2152 1433 judices
2172 1395 2259 1433 ipsos
2274 1396 2306 1425 in

1310 1455 1383 1475 eum
1407 1446 1479 1474 sine
1503 1454 1602 1474 causa
1625 1445 1834 1480 rationabili,
1861 1446 1951 1476 nulla
1968 1448 2219 1478 commonitione
2236 1457 2308 1486 pre-

1309 1499 1422 1531 missa,
1442 1503 1555 1527 contra
1574 1498 1739 1535 generalis
1755 1503 1878 1528 statuta
1891 1499 2024 1529 concilii
2042 1499 2161 1529 dictam
2178 1505 2307 1531 senten-

1310 1551 1388 1580 tiam
1402 1550 1640 1588 promulgasse,
1655 1551 1815 1589 quasdam
1831 1551 1871 1580 ad
1883 1560 1937 1581 eos
1949 1556 1979 1581 et
1994 1551 2076 1582 alias
2093 1552 2132 1581 ad
2147 1552 2306 1591 quondam

1311 1627 1330 1633 ..
1350 1604 1499 1633 abbatem
1519 1604 1653 1642 Majoris
1671 1604 1864 1634 Monasterii
1880 1605 2081 1634 Turonensis
2098 1609 2128 1635 et
2144 1605 2212 1644 ejus
2233 1614 2308 1635 con-

1305 1657 1434 1696 judices
1454 1667 1469 1686 a
1490 1657 1586 1686 nohis
1602 1657 1636 1686 in
1654 1661 1811 1687 consueta
1827 1657 1933 1687 forma
1949 1657 2075 1688 litteras
2092 1659 2305 1696 impetrasset,

1309 1710 1421 1739 eodem
1439 1710 1555 1738 abbate
1571 1709 1705 1739 interim
1721 1710 1850 1739 sublato
1864 1710 1902 1740 de
1920 1710 2037 1746 medio,
2056 1711 2134 1740 dicti
2148 1711 2217 1750 ejus
2232 1719 2308 1740 con-

1305 1762 1449 1800 judices,
1486 1762 1632 1791 mandati
1666 1763 1770 1791 nostri
1796 1764 1881 1792 lines
1909 1772 2079 1801 perperam
2106 1763 2304 1798 excedentes,

1308 1815 1506 1845 sententiani
1523 1815 1639 1853 ipsam,
1659 1816 1698 1844 ab
1716 1816 1828 1845 eodem
1844 1816 1876 1845 S.
1896 1815 1986 1845 nulla
2002 1816 2153 1846 cautione
2170 1821 2306 1854 recepta.

1308 1873 1421 1897 contra
1434 1868 1599 1906 justitiam
1622 1868 1822 1897 relaxarunt.
1843 1870 1950 1904 Quare
1969 1868 2055 1898 dicta
2075 1868 2195 1898 nobilis
2215 1868 2307 1897 nobis

1306 1920 1479 1949 humiliter
1499 1920 1697 1958 supplicavit
1715 1925 1765 1956 ut,
1785 1930 1859 1950 cum
1879 1921 1913 1950 111
1935 1930 2035 1950 causa
2056 1921 2142 1959 ipsa,
2165 1921 2232 1951 sere
2252 1930 2307 1959 per

1308 1973 1505 2003 decennium
1527 1978 1715 2011 prorogata,
1737 1973 1807 2003 litis
1829 1973 2040 2009 contestatio,
2060 1978 2190 2012 propter
2205 1973 2308 2012 partis

1307 2025 1445 2056 alterius
1463 2026 1688 2064 subterfugia,
1707 2027 1896 2065 nequiverit
1918 2026 2075 2061 obtineri,
2099 2026 2307 2064 dignaremur

1307 2078 1371 2107 sibi
1389 2088 1488 2116 super
1503 2078 1565 2109 hoc
1581 2083 1718 2118 paterna
1731 2080 1939 2118 providentia
1953 2079 2140 2110 subvenire.
2154 2079 2307 2110 Volentes

1307 2131 1409 2169 igitur
1427 2132 1560 2162 obviare
1574 2132 1737 2167 -malitiis,
1762 2133 1819 2171 qui
1841 2141 1955 2171 pacem
1978 2132 2050 2162 fieri
2066 2132 2215 2170 cupimus
2232 2131 2306 2161 uni-

1308 2184 1425 2218 versis,
1449 2184 1644 2214 mandamus
1669 2189 1851 2223 quatenus,
1868 2185 2029 2215 facientes
2048 2184 2139 2214 vobis
2159 2183 2307 2214 obtentas

1307 2236 1386 2266 hinc
1400 2237 1476 2267 inde
1488 2237 1616 2267 litteras
1634 2242 1664 2267 et
1680 2247 1854 2276 processus
1870 2246 1995 2276 pereas
2007 2237 2136 2267 habitos
2148 2236 2304 2270 exhiberi,

1308 2289 1567 2326 exceptionibus,
1593 2290 1621 2319 si
1633 2300 1705 2335 ,(1110
1732 2291 1855 2326 forsan,
1878 2290 2050 2320 occasione
2072 2289 2255 2319 litterarum
2275 2293 2306 2318 et

1306 2350 1521 2379 processuum
1537 2343 1732 2378 eorundem,
1748 2343 1913 2373 malitiose
1930 2343 1970 2372 ad
1985 2342 2237 2372 retardationem
2253 2349 2306 2370 ne-

1307 2394 1387 2431 gotii
1415 2400 1651 2432 proponantur,
1682 2404 1891 2434 nequaquam
1916 2394 2139 2429 obstantibus,
2164 2393 2304 2424 audiatis

1307 2455 1440 2475 eausam
1464 2451 1495 2476 et
1516 2456 1604 2483 eam,
1630 2448 1658 2477 si
1682 2447 1720 2477 de
1740 2448 1885 2486 partium
1907 2447 2074 2477 voluntate
2098 2445 2303 2485 processerit,

1307 2499 1526 2537 appellatione
1540 2504 1675 2536 remota,
1691 2509 1774 2539 equo
1787 2501 1913 2540 judicio
1929 2499 1979 2530 vel
1993 2499 2176 2534 concordia,
2191 2497 2304 2528 saltem

1306 2551 1395 2581 infra
1406 2561 1530 2581 annum
1541 2557 1614 2590 post
1626 2553 1868 2591 susceptionem
1878 2552 2092 2591 presentium,
2105 2549 2303 2582 terminetis;

1306 2604 1454 2642 alioquin
1479 2614 1550 2634 eam
1573 2606 1776 2636 sufficienter
1797 2606 1995 2636 instructam
2021 2604 2060 2634 ad
2085 2607 2232 2633 nostrum
2253 2610 2304 2631 re-

1305 2657 1445 2686 mittatis
1470 2666 1625 2693 examen,
1650 2659 1849 2696 pretigentes
1872 2657 2021 2696 partibus
2041 2656 2216 2686 terminum
2232 2662 2303 2693 per-

1306 2709 1503 2747 emptorium
1521 2714 1771 2748 competentem,
1787 2719 1851 2749 quo
1867 2719 1925 2749 per
1943 2718 1978 2740 se
1995 2709 2046 2739 vel
2061 2711 2302 2747 procuratorem

1305 2760 1460 2791 idoneum
1491 2772 1525 2792 se
1550 2767 1662 2793 nostro
1687 2763 1877 2802 conspectui
1899 2764 2142 2800 representem,
2168 2759 2302 2799 justam,

1306 2804 1404 2844 dante
1418 2816 1570 2851 Domino,
1585 2816 1783 2846 sententiam
1799 2820 1980 2854 recepture.
1994 2815 2106 2845 Testes
2118 2816 2225 2843 autem
2241 2815 2301 2840 etc..

1305 2867 1379 2896 Non
1402 2867 1553 2898 obstante
1576 2869 1812 2899 constitutione
1835 2868 1873 2898 de
1896 2867 2022 2897 duabus
2044 2865 2141 2896 dietis
2159 2863 2245 2894 edita
2267 2861 2301 2891 in

1306 2919 1446 2949 concilio
1479 2920 1641 2957 generali,
1667 2921 1713 2950 ita
1741 2925 1848 2950 tamen
1874 2919 1960 2959 quod
1982 2918 2069 2948 ultra
2095 2915 2224 2947 tertiam
2253 2913 2304 2943 vel
