2423 3487
127 307 181 337 351
851 293 1090 326 REGISTRES
1112 291 1167 321 DE
1190 282 1412 320 GREGOIRE
1435 291 1494 320 1x.
2165 285 2222 316 352

130 372 240 400 Hilarii
254 369 442 398 Pictavensis
457 371 482 394 et
498 368 627 401 ipsorum
641 364 812 391 hominibus
824 371 838 389 a
852 362 972 389 domina
985 358 1133 392 Bellijoci,

130 419 325 447 Bituricensis
342 416 494 447 dioecesis,
508 414 654 447 irrogatis,
666 428 697 431 —
711 420 798 446 super
814 419 869 445 qua
881 409 1007 436 diversis
1019 410 1134 441 aposto-

130 469 196 495 licis
208 467 316 494 litteris
328 466 363 492 ad
378 465 509 491 diversos
521 463 633 496 judices
646 461 825 495 impetratis,
838 462 866 486 et
877 468 893 485 a
902 457 1079 492 quibusdam
1091 464 1135 482 eo-

128 516 263 544 rumdem
275 514 420 548 judicum,
433 512 575 539 videlicet
588 510 690 537 Sancti
703 509 830 536 Romani
842 508 877 534 de
894 507 996 534 Castro
1009 504 1135 532 Airaudi

103 571 106 573 ⁴
131 568 157 591 et
181 563 283 591 Sancti
309 562 384 590 Justi
410 561 445 587 <le
471 559 664 593 Calvigniaco
683 557 830 592 prioribus
844 559 872 582 et
888 563 986 581 eorum
1004 553 1134 587 collegis,

131 613 231 639 eadem
253 610 372 637 domina
390 610 582 643 prox-ocante,
597 616 612 633 a
637 606 712 634 Sede
733 604 904 639 Apostolica
920 603 996 629 aliae
1019 602 1136 628 litterae

130 661 165 687 ad
187 659 361 693 magistrum
383 658 505 684 Petrum
528 656 564 682 de
584 655 687 682 Monte
700 653 820 680 Valerio
841 655 868 679 ct
885 660 951 678 suos
966 649 1136 683 conjudices

130 710 322 739 emanarant;
339 706 404 740 qui,
422 705 521 732 citatis
542 704 632 731 semel
652 702 800 737 partibus,
819 700 919 728 Giloni
937 699 1070 730 Ravelli,
1087 706 1136 724 ca-

131 757 236 784 nonico
251 755 354 783 Sancti
370 753 558 787 Austregisili
576 751 783 781 Bituricensis,
800 750 919 783 suisque
935 747 1054 781 collegis
1071 755 1136 774 cau-

130 815 176 833 sas
192 804 438 840 appellationum,
451 811 507 829 non
525 803 601 828 {acta
616 800 766 827 mentione
782 799 817 825 de
833 797 992 832 principali
1010 795 1135 829 negotiO,

131 855 172 881 eis
201 852 406 887 ignorantibus
417 872 423 883 ,
454 849 663 877 commiserant
677 857 683 879 ;
717 856 790 881 quae
821 855 907 873 causa
920 867 926 878 ,
959 844 1136 879 quibusdam

131 902 299 930 eorumdem
317 900 505 934 conjudicum
523 897 718 925 existentibus
735 897 765 923 in
788 895 859 922 locis
880 896 910 921 in
929 894 1035 928 quibus
1054 895 1137 920 erant

133 952 264 985 eiusdem
282 950 419 976 dominae
435 952 463 975 et
479 948 541 981 ejus
558 946 612 973 filii
634 944 856 979 consanguinei,
873 943 961 970 valde
976 942 1018 969 ibi
1035 944 1138 976 poten-

132 1001 220 1027 tiores
243 999 370 1029 eisdem,
387 999 413 1023 et
430 997 462 1023 in
478 1000 556 1023 terra
572 995 692 1021 illorum
714 992 891 1020 habentibus
913 990 1091 1026 patrimonia
1111 992 1139 1016 et

133 1050 283 1084 parentes,
301 1055 389 1074 causa
409 1044 586 1079 suspicionis
605 1043 758 1077 implicata
782 1043 892 1073 fuerat,
910 1055 941 1058 —
957 1039 1137 1070 terminent;

133 1096 281 1131 alioquin,
299 1095 323 1122 si
344 1097 441 1129 partes
462 1102 519 1120 11011
538 1091 751 1123 consenserint,
774 1090 908 1117 eamdem
933 1097 1067 1120 causam,
1089 1095 1140 1122 per

133 1145 243 1180 viginti
256 1152 348 1171 annos
362 1145 390 1170 et
406 1141 535 1176 amplius
549 1142 741 1175 protractam,
756 1138 792 1165 ad
806 1146 930 1165 examen
944 1136 1139 1171 apostolicum

134 1194 300 1221 remittant.
318 1207 350 1210 —
367 1192 453 1224 (Bm.
470 1190 519 1222 18,
537 1191 557 1216 f.
575 1189 624 1216 141
641 1192 686 1220 5⁷⁰3
703 1196 772 1214 ann.
787 1187 832 1219 X,
849 1195 874 1213 c.
888 1186 946 1217 25.)

177 1308 190 1322 «
211 1318 230 1323 ..
250 1294 514 1332 archipresbitero,
535 1315 553 1320 ..
571 1290 792 1320 archidiacono
808 1293 832 1317 el
850 1289 997 1325 magistro
1014 1287 1140 1321 Andree,

136 1349 284 1379 canonico
316 1346 550 1376 Turonensibns.
579 1344 644 1373 Sua
670 1342 766 1371 nobis
791 1364 810 1370 ..
837 1340 1068 1370 thesaurarius
1092 1357 1140 1368 —.

136 1402 210 1430 Dat.
229 1399 389 1433 Viterbii,
407 1399 491 1428 XIII
509 1396 670 1426 kalendas
689 1394 821 1433 aprilis.
840 1402 926 1423 anno
946 1393 1073 1423 decimo
1088 1394 1108 1421 1,
1129 1404 1142 1418 1)

211 1604 328 1632 3086
720 1600 853 1632 Viterbe,
870 1599 885 1625 9
902 1599 978 1625 avril
994 1598 1072 1625 1236.

174 1667 284 1695 Abbati
304 1667 405 1693 Bellae
420 1666 535 1697 Villae,
553 1663 643 1698 priori
662 1663 760 1690 Vallis
784 1661 971 1689 Scholarium
993 1663 1021 1687 et
1037 1661 1147 1687 decano

138 1716 294 1748 Belnensi,
312 1714 517 1741 visitatoribus
536 1712 781 1740 monasteriorum
804 1712 1008 1744 exemptorum
1026 1709 1147 1743 provin—

139 1765 201 1792 ciae
226 1762 443 1797 Lugdunensis,
466 1762 589 1789 mandat
612 1764 757 1795 quatenus
776 1758 988 1786 monasterium
1005 1758 1148 1785 Virzilia-

140 1821 225 1840 cense
238 1812 378 1844 visitent,
398 1810 540 1838 facientes
556 1809 705 1837 observari
727 1810 839 1835 statuta
859 1806 991 1834 salubria
1010 1806 1081 1833 olim
1097 1814 1149 1840 per

139 1862 357 1888 Nivernensem
388 1859 558 1894 episcopum
584 1861 610 1885 et
639 1857 864 1884 convisitatores
887 1856 950 1889 ejus
972 1855 1149 1882 auctoritate

139 1910 298 1944 apostolica
314 1908 404 1940 edita,
421 1910 450 1934 et
466 1916 498 1934 ea
515 1915 589 1941 quae
605 1906 677 1940 ipsis
694 1905 747 1932 sub
763 1905 845 1931 bulla
858 1904 1020 1931 interclusa
1036 1903 1073 1930 ab
1085 1903 1149 1937 ipso

139 1966 215 1992 papa
231 1957 320 1984 missa
335 1956 405 1989 sint,
424 1964 480 1982 non
495 1955 630 1982 obstante
645 1953 803 1988 privilegio
818 1953 867 1978 vel
881 1951 1070 1985 indulgentia
1084 1959 1149 1985 spe-

139 2006 220 2039 ciali,
233 2005 339 2040 quibus
355 2004 466 2031 dicitur
479 2012 541 2030 esse
552 2005 672 2030 cautum
685 2005 717 2029 ut
731 2002 809 2028 idem
823 2000 1037 2027 monasterium
1053 1999 1150 2026 nemi-

140 2063 207 2082 nem
225 2057 360 2081 teneatur
374 2053 410 2080 ad
422 2052 626 2079 visitationem
639 2051 778 2085 recipere,
791 2050 850 2076 nisi
862 2049 897 2076 de
909 2049 1049 2075 mandato
1065 2048 1150 2075 Sedis

139 2103 327 2137 Apostolicae
343 2101 476 2136 speciali,
489 2101 537 2127 vel
552 2100 601 2134 qui
619 2100 655 2126 ad
669 2108 716 2126 eos
728 2107 785 2125 non
798 2098 889 2125 fuerit
902 2097 938 2124 de
950 2097 1044 2131 ipsius
1058 2104 1151 2131 papae

140 2153 232 2179 latere
254 2151 437 2182 destinatus;
459 2152 605 2181 ceterum,
627 2148 760 2182 ejusdem
782 2146 956 2174 monasterii
980 2146 1150 2177 monachos,

139 2200 255 2227 seilicet
276 2199 441 2227 Johannem
457 2198 493 2224 de
509 2197 609 2230 Edua,
632 2196 799 2224 Guidonem
816 2195 929 2222 dictum
944 2193 1102 2221 Notarium
1124 2195 1152 2220 et

141 2248 319 2276 Gaufridum
339 2247 373 2273 de
394 2244 567 2281 Avalon[e],
585 2245 635 2280 qui
649 2245 685 2272 ad
702 2245 868 2271 Romanam
883 2243 1004 2271 Curiam
1022 2249 1152 2269 accesse-

139 2300 217 2330 rant,
239 2300 267 2324 et
288 2304 358 2330 quos
379 2295 415 2322 ab
435 2293 754 2322 excommunicationis
773 2291 922 2319 sententia
943 2300 1031 2325 quam
1053 2291 1084 2317 in
1105 2299 1152 2317 eos

140 2345 230 2374 abbas
252 2344 478 2371 Virziliacensis
503 2343 629 2375 tulerat,
655 2342 719 2376 ipse
741 2349 817 2376 papa
846 2340 1017 2372 remiserat,
1040 2339 1153 2366 faciant

139 2396 171 2422 in
193 2395 271 2423 dicto
293 2392 471 2421 monasterio
492 2392 613 2427 pacifice
636 2399 804 2423 remanere,
822 2390 899 2425 ipsos
919 2389 1151 2421 nichilominus,

140 2445 165 2471 si
190 2442 353 2478 culpabiles
373 2441 562 2474 invenerint,
585 2440 765 2467 correctione
788 2438 888 2466 debita
911 2438 1099 2472 castigantes.
1120 2452 1151 2455 —

142 2493 227 2526 (Rae.
241 2492 286 2525 18,
304 2492 323 2518 f.
341 2491 393 2518 142
405 2494 442 2523 r⁰;
457 2499 526 2518 ann.
539 2490 580 2523 X,
596 2498 619 2516 c.
633 2489 690 2520 26.)

184 2607 196 2621 «
217 2617 236 2622 ..
255 2594 356 2622 abbati
369 2593 445 2621 Belle
466 2592 548 2625 Villo,
566 2613 586 2618 ..
602 2590 705 2628 priori
724 2590 814 2619 Vallis
830 2589 1005 2618 Scolarium
1022 2593 1047 2617 et
1066 2588 1154 2626 ..hde-

142 2655 218 2677 cano
242 2646 400 2679 Belnenst‘,
426 2643 638 2673 visitatoribus
663 2642 921 2671 monasteriorum
946 2646 1152 2678 eoeemptorum

177 2787 198 2810 1.
212 2785 250 2809 La
264 2784 383 2808 dixit-me
398 2783 485 2807 aunee
499 2783 536 2806 du
550 2782 693 2813 pontificat
707 2781 740 2805 de
754 2781 887 2811 Gregoire
902 2780 939 2803 1x
954 2780 1065 2810 n'ayant
1079 2787 1154 2803 com-

142 2829 239 2853 11101]ςέ
255 2835 308 2858 quc
324 2828 348 2851 lo
363 2827 390 2850 ζ21
409 2833 481 2850 mars
498 2826 570 2853 1236,
588 2826 605 2849 11
621 2833 639 2856 y
656 2833 671 2848 a
687 2824 884 2848 ccrtainement
901 2830 955 2846 une
972 2830 1067 2846 erreur
1087 2823 1155 2846 dans

143 2875 168 2897 la
185 2874 247 2896 date
264 2873 297 2895 de
314 2875 384 2895 cette
401 2870 493 2901 piecc3
516 2877 550 2893 ou
571 2870 634 2893 bien
652 2871 762 2893 decimo
779 2871 819 2892 est
835 2875 905 2898 pour
924 2874 1014 2892 nono:
1036 2875 1070 2891 ou
1092 2867 1155 2891 bien

144 2920 245 2948 aprilis
262 2920 303 2940 est
318 2922 388 2947 pour
405 2916 491 2942 maiiJ
507 2922 542 2937 ou
559 2914 632 2941 bien,
650 2913 731 2940 enfin,
747 2913 861 2936 l'erreur
877 2915 916 2935 est
934 2912 1002 2935 dans
1018 2914 1092 2939 XIII,
1110 2912 1155 2942 qui

145 2966 185 2986 est
203 2961 342 2992 peut-etro
359 2966 429 2990 pour
447 2961 518 2982 VIII.

1215 357 1376 394 provincie
1393 357 1613 394 Lugdunensis.
1632 355 1841 384 Presentium
1855 354 1948 384 vohis
1963 353 2157 383 auctoritate
2173 370 2222 381 ——.

1217 409 1290 438 Dat.
1307 408 1462 442 viterbii,
1480 409 1509 437 V
1525 408 1600 437 idus
1618 406 1749 445 aprilis,
1770 415 1857 436 anno
1874 406 2010 436 decimo.
2035 418 2048 431 »

1289 604 1408 633 308¹?
1783 603 1916 635 Viterbe‚
1933 603 1967 629 12
1982 603 2059 630 avril
2075 602 2153 630 1236.

1253 667 1363 695 Abbati
1377 667 1610 699 vindocinensi,
1628 666 1819 694 Carnotensis
1839 666 1996 697 dioecesis,
2017 666 2139 692 mandat
2155 673 2228 700 qua-

1218 720 1303 744 tenus
1320 716 1464 751 quaedam
1481 719 1593 743 statuta
1609 724 1660 750 pro
1676 715 1886 742 reformatione
1899 723 1932 741 ae
1944 717 2022 742 statu
2034 715 2228 742 monasterio-

1219 774 1283 792 rum
1301 765 1414 793 ordinis
1434 765 1530 792 sancti
1547 765 1704 792 Benedicti
1721 773 1771 791 seu
1794 764 1907 790 ordinis
1925 764 2011 798 Nigri
2030 764 2036 780 ¹
2058 764 2115 798 ipsi
2138 764 2229 791 missa

1219 815 1353 842 observet
1375 816 1403 841 et
1424 814 1514 841 faciat
1535 813 1703 845 observari3
1725 813 1895 847 specialiter
1915 821 2057 839 canonem
2075 812 2182 839 missae
2197 812 2228 839 in

1220 863 1305 890 libris
1328 863 1501 890 monasterii
1522 862 1651 889 adscribi
1673 861 1762 888 faciat
1783 864 1810 888 et
1831 870 1846 887 a
1869 860 2087 888 celebrantibus
2107 861 2164 895 legi
2185 869 2230 888 se-

1221 912 1349 939 cundum
1372 911 1522 938 Ecclesiae
1542 911 1694 937 Romanae
1714 918 1835 937 morem.
1859 924 1890 928 —-
1912 910 1998 941 (Bm.
2015 909 2064 942 18,
2086 910 2106 936 f.
2123 909 2174 936 142
2190 912 2229 942 1⁸⁹3

1221 968 1290 987 ann.
1307 960 1351 992 X,
1369 968 1393 986 c.
1410 959 1444 986 26
1460 959 1522 989 bis.)

1265 1073 1278 1086 «
1305 1083 1322 1088 ..
1346 1061 1469 1089 abbo1i²
1497 1060 1743 1093 ll'indocinensi,
1773 1059 1968 1088 Car-nolensis
1991 1059 2127 1088 diocesis.
2149 1058 2233 1089 Cum

1224 1113 1365 1152 quedam
1388 1117 1510 1156 statuta
1529 1121 1587 1150 pro
1603 1111 1840 1142 reformatione
1857 1120 1893 1141 ac
1910 1115 1998 1141 statu
2014 1111 2234 1142 monasterio-

1224 1175 1298 1196 rum
1323 1166 1451 1195 ordinis
1475 1165 1581 1195 sancti
1606 1165 1781 1195 Benedicti
1803 1168 1833 1194 et
1856 1164 2002 1202 regulari
2023 1163 2234 1194 observantia

1226 1219 1264 1249 de
1286 1219 1428 1248 fratrum
1451 1223 1640 1248 nostrorum
1663 1217 1829 1255 [consilio]
1849 1217 2068 1252 ediderimus,
2088 1226 2152 1256 que
2173 1217 2235 1247 sub

1225 1271 1317 1301 bulla
1331 1275 1444 1301 nostra
1461 1271 1523 1300 tibi
1538 1270 1702 1300 mittimus
1724 1269 1917 1305 interclusa,
1937 1269 2134 1299 mandamus
2153 1278 2235 1309 qua-

1226 1329 1323 1354 tenus
1341 1324 1455 1354 eadem
1472 1328 1503 1354 et
1520 1328 1555 1353 tu
1571 1323 1642 1361 ipse
1659 1323 1815 1353 observes
1832 1326 1863 1352 et
1879 1322 1983 1352 facias
2002 1331 2019 1352 a
2038 1322 2105 1352 tuis
2121 1322 2236 1352 subdi-

1227 1377 1269 1406 tis
1287 1376 1529 1406 inviolabiliter
1545 1376 1731 1411 observari,
1757 1375 1953 1405 dilectorum
1971 1375 2114 1405 filiorum
2138 1398 2156 1404 ..
2179 1375 2237 1405 ab·

1228 1430 1314 1459 batis
1326 1429 1581 1464 Nuchariensis,
1595 1428 1800 1459 Turonensis
1812 1428 1965 1463 diocesis,
1980 1451 1999 1456 1.
2011 1427 2237 1458 archidiaconi

1227 1483 1528 1521 Transvigenensis
1550 1487 1581 1513 et.
1607 1506 1626 1511 ..
1653 1482 1845 1512 cancellarii
1864 1482 2088 1517 Turonensis,
2116 1481 2238 1520 quibus

1229 1544 1328 1574 super
1345 1535 1407 1566 hoc
1424 1535 1546 1574 scripta
1564 1540 1678 1565 nostra
1700 1535 1887 1572 dirigimus,
1906 1543 2029 1564 usurus
2046 1533 2186 1564 consilio
2201 1534 2236 1563 in

1228 1589 1396 1628 predictis.
1416 1589 1584 1620 Canonem
1603 1598 1733 1627 quoque
1750 1588 1851 1618 misse
1866 1592 1896 1618 et
1912 1588 1947 1617 in
1963 1587 2060 1618 libris
2075 1592 2239 1618 monaste-

1229 1642 1272 1671 rii
1293 1642 1352 1676 tui,
1374 1642 1462 1680 quod
1485 1641 1525 1671 ad
1548 1650 1607 1671 nos
1630 1640 1721 1670 nullo
1742 1640 1851 1670 medio
1875 1645 2022 1678 spectare
2041 1640 2237 1675 dinoscitur,

1230 1694 1332 1725 scribi
1350 1699 1381 1724 et
1397 1703 1415 1724 a
1431 1693 1678 1724 celebrantibus
1701 1693 1766 1731 legi
1784 1693 1911 1723 faciens
1931 1693 2114 1723 secundum
2131 1692 2240 1723 Eccle-

1231 1748 1279 1778 sie
1296 1748 1444 1777 Romane
1461 1756 1603 1781 morem,
1625 1746 1771 1784 corrigas
1791 1750 1821 1775 et
1844 1746 2020 1781 reformes,
2041 1745 2068 1776 si
2088 1754 2153 1784 qua
2168 1754 2241 1775 cor-

1231 1800 1369 1838 rigenda
1403 1800 1453 1830 vel
1481 1799 1693 1829 reformanda
1716 1799 1751 1828 in
1779 1799 1851 1837 ipso
1882 1798 2083 1828 monasterio
2106 1798 2182 1837 [tuo]
2209 1802 2242 1828 et

1231 1852 1390 1883 membris
1410 1853 1481 1892 ejus
1497 1852 1679 1887 inveneris,
1698 1861 1761 1890 que
1777 1851 2015 1890 comprehensa
2034 1856 2099 1881 non
2115 1852 2242 1882 fuerint

1232 1906 1266 1935 in
1284 1905 1437 1935 articulis
1456 1905 1491 1934 in
1513 1904 1707 1943 hujusmodi
1733 1904 1943 1934 ordinatione
1967 1904 2144 1934 contentis.
2166 1905 2241 1934 Dat.

1232 1959 1391 1994 Viterbii,
1414 1960 1446 1989 ΙΙ
1464 1959 1539 1988 idus
1557 1958 1685 1996 aprilis,
1705 1967 1792 1988 anno
1808 1957 1948 1988 decimo.
1968 1970 1980 1984 »ι

1305 2158 1425 2188 3088

1272 2232 1283 2244 «
1311 2223 1344 2249 In
1369 2222 1495 2249 eundem
1529 2223 1589 2248 fere
1621 2221 1741 2248 modum
1769 2209 1913 2254 scriptum
1945 2227 2032 2253 super
2061 2219 2115 2246 hoc
2143 2218 2243 2244 eisdem

1234 2269 1264 2305 [..
1293 2270 1386 2296 abbati
1415 2269 1616 2302 Nuchariensi,
1651 2269 1817 2294 Turonensis
1846 2268 1966 2300 diocesis,
2001 2288 2019 2294 ..
2049 2266 2244 2293 archidiacono

1236 2318 1467 2350 Transviyencnsi
1487 2319 1511 2343 et
1538 2337 1554 2342 1.
1576 2317 1743 2343 cancellario
1762 2314 1936 2349 Turonensil,
1952 2323 2044 2353 usque
2061 2323 2067 2341 ι
2085 2314 2242 2342 contentis.

1235 2366 1360 2400 Ideoque
1379 2366 1557 2393 mandamus
1577 2368 1723 2400 quatenus
1746 2364 1842 2391 eidem
1865 2363 1966 2390 abbati
1991 2361 2243 2398 [vindocinensiL

1235 2424 1301 2443 cuin
1325 2415 1362 2443 ab
1382 2424 1414 2442 eo
1432 2415 1549 2442 fueritis
1572 2414 1720 2449 requisiti,
1737 2413 1854 2441 salubre
1871 2412 2029 2440 consilium
2050 2411 2242 2447 impendatis,

1236 2464 1364 2498 qualiter
1379 2464 1458 2491 idem
1486 2473 1516 2491 se
1539 2463 1676 2491 habuerit
1698 2463 1729 2490 in
1752 2461 1916 2497 premissis
1940 2460 2025 2488 nobis
2043 2460 2170 2488 fideliter
2183 2468 2247 2487 res-

1236 2513 1371 2548 cripturi.
1390 2513 1475 2545 Quod
1489 2514 1513 2540 si
1530 2521 1588 2540 non
1602 2521 1704 2540 omnes
1718 2515 1772 2539 etc.
1791 2512 1859 2538 Dat.
1874 2513 1906 2538 ut
1923 2518 2019 2544 supra.
2036 2520 2049 2533 r»

1800 2157 1933 2189 Vilerbe,
1950 2156 1983 2183 12
1998 2156 2075 2183 avril
2091 2155 2170 2183 1236.

1270 2647 1290 2670 1.
1313 2647 1351 2671 Ce
1372 2650 1436 2671 sont
1456 2648 1496 2671 les
1516 2650 1625 2671 statuta
1650 2649 1763 2672 ordinis
1783 2648 1863 2676 Niyri
1883 2646 1916 2670 de
1935 2646 2007 2674 1235,
2024 2644 2165 2675 imprimes
2184 2643 2248 2674 plus

1237 2691 1318 2719 haut;
1337 2691 1370 2714 cf.
1387 2698 1488 2721 supra,
1505 2696 1533 2714 n⁰
1549 2691 1618 2715 3045.

1267 2734 1290 2758 ⁸2.
1308 2734 1386 2759 Cettc
1403 2735 1494 2765 picce,
1511 2735 1628 2759 annulee
1647 2742 1696 2766 par
1714 2742 1753 2759 un
1770 2737 1868 2764 vacat,
1886 2734 1956 2758 ainsi
1979 2739 2032 2764 que
2051 2733 2101 2756 l'in
2123 2732 2246 2755 eundem

1238 2780 1356 2802 modun-1
1373 2780 1419 2809 qui
1434 2780 1498 2808 suit,
1514 2783 1541 2803 et
1554 2780 1612 2803 cela
1627 2786 1698 2810 pour
1713 2780 1753 2803 les
1769 2779 1870 2802 memes
1885 2778 1992 2801 raisons
2005 2783 2058 2807 que
2071 2776 2096 2800 le
2111 2777 2186 2799 texte
2199 2774 2248 2798 des

1237 2824 1346 2846 Staluta
1364 2824 1463 2853 auquel
1480 2824 1531 2847 elle
1547 2831 1576 2848 se
1593 2825 1736 2855 rapporte,
1757 2823 1826 2846 n'est
1843 2829 1891 2853 pas
1907 2820 2031 2851 comptee
2052 2820 2120 2843 dans
2135 2820 2161 2843 la
2176 2818 2248 2842 serie

1238 2866 1286 2890 des
1303 2868 1427 2895 capitula
1444 2867 1477 2890 de
1493 2868 1518 2890 la
1534 2867 1568 2890 Xn
1584 2867 1671 2891 annco
1685 2867 1730 2897 (cf.
1748 2867 1808 2896 plus
1825 2866 1890 2893 10111,
1906 2871 1969 2889 aun.
1983 2864 2015 2891 X.
2030 2871 2053 2887 c.
2068 2863 2106 2893 44,
2120 2867 2149 2886 n⁰
2163 2862 2250 2893 3107)-,

1238 2913 1310 2934 cette
1326 2911 1406 2934 lettre
1423 2914 1464 2934 est
1480 2911 1619 2934 d'ailleurs
1635 2911 1792 2941 identique,
1814 2910 1932 2933 mutatis
1948 2908 2110 2937 mutandis,
2126 2906 2141 2930 ‘a
2155 2906 2181 2929 la
2196 2906 2248 2929 lct-

1239 2957 1279 2978 trc
1298 2955 1342 2978 393
1358 2954 1391 2978 de
1407 2955 1432 2977 la
1449 2954 1496 2978 IXe
1511 2956 1600 2978 annee
1615 2954 1658 2982 (cf.
1677 2955 1738 2985 plus
1753 2954 1829 2983 haut,
1846 2957 1874 2976 n⁰
1890 2952 1970 2981 2980).
