<?xml version="1.0" encoding="UTF-8"?>
<!DOCTYPE html PUBLIC "-//W3C//DTD XHTML 1.0 Transitional//EN"
    "http://www.w3.org/TR/xhtml1/DTD/xhtml1-transitional.dtd">
<html xmlns="http://www.w3.org/1999/xhtml" xml:lang="en" lang="en">
 <head>
  <title>
</title>
<meta http-equiv="Content-Type" content="text/html;charset=utf-8" />
  <meta name='ocr-system' content='tesseract 3.04.00' />
  <meta name='ocr-capabilities' content='ocr_page ocr_carea ocr_par ocr_line ocrx_word'/>
</head>
<body>
  <div class='ocr_page' id='page_1' title='image "./lesregistresdale02cathuoft_0565.png"; bbox 0 0 2519 3518; ppageno 0'>
   <div class='ocr_carea' id='block_1_1' title="bbox 94 297 2180 335">
    <p class='ocr_par' dir='ltr' id='par_1_1' title="bbox 94 297 2180 335">
     <span class='ocr_line' id='line_1_1' title="bbox 94 297 2180 335; baseline -0.001 -1"><span class='ocrx_word' id='word_1_1' title='bbox 94 305 164 334; x_wconf 75' lang='lat'>10-21</span> <span class='ocrx_word' id='word_1_2' title='bbox 939 298 1160 335; x_wconf 74' lang='lat' dir='ltr'>nouziEME</span> <span class='ocrx_word' id='word_1_3' title='bbox 1183 297 1340 334; x_wconf 77' lang='lat' dir='ltr'>ANNEE.</span> <span class='ocrx_word' id='word_1_4' title='bbox 2107 302 2180 333; x_wconf 70' lang='lat'>1022</span> 
     </span>
    </p>
   </div>
   <div class='ocr_carea' id='block_1_2' title="bbox 91 371 1097 1242">
    <p class='ocr_par' dir='ltr' id='par_1_2' title="bbox 91 371 1097 1242">
     <span class='ocr_line' id='line_1_2' title="bbox 91 371 1094 410; baseline -0.001 -11"><span class='ocrx_word' id='word_1_5' title='bbox 91 371 293 400; x_wconf 81' lang='lat' dir='ltr'>venerabilis</span> <span class='ocrx_word' id='word_1_6' title='bbox 310 371 422 401; x_wconf 86' lang='lat' dir='ltr'>fratris</span> <span class='ocrx_word' id='word_1_7' title='bbox 437 371 541 401; x_wconf 81' lang='lat' dir='ltr'>nostri</span> <span class='ocrx_word' id='word_1_8' title='bbox 559 395 578 400; x_wconf 95' lang='lat'>..</span> <span class='ocrx_word' id='word_1_9' title='bbox 597 371 741 410; x_wconf 82' lang='lat' dir='ltr'>episcopi</span> <span class='ocrx_word' id='word_1_10' title='bbox 757 371 946 402; x_wconf 78' lang='lat' dir='ltr'>penestrini</span> <span class='ocrx_word' id='word_1_11' title='bbox 964 379 1094 401; x_wconf 85' lang='lat' dir='ltr'>omnem</span> 
     </span>
     <span class='ocr_line' id='line_1_3' title="bbox 92 423 1095 462; baseline -0.001 -10"><span class='ocrx_word' id='word_1_12' title='bbox 92 432 191 462; x_wconf 84' lang='lat' dir='ltr'>quam</span> <span class='ocrx_word' id='word_1_13' title='bbox 209 423 366 454; x_wconf 86' lang='lat' dir='ltr'>adversus</span> <span class='ocrx_word' id='word_1_14' title='bbox 388 424 531 454; x_wconf 89' lang='lat' dir='ltr'>nobilem</span> <span class='ocrx_word' id='word_1_15' title='bbox 552 424 659 453; x_wconf 84' lang='lat' dir='ltr'>virum</span> <span class='ocrx_word' id='word_1_16' title='bbox 681 447 699 453; x_wconf 91' lang='lat'>..</span> <span class='ocrx_word' id='word_1_17' title='bbox 724 424 876 454; x_wconf 90' lang='lat' dir='ltr'>comitem</span> <span class='ocrx_word' id='word_1_18' title='bbox 895 423 1095 454; x_wconf 86' lang='lat' dir='ltr'>Tolosanum</span> 
     </span>
     <span class='ocr_line' id='line_1_4' title="bbox 94 475 1096 515; baseline 0 -11"><span class='ocrx_word' id='word_1_19' title='bbox 94 475 215 505; x_wconf 88' lang='lat' dir='ltr'>habere</span> <span class='ocrx_word' id='word_1_20' title='bbox 231 475 425 512; x_wconf 74' lang='lat' dir='ltr'>dinoscitur,</span> <span class='ocrx_word' id='word_1_21' title='bbox 440 476 550 515; x_wconf 86' lang='lat' dir='ltr'>posuit</span> <span class='ocrx_word' id='word_1_22' title='bbox 565 476 784 515; x_wconf 73' lang='lat' dir='ltr'>questionem.</span> <span class='ocrx_word' id='word_1_23' title='bbox 803 476 900 509; x_wconf 81' lang='lat' dir='ltr'>Sanc,</span> <span class='ocrx_word' id='word_1_24' title='bbox 918 484 991 506; x_wconf 91' lang='lat' dir='ltr'>cum</span> <span class='ocrx_word' id='word_1_25' title='bbox 1010 479 1039 505; x_wconf 88' lang='lat' dir='ltr'>tc</span> <span class='ocrx_word' id='word_1_26' title='bbox 1056 475 1096 504; x_wconf 86' lang='lat' dir='ltr'>ad</span> 
     </span>
     <span class='ocr_line' id='line_1_5' title="bbox 94 527 1095 567; baseline 0 -11"><span class='ocrx_word' id='word_1_27' title='bbox 94 532 203 566; x_wconf 88' lang='lat' dir='ltr'>partes</span> <span class='ocrx_word' id='word_1_28' title='bbox 230 528 319 566; x_wconf 88' lang='lat' dir='ltr'>ipsas</span> <span class='ocrx_word' id='word_1_29' title='bbox 343 528 585 567; x_wconf 77' lang='lat' dir='ltr'>providerimus</span> <span class='ocrx_word' id='word_1_30' title='bbox 610 528 865 564; x_wconf 87' lang='lat' dir='ltr'>destinandum,</span> <span class='ocrx_word' id='word_1_31' title='bbox 891 527 1042 557; x_wconf 88' lang='lat' dir='ltr'>volumus</span> <span class='ocrx_word' id='word_1_32' title='bbox 1065 531 1095 556; x_wconf 85' lang='lat' dir='ltr'>et</span> 
     </span>
     <span class='ocr_line' id='line_1_6' title="bbox 93 580 1093 619; baseline -0.001 -10"><span class='ocrx_word' id='word_1_33' title='bbox 93 580 295 610; x_wconf 77' lang='lat' dir='ltr'>fraternitati</span> <span class='ocrx_word' id='word_1_34' title='bbox 321 586 373 611; x_wconf 91' lang='lat' dir='ltr'>tue</span> <span class='ocrx_word' id='word_1_35' title='bbox 399 590 456 619; x_wconf 89' lang='lat' dir='ltr'>per</span> <span class='ocrx_word' id='word_1_36' title='bbox 482 580 661 619; x_wconf 87' lang='lat' dir='ltr'>apostolica</span> <span class='ocrx_word' id='word_1_37' title='bbox 685 581 807 619; x_wconf 87' lang='lat' dir='ltr'>scripta</span> <span class='ocrx_word' id='word_1_38' title='bbox 829 580 1024 610; x_wconf 86' lang='lat' dir='ltr'>mandamus</span> <span class='ocrx_word' id='word_1_39' title='bbox 1048 583 1093 614; x_wconf 90' lang='lat' dir='ltr'>ut,</span> 
     </span>
     <span class='ocr_line' id='line_1_7' title="bbox 94 631 1096 671; baseline -0.002 -9"><span class='ocrx_word' id='word_1_40' title='bbox 94 632 177 662; x_wconf 86' lang='lat' dir='ltr'>latas</span> <span class='ocrx_word' id='word_1_41' title='bbox 199 633 234 662; x_wconf 91' lang='lat' dir='ltr'>in</span> <span class='ocrx_word' id='word_1_42' title='bbox 250 633 370 671; x_wconf 85' lang='lat' dir='ltr'>ipsum,</span> <span class='ocrx_word' id='word_1_43' title='bbox 393 637 523 671; x_wconf 90' lang='lat' dir='ltr'>propter</span> <span class='ocrx_word' id='word_1_44' title='bbox 546 633 687 671; x_wconf 77' lang='lat' dir='ltr'>priorem</span> <span class='ocrx_word' id='word_1_45' title='bbox 706 632 856 668; x_wconf 78' lang='lat' dir='ltr'>eundem,</span> <span class='ocrx_word' id='word_1_46' title='bbox 877 631 1096 662; x_wconf 78' lang='lat' dir='ltr'>excommuni-</span> 
     </span>
     <span class='ocr_line' id='line_1_8' title="bbox 93 685 1096 724; baseline -0.002 -9"><span class='ocrx_word' id='word_1_47' title='bbox 93 685 235 716; x_wconf 83' lang='lat' dir='ltr'>cationis</span> <span class='ocrx_word' id='word_1_48' title='bbox 257 689 288 715; x_wconf 89' lang='lat' dir='ltr'>et</span> <span class='ocrx_word' id='word_1_49' title='bbox 309 685 344 715; x_wconf 90' lang='lat' dir='ltr'>in</span> <span class='ocrx_word' id='word_1_50' title='bbox 367 690 487 716; x_wconf 88' lang='lat' dir='ltr'>terram</span> <span class='ocrx_word' id='word_1_51' title='bbox 512 685 583 724; x_wconf 89' lang='lat' dir='ltr'>ejus</span> <span class='ocrx_word' id='word_1_52' title='bbox 608 685 776 715; x_wconf 76' lang='lat' dir='ltr'>interdicti</span> <span class='ocrx_word' id='word_1_53' title='bbox 803 685 997 718; x_wconf 88' lang='lat' dir='ltr'>sententias,</span> <span class='ocrx_word' id='word_1_54' title='bbox 1022 692 1096 713; x_wconf 90' lang='lat' dir='ltr'>cum</span> 
     </span>
     <span class='ocr_line' id='line_1_9' title="bbox 95 736 1096 776; baseline -0.002 -9"><span class='ocrx_word' id='word_1_55' title='bbox 95 738 218 768; x_wconf 86' lang='lat' dir='ltr'>videris</span> <span class='ocrx_word' id='word_1_56' title='bbox 240 738 403 776; x_wconf 78' lang='lat' dir='ltr'>expedire,</span> <span class='ocrx_word' id='word_1_57' title='bbox 432 738 582 768; x_wconf 80' lang='lat' dir='ltr'>relaxans</span> <span class='ocrx_word' id='word_1_58' title='bbox 608 738 643 767; x_wconf 90' lang='lat' dir='ltr'>in</span> <span class='ocrx_word' id='word_1_59' title='bbox 673 738 817 767; x_wconf 81' lang='lat' dir='ltr'>savorem</span> <span class='ocrx_word' id='word_1_60' title='bbox 840 737 1007 767; x_wconf 83' lang='lat' dir='ltr'>commissi</span> <span class='ocrx_word' id='word_1_61' title='bbox 1037 736 1096 765; x_wconf 89' lang='lat' dir='ltr'>tibi</span> 
     </span>
     <span class='ocr_line' id='line_1_10' title="bbox 95 788 1096 829; baseline -0.001 -10"><span class='ocrx_word' id='word_1_62' title='bbox 95 790 220 827; x_wconf 83' lang='lat' dir='ltr'>negotii</span> <span class='ocrx_word' id='word_1_63' title='bbox 235 790 326 829; x_wconf 82' lang='lat' dir='ltr'>pacis</span> <span class='ocrx_word' id='word_1_64' title='bbox 347 795 378 821; x_wconf 89' lang='lat' dir='ltr'>et</span> <span class='ocrx_word' id='word_1_65' title='bbox 398 790 485 825; x_wconf 79' lang='lat' dir='ltr'>fidei,</span> <span class='ocrx_word' id='word_1_66' title='bbox 504 799 544 820; x_wconf 91' lang='lat' dir='ltr'>ne</span> <span class='ocrx_word' id='word_1_67' title='bbox 568 790 690 829; x_wconf 90' lang='lat' dir='ltr'>aliquis</span> <span class='ocrx_word' id='word_1_68' title='bbox 707 800 725 819; x_wconf 88' lang='lat' dir='ltr'>a</span> <span class='ocrx_word' id='word_1_69' title='bbox 741 790 823 820; x_wconf 83' lang='lat' dir='ltr'>Sede</span> <span class='ocrx_word' id='word_1_70' title='bbox 839 789 1027 828; x_wconf 85' lang='lat' dir='ltr'>Apostolica</span> <span class='ocrx_word' id='word_1_71' title='bbox 1045 788 1096 818; x_wconf 91' lang='lat' dir='ltr'>de-</span> 
     </span>
     <span class='ocr_line' id='line_1_11' title="bbox 95 844 1096 882; baseline -0.002 -8"><span class='ocrx_word' id='word_1_72' title='bbox 95 845 222 882; x_wconf 84' lang='lat' dir='ltr'>legatus</span> <span class='ocrx_word' id='word_1_73' title='bbox 249 845 284 874; x_wconf 90' lang='lat' dir='ltr'>in</span> <span class='ocrx_word' id='word_1_74' title='bbox 315 845 456 875; x_wconf 90' lang='lat' dir='ltr'>eundem</span> <span class='ocrx_word' id='word_1_75' title='bbox 486 845 639 874; x_wconf 90' lang='lat' dir='ltr'>comitem</span> <span class='ocrx_word' id='word_1_76' title='bbox 668 844 719 874; x_wconf 90' lang='lat' dir='ltr'>vel</span> <span class='ocrx_word' id='word_1_77' title='bbox 744 849 862 875; x_wconf 85' lang='lat' dir='ltr'>terram</span> <span class='ocrx_word' id='word_1_78' title='bbox 888 844 1005 882; x_wconf 79' lang='lat' dir='ltr'>ipsius,</span> <span class='ocrx_word' id='word_1_79' title='bbox 1040 852 1096 881; x_wconf 88' lang='lat' dir='ltr'>pro</span> 
     </span>
     <span class='ocr_line' id='line_1_12' title="bbox 94 896 1096 936; baseline -0.001 -10"><span class='ocrx_word' id='word_1_80' title='bbox 94 897 181 927; x_wconf 90' lang='lat' dir='ltr'>dicto</span> <span class='ocrx_word' id='word_1_81' title='bbox 198 897 317 935; x_wconf 85' lang='lat' dir='ltr'>priore,</span> <span class='ocrx_word' id='word_1_82' title='bbox 342 902 451 936; x_wconf 86' lang='lat' dir='ltr'>preter</span> <span class='ocrx_word' id='word_1_83' title='bbox 470 906 668 927; x_wconf 87' lang='lat' dir='ltr'>consensum</span> <span class='ocrx_word' id='word_1_84' title='bbox 691 901 794 931; x_wconf 71' lang='lat' dir='ltr'>tuum,</span> <span class='ocrx_word' id='word_1_85' title='bbox 812 896 1002 936; x_wconf 88' lang='lat' dir='ltr'>hujusmodi</span> <span class='ocrx_word' id='word_1_86' title='bbox 1020 904 1096 925; x_wconf 86' lang='lat' dir='ltr'>sen-</span> 
     </span>
     <span class='ocr_line' id='line_1_13' title="bbox 95 948 1096 988; baseline -0.002 -9"><span class='ocrx_word' id='word_1_87' title='bbox 95 950 215 979; x_wconf 88' lang='lat' dir='ltr'>tentias</span> <span class='ocrx_word' id='word_1_88' title='bbox 238 950 385 988; x_wconf 84' lang='lat' dir='ltr'>proferre</span> <span class='ocrx_word' id='word_1_89' title='bbox 406 954 585 988; x_wconf 74' lang='lat' dir='ltr'>presumat,</span> <span class='ocrx_word' id='word_1_90' title='bbox 611 949 806 979; x_wconf 87' lang='lat' dir='ltr'>auctoritate</span> <span class='ocrx_word' id='word_1_91' title='bbox 832 953 944 979; x_wconf 84' lang='lat' dir='ltr'>nostra</span> <span class='ocrx_word' id='word_1_92' title='bbox 964 948 1096 977; x_wconf 87' lang='lat' dir='ltr'>distric-</span> 
     </span>
     <span class='ocr_line' id='line_1_14' title="bbox 94 1001 1097 1040; baseline -0.002 -9"><span class='ocrx_word' id='word_1_93' title='bbox 94 1002 160 1032; x_wconf 90' lang='lat' dir='ltr'>tius</span> <span class='ocrx_word' id='word_1_94' title='bbox 177 1001 329 1032; x_wconf 86' lang='lat' dir='ltr'>inhibere</span> <span class='ocrx_word' id='word_1_95' title='bbox 341 1011 508 1040; x_wconf 85' lang='lat' dir='ltr'>procures.</span> <span class='ocrx_word' id='word_1_96' title='bbox 523 1001 633 1032; x_wconf 90' lang='lat' dir='ltr'>Nullis</span> <span class='ocrx_word' id='word_1_97' title='bbox 645 1001 765 1032; x_wconf 88' lang='lat' dir='ltr'>litteris</span> <span class='ocrx_word' id='word_1_98' title='bbox 778 1001 986 1031; x_wconf 80' lang='lat' dir='ltr'>obstantibus</span> <span class='ocrx_word' id='word_1_99' title='bbox 999 1009 1097 1038; x_wconf 85' lang='lat' dir='ltr'>super</span> 
     </span>
     <span class='ocr_line' id='line_1_15' title="bbox 95 1054 1096 1093; baseline -0.002 -9"><span class='ocrx_word' id='word_1_100' title='bbox 95 1054 154 1084; x_wconf 88' lang='lat' dir='ltr'>hoc</span> <span class='ocrx_word' id='word_1_101' title='bbox 176 1064 194 1084; x_wconf 85' lang='lat' dir='ltr'>a</span> <span class='ocrx_word' id='word_1_102' title='bbox 216 1054 298 1084; x_wconf 85' lang='lat' dir='ltr'>Sede</span> <span class='ocrx_word' id='word_1_103' title='bbox 323 1054 511 1093; x_wconf 81' lang='lat' dir='ltr'>Apostolica</span> <span class='ocrx_word' id='word_1_104' title='bbox 532 1054 728 1092; x_wconf 72' lang='lat' dir='ltr'>impetratis,</span> <span class='ocrx_word' id='word_1_105' title='bbox 753 1054 852 1084; x_wconf 83' lang='lat' dir='ltr'>etiam</span> <span class='ocrx_word' id='word_1_106' title='bbox 873 1054 901 1084; x_wconf 89' lang='lat' dir='ltr'>si</span> <span class='ocrx_word' id='word_1_107' title='bbox 924 1054 958 1082; x_wconf 92' lang='lat' dir='ltr'>in</span> <span class='ocrx_word' id='word_1_108' title='bbox 983 1061 1096 1083; x_wconf 88' lang='lat' dir='ltr'>earum</span> 
     </span>
     <span class='ocr_line' id='line_1_16' title="bbox 91 1105 1097 1146; baseline -0.003 -10"><span class='ocrx_word' id='word_1_109' title='bbox 91 1106 261 1146; x_wconf 82' lang='lat' dir='ltr'>aliquibus</span> <span class='ocrx_word' id='word_1_110' title='bbox 278 1107 365 1146; x_wconf 88' lang='lat' dir='ltr'>quod</span> <span class='ocrx_word' id='word_1_111' title='bbox 384 1107 422 1137; x_wconf 91' lang='lat' dir='ltr'>de</span> <span class='ocrx_word' id='word_1_112' title='bbox 440 1107 522 1145; x_wconf 87' lang='lat' dir='ltr'>ipsis</span> <span class='ocrx_word' id='word_1_113' title='bbox 541 1106 636 1145; x_wconf 87' lang='lat' dir='ltr'>plena</span> <span class='ocrx_word' id='word_1_114' title='bbox 660 1107 775 1136; x_wconf 88' lang='lat' dir='ltr'>debeat</span> <span class='ocrx_word' id='word_1_115' title='bbox 793 1106 865 1137; x_wconf 85' lang='lat' dir='ltr'>fieri</span> <span class='ocrx_word' id='word_1_116' title='bbox 882 1106 1014 1141; x_wconf 86' lang='lat' dir='ltr'>mentio,</span> <span class='ocrx_word' id='word_1_117' title='bbox 1038 1105 1097 1133; x_wconf 88' lang='lat' dir='ltr'>ha-</span> 
     </span>
     <span class='ocr_line' id='line_1_17' title="bbox 93 1159 1097 1197; baseline -0.003 -7"><span class='ocrx_word' id='word_1_118' title='bbox 93 1159 220 1190; x_wconf 82' lang='lat' dir='ltr'>beatur.</span> <span class='ocrx_word' id='word_1_119' title='bbox 238 1161 309 1189; x_wconf 87' lang='lat' dir='ltr'>Dat.</span> <span class='ocrx_word' id='word_1_120' title='bbox 327 1160 528 1197; x_wconf 84' lang='lat' dir='ltr'>Anagnie,V</span> <span class='ocrx_word' id='word_1_121' title='bbox 540 1159 614 1189; x_wconf 91' lang='lat' dir='ltr'>idus</span> <span class='ocrx_word' id='word_1_122' title='bbox 635 1159 779 1197; x_wconf 84' lang='lat' dir='ltr'>augusti,</span> <span class='ocrx_word' id='word_1_123' title='bbox 794 1159 1004 1197; x_wconf 76' lang='lat' dir='ltr'>pontificatus</span> <span class='ocrx_word' id='word_1_124' title='bbox 1023 1167 1097 1188; x_wconf 90' lang='lat' dir='ltr'>nos-</span> 
     </span>
     <span class='ocr_line' id='line_1_18' title="bbox 92 1212 494 1242; baseline -0.002 0"><span class='ocrx_word' id='word_1_125' title='bbox 92 1212 136 1242; x_wconf 85' lang='lat' dir='ltr'>tri</span> <span class='ocrx_word' id='word_1_126' title='bbox 153 1221 238 1242; x_wconf 89' lang='lat' dir='ltr'>anno</span> <span class='ocrx_word' id='word_1_127' title='bbox 257 1212 462 1242; x_wconf 88' lang='lat' dir='ltr'>duodecimo.</span> <span class='ocrx_word' id='word_1_128' title='bbox 482 1224 494 1238; x_wconf 63' lang='grc' dir='ltr'><strong>ι</strong></span> 
     </span>
    </p>
   </div>
   <div class='ocr_carea' id='block_1_3' title="bbox 161 1410 280 1439">
    <p class='ocr_par' dir='ltr' id='par_1_3' title="bbox 161 1410 280 1439">
     <span class='ocr_line' id='line_1_19' title="bbox 161 1410 280 1439; baseline 0 -1"><span class='ocrx_word' id='word_1_129' title='bbox 161 1410 280 1439; x_wconf 72' lang='lat'>4354</span> 
     </span>
    </p>
   </div>
   <div class='ocr_carea' id='block_1_4' title="bbox 90 1473 1098 1797">
    <p class='ocr_par' dir='ltr' id='par_1_4' title="bbox 90 1473 1098 1797">
     <span class='ocr_line' id='line_1_20' title="bbox 127 1473 1096 1507; baseline 0 -6"><span class='ocrx_word' id='word_1_130' title='bbox 127 1474 266 1503; x_wconf 80' lang='lat' dir='ltr'>Johanni.</span> <span class='ocrx_word' id='word_1_131' title='bbox 290 1473 430 1500; x_wconf 82' lang='lat' dir='ltr'>canonico</span> <span class='ocrx_word' id='word_1_132' title='bbox 453 1475 481 1500; x_wconf 76' lang='lat' dir='ltr'>et</span> <span class='ocrx_word' id='word_1_133' title='bbox 507 1473 686 1507; x_wconf 81' lang='lat' dir='ltr'>procuratori</span> <span class='ocrx_word' id='word_1_134' title='bbox 715 1473 856 1500; x_wconf 85' lang='lat' dir='ltr'>ecclesiae</span> <span class='ocrx_word' id='word_1_135' title='bbox 884 1474 986 1501; x_wconf 83' lang='lat' dir='ltr'>Sancti</span> <span class='ocrx_word' id='word_1_136' title='bbox 1014 1475 1096 1501; x_wconf 83' lang='lat' dir='ltr'>Petri</span> 
     </span>
     <span class='ocr_line' id='line_1_21' title="bbox 90 1521 1097 1555; baseline -0.001 -5"><span class='ocrx_word' id='word_1_137' title='bbox 90 1523 128 1550; x_wconf 83' lang='lat' dir='ltr'>de</span> <span class='ocrx_word' id='word_1_138' title='bbox 143 1522 243 1549; x_wconf 83' lang='lat' dir='ltr'>Massa</span> <span class='ocrx_word' id='word_1_139' title='bbox 255 1522 341 1549; x_wconf 80' lang='lat' dir='ltr'>Nova</span> <span class='ocrx_word' id='word_1_140' title='bbox 362 1522 493 1548; x_wconf 87' lang='lat' dir='ltr'>Fisearia</span> <span class='ocrx_word' id='word_1_141' title='bbox 506 1521 687 1548; x_wconf 80' lang='lat' dir='ltr'>Ferrariensi</span> <span class='ocrx_word' id='word_1_142' title='bbox 706 1521 856 1555; x_wconf 81' lang='lat' dir='ltr'>significat</span> <span class='ocrx_word' id='word_1_143' title='bbox 873 1531 903 1548; x_wconf 85' lang='lat' dir='ltr'>se</span> <span class='ocrx_word' id='word_1_144' title='bbox 924 1523 1097 1549; x_wconf 77' lang='lat' dir='ltr'>confirmare</span> 
     </span>
     <span class='ocr_line' id='line_1_22' title="bbox 91 1570 1098 1605; baseline 0 -8"><span class='ocrx_word' id='word_1_145' title='bbox 91 1570 287 1598; x_wconf 80' lang='lat' dir='ltr'>diffinitivam</span> <span class='ocrx_word' id='word_1_146' title='bbox 316 1570 494 1596; x_wconf 82' lang='lat' dir='ltr'>sententiam</span> <span class='ocrx_word' id='word_1_147' title='bbox 519 1578 576 1604; x_wconf 87' lang='lat' dir='ltr'>qua</span> <span class='ocrx_word' id='word_1_148' title='bbox 593 1570 742 1597; x_wconf 66' lang='lat' dir='ltr'>‚Iohannes</span> <span class='ocrx_word' id='word_1_149' title='bbox 761 1570 864 1604; x_wconf 80' lang='lat' dir='ltr'>Spata,</span> <span class='ocrx_word' id='word_1_150' title='bbox 890 1570 983 1604; x_wconf 83' lang='lat' dir='ltr'>ipsius</span> <span class='ocrx_word' id='word_1_151' title='bbox 1005 1580 1098 1605; x_wconf 85' lang='lat' dir='ltr'>papae</span> 
     </span>
     <span class='ocr_line' id='line_1_23' title="bbox 91 1619 1096 1652; baseline 0 -6"><span class='ocrx_word' id='word_1_152' title='bbox 91 1619 289 1646; x_wconf 83' lang='lat' dir='ltr'>subdiaconus</span> <span class='ocrx_word' id='word_1_153' title='bbox 298 1622 325 1645; x_wconf 86' lang='lat' dir='ltr'>et</span> <span class='ocrx_word' id='word_1_154' title='bbox 335 1619 518 1652; x_wconf 83' lang='lat' dir='ltr'>capellanus,</span> <span class='ocrx_word' id='word_1_155' title='bbox 532 1619 779 1652; x_wconf 76' lang='lat' dir='ltr'>pronuntiaverat</span> <span class='ocrx_word' id='word_1_156' title='bbox 793 1619 926 1645; x_wconf 86' lang='lat' dir='ltr'>eamdem</span> <span class='ocrx_word' id='word_1_157' title='bbox 942 1620 1096 1646; x_wconf 74' lang='lat' dir='ltr'>ecclesiam</span> 
     </span>
     <span class='ocr_line' id='line_1_24' title="bbox 93 1667 1097 1701; baseline -0.001 -6"><span class='ocrx_word' id='word_1_158' title='bbox 93 1667 197 1695; x_wconf 80' lang='lat' dir='ltr'>Sancti</span> <span class='ocrx_word' id='word_1_159' title='bbox 213 1667 295 1694; x_wconf 86' lang='lat' dir='ltr'>Petri</span> <span class='ocrx_word' id='word_1_160' title='bbox 316 1667 353 1694; x_wconf 87' lang='lat' dir='ltr'>ab</span> <span class='ocrx_word' id='word_1_161' title='bbox 374 1667 455 1693; x_wconf 88' lang='lat' dir='ltr'>omni</span> <span class='ocrx_word' id='word_1_162' title='bbox 475 1667 539 1700; x_wconf 86' lang='lat' dir='ltr'>jure</span> <span class='ocrx_word' id='word_1_163' title='bbox 557 1667 718 1701; x_wconf 88' lang='lat' dir='ltr'>episcopali</span> <span class='ocrx_word' id='word_1_164' title='bbox 734 1667 771 1694; x_wconf 88' lang='lat' dir='ltr'>ab</span> <span class='ocrx_word' id='word_1_165' title='bbox 787 1667 922 1701; x_wconf 74' lang='lat' dir='ltr'>episeopo</span> <span class='ocrx_word' id='word_1_166' title='bbox 944 1668 1097 1695; x_wconf 74' lang='lat' dir='ltr'>Cerviensi</span> 
     </span>
     <span class='ocr_line' id='line_1_25' title="bbox 91 1715 1096 1749; baseline 0.001 -7"><span class='ocrx_word' id='word_1_167' title='bbox 91 1715 202 1743; x_wconf 85' lang='lat' dir='ltr'>ibidem</span> <span class='ocrx_word' id='word_1_168' title='bbox 213 1715 385 1747; x_wconf 81' lang='lat' dir='ltr'>exercendo,</span> <span class='ocrx_word' id='word_1_169' title='bbox 395 1724 457 1742; x_wconf 87' lang='lat' dir='ltr'>esse</span> <span class='ocrx_word' id='word_1_170' title='bbox 471 1715 593 1742; x_wconf 83' lang='lat' dir='ltr'>liberam</span> <span class='ocrx_word' id='word_1_171' title='bbox 605 1724 610 1747; x_wconf 89' lang='lat'>;</span> <span class='ocrx_word' id='word_1_172' title='bbox 629 1716 738 1742; x_wconf 81' lang='lat' dir='ltr'>inserto</span> <span class='ocrx_word' id='word_1_173' title='bbox 749 1715 802 1742; x_wconf 88' lang='lat' dir='ltr'>sub</span> <span class='ocrx_word' id='word_1_174' title='bbox 811 1724 863 1742; x_wconf 88' lang='lat' dir='ltr'>sua</span> <span class='ocrx_word' id='word_1_175' title='bbox 873 1716 955 1743; x_wconf 87' lang='lat' dir='ltr'>bulla</span> <span class='ocrx_word' id='word_1_176' title='bbox 966 1717 1096 1749; x_wconf 88' lang='lat' dir='ltr'>ejusdem</span> 
     </span>
     <span class='ocr_line' id='line_1_26' title="bbox 90 1764 1045 1797; baseline 0 -5"><span class='ocrx_word' id='word_1_177' title='bbox 90 1765 257 1792; x_wconf 82' lang='lat' dir='ltr'>sententiae</span> <span class='ocrx_word' id='word_1_178' title='bbox 273 1767 382 1791; x_wconf 85' lang='lat' dir='ltr'>tenore.</span> <span class='ocrx_word' id='word_1_179' title='bbox 400 1779 431 1782; x_wconf 97' lang='lat'><strong>—</strong></span> <span class='ocrx_word' id='word_1_180' title='bbox 446 1765 532 1796; x_wconf 70' lang='lat' dir='ltr'>(Rue.</span> <span class='ocrx_word' id='word_1_181' title='bbox 548 1764 590 1797; x_wconf 86' lang='lat'>19,</span> <span class='ocrx_word' id='word_1_182' title='bbox 608 1765 628 1791; x_wconf 82' lang='lat' dir='ltr'>f.</span> <span class='ocrx_word' id='word_1_183' title='bbox 651 1764 684 1791; x_wconf 84' lang='lat'>19</span> <span class='ocrx_word' id='word_1_184' title='bbox 697 1767 742 1796; x_wconf 77' lang='lat' dir='ltr'>v⁹;</span> <span class='ocrx_word' id='word_1_185' title='bbox 757 1773 826 1791; x_wconf 86' lang='lat' dir='ltr'>ann.</span> <span class='ocrx_word' id='word_1_186' title='bbox 842 1764 910 1797; x_wconf 81' lang='lat' dir='ltr'>XII,</span> <span class='ocrx_word' id='word_1_187' title='bbox 928 1774 952 1791; x_wconf 90' lang='lat' dir='ltr'>c.</span> <span class='ocrx_word' id='word_1_188' title='bbox 972 1765 1045 1796; x_wconf 87' lang='grc'>106.)</span> 
     </span>
    </p>
   </div>
   <div class='ocr_carea' id='block_1_5' title="bbox 683 1411 1024 1441">
    <p class='ocr_par' dir='ltr' id='par_1_5' title="bbox 683 1411 1024 1441">
     <span class='ocr_line' id='line_1_27' title="bbox 683 1411 1024 1441; baseline 0 -3"><span class='ocrx_word' id='word_1_189' title='bbox 683 1411 803 1441; x_wconf 82' lang='lat' dir='ltr'>Latran.</span> <span class='ocrx_word' id='word_1_190' title='bbox 820 1411 854 1438; x_wconf 77' lang='lat'>20</span> <span class='ocrx_word' id='word_1_191' title='bbox 871 1411 929 1438; x_wconf 84' lang='lat' dir='ltr'>mai</span> <span class='ocrx_word' id='word_1_192' title='bbox 946 1411 1024 1438; x_wconf 76' lang='lat'>1238.</span> 
     </span>
    </p>
   </div>
   <div class='ocr_carea' id='block_1_6' title="bbox 91 1865 1102 2168">
    <p class='ocr_par' dir='ltr' id='par_1_6' title="bbox 91 1865 1102 2168">
     <span class='ocr_line' id='line_1_28' title="bbox 135 1865 1100 1901; baseline 0.002 -9"><span class='ocrx_word' id='word_1_193' title='bbox 135 1877 147 1892; x_wconf 74' lang='grc' dir='ltr'>α</span> <span class='ocrx_word' id='word_1_194' title='bbox 164 1866 311 1900; x_wconf 66' lang='lat' dir='ltr'>Johanmss,</span> <span class='ocrx_word' id='word_1_195' title='bbox 334 1865 480 1894; x_wconf 77' lang='lat' dir='ltr'>canonico</span> <span class='ocrx_word' id='word_1_196' title='bbox 499 1868 525 1892; x_wconf 78' lang='lat' dir='ltr'>et</span> <span class='ocrx_word' id='word_1_197' title='bbox 541 1865 738 1901; x_wconf 75' lang='lat' dir='ltr'>procuratori</span> <span class='ocrx_word' id='word_1_198' title='bbox 758 1865 875 1893; x_wconf 77' lang='lat' dir='ltr'>ecclesie</span> <span class='ocrx_word' id='word_1_199' title='bbox 892 1865 999 1894; x_wconf 72' lang='lat' dir='ltr'>Sancti</span> <span class='ocrx_word' id='word_1_200' title='bbox 1019 1865 1100 1894; x_wconf 79' lang='lat' dir='ltr'>Petri</span> 
     </span>
     <span class='ocr_line' id='line_1_29' title="bbox 92 1917 1100 1955; baseline -0.002 -7"><span class='ocrx_word' id='word_1_201' title='bbox 92 1920 184 1948; x_wconf 80' lang='lat' dir='ltr'>Masse</span> <span class='ocrx_word' id='word_1_202' title='bbox 206 1919 284 1947; x_wconf 74' lang='lat' dir='ltr'>Nove</span> <span class='ocrx_word' id='word_1_203' title='bbox 303 1918 335 1947; x_wconf 78' lang='lat' dir='ltr'>de</span> <span class='ocrx_word' id='word_1_204' title='bbox 361 1917 517 1947; x_wconf 62' lang='grc' dir='ltr'>Πᾶσαι-ἰαί</span> <span class='ocrx_word' id='word_1_205' title='bbox 535 1917 740 1946; x_wconf 73' lang='lat' dir='ltr'>Ferrariensi.</span> <span class='ocrx_word' id='word_1_206' title='bbox 760 1917 799 1946; x_wconf 92' lang='lat' dir='ltr'>In</span> <span class='ocrx_word' id='word_1_207' title='bbox 815 1925 916 1947; x_wconf 81' lang='lat' dir='ltr'>causa</span> <span class='ocrx_word' id='word_1_208' title='bbox 932 1926 995 1955; x_wconf 91' lang='lat' dir='ltr'>que</span> <span class='ocrx_word' id='word_1_209' title='bbox 1013 1917 1100 1947; x_wconf 87' lang='lat' dir='ltr'>inter</span> 
     </span>
     <span class='ocr_line' id='line_1_30' title="bbox 92 1969 1100 2007; baseline -0.003 -6"><span class='ocrx_word' id='word_1_210' title='bbox 92 1976 123 2001; x_wconf 89' lang='lat' dir='ltr'>te</span> <span class='ocrx_word' id='word_1_211' title='bbox 139 1980 176 2001; x_wconf 85' lang='lat' dir='ltr'>ac</span> <span class='ocrx_word' id='word_1_212' title='bbox 198 1969 423 2001; x_wconf 87' lang='lat' dir='ltr'>venerabilem</span> <span class='ocrx_word' id='word_1_213' title='bbox 448 1969 585 1998; x_wconf 88' lang='lat' dir='ltr'>fratrem</span> <span class='ocrx_word' id='word_1_214' title='bbox 607 1973 757 1998; x_wconf 86' lang='lat' dir='ltr'>nostrum</span> <span class='ocrx_word' id='word_1_215' title='bbox 776 1991 795 1997; x_wconf 91' lang='lat'>..</span> <span class='ocrx_word' id='word_1_216' title='bbox 814 1969 1004 2007; x_wconf 89' lang='lat' dir='ltr'>episcopum</span> <span class='ocrx_word' id='word_1_217' title='bbox 1021 1969 1100 2000; x_wconf 89' lang='lat' dir='ltr'>Cer-</span> 
     </span>
     <span class='ocr_line' id='line_1_31' title="bbox 93 2021 1100 2061; baseline -0.003 -7"><span class='ocrx_word' id='word_1_218' title='bbox 93 2024 242 2054; x_wconf 89' lang='lat' dir='ltr'>viensem</span> <span class='ocrx_word' id='word_1_219' title='bbox 267 2032 366 2061; x_wconf 88' lang='lat' dir='ltr'>super</span> <span class='ocrx_word' id='word_1_220' title='bbox 390 2021 530 2052; x_wconf 87' lang='lat' dir='ltr'>ecclesia</span> <span class='ocrx_word' id='word_1_221' title='bbox 554 2021 667 2051; x_wconf 85' lang='lat' dir='ltr'>Sancti</span> <span class='ocrx_word' id='word_1_222' title='bbox 696 2021 785 2051; x_wconf 88' lang='lat' dir='ltr'>Petri</span> <span class='ocrx_word' id='word_1_223' title='bbox 813 2021 851 2051; x_wconf 92' lang='lat' dir='ltr'>de</span> <span class='ocrx_word' id='word_1_224' title='bbox 876 2022 986 2051; x_wconf 87' lang='lat' dir='ltr'>Massa</span> <span class='ocrx_word' id='word_1_225' title='bbox 1008 2022 1100 2051; x_wconf 80' lang='lat' dir='ltr'>Nova</span> 
     </span>
     <span class='ocr_line' id='line_1_32' title="bbox 93 2073 1098 2114; baseline -0.003 -8"><span class='ocrx_word' id='word_1_226' title='bbox 93 2076 257 2111; x_wconf 83' lang='lat' dir='ltr'>Fiscaria,</span> <span class='ocrx_word' id='word_1_227' title='bbox 299 2074 473 2114; x_wconf 84' lang='lat' dir='ltr'>parrochia</span> <span class='ocrx_word' id='word_1_228' title='bbox 500 2078 531 2104; x_wconf 88' lang='lat' dir='ltr'>et</span> <span class='ocrx_word' id='word_1_229' title='bbox 568 2073 781 2112; x_wconf 84' lang='lat' dir='ltr'>pertinentiis</span> <span class='ocrx_word' id='word_1_230' title='bbox 819 2074 911 2113; x_wconf 79' lang='lat' dir='ltr'>ejus,</span> <span class='ocrx_word' id='word_1_231' title='bbox 950 2074 1098 2107; x_wconf 81' lang='lat' dir='ltr'>decimis,</span> 
     </span>
     <span class='ocr_line' id='line_1_33' title="bbox 91 2126 1102 2168; baseline -0.003 -9"><span class='ocrx_word' id='word_1_232' title='bbox 91 2129 257 2168; x_wconf 85' lang='lat' dir='ltr'>dampnis,</span> <span class='ocrx_word' id='word_1_233' title='bbox 285 2127 437 2166; x_wconf 84' lang='lat' dir='ltr'>expensis</span> <span class='ocrx_word' id='word_1_234' title='bbox 465 2132 496 2158; x_wconf 93' lang='lat' dir='ltr'>et</span> <span class='ocrx_word' id='word_1_235' title='bbox 522 2127 622 2157; x_wconf 89' lang='lat' dir='ltr'>rebus</span> <span class='ocrx_word' id='word_1_236' title='bbox 647 2126 722 2156; x_wconf 84' lang='lat' dir='ltr'>aliis</span> <span class='ocrx_word' id='word_1_237' title='bbox 750 2126 948 2163; x_wconf 83' lang='lat' dir='ltr'>vertebatur,</span> <span class='ocrx_word' id='word_1_238' title='bbox 982 2126 1043 2156; x_wconf 87' lang='lat' dir='ltr'>tibi</span> <span class='ocrx_word' id='word_1_239' title='bbox 1071 2131 1102 2156; x_wconf 88' lang='lat' dir='ltr'>et</span> 
     </span>
    </p>
   </div>
   <div class='ocr_carea' id='block_1_7' title="bbox 92 2250 1109 2983">
    <p class='ocr_par' dir='ltr' id='par_1_7' title="bbox 92 2250 1106 2852">
     <span class='ocr_line' id='line_1_34' title="bbox 93 2250 1101 2282; baseline -0.003 -4"><span class='ocrx_word' id='word_1_240' title='bbox 93 2254 211 2278; x_wconf 83' lang='lat' dir='ltr'>dilectus</span> <span class='ocrx_word' id='word_1_241' title='bbox 239 2253 311 2276; x_wconf 84' lang='lat' dir='ltr'>filius</span> <span class='ocrx_word' id='word_1_242' title='bbox 343 2270 360 2276; x_wconf 91' lang='lat'>..</span> <span class='ocrx_word' id='word_1_243' title='bbox 393 2252 468 2282; x_wconf 83' lang='lat' dir='ltr'>prior</span> <span class='ocrx_word' id='word_1_244' title='bbox 498 2251 531 2274; x_wconf 88' lang='lat' dir='ltr'>de</span> <span class='ocrx_word' id='word_1_245' title='bbox 563 2250 658 2274; x_wconf 78' lang='lat' dir='ltr'>Mauso</span> <span class='ocrx_word' id='word_1_246' title='bbox 689 2257 796 2274; x_wconf 87' lang='lat' dir='ltr'>omnem</span> <span class='ocrx_word' id='word_1_247' title='bbox 827 2250 855 2274; x_wconf 88' lang='lat' dir='ltr'>in</span> <span class='ocrx_word' id='word_1_248' title='bbox 887 2251 942 2274; x_wconf 88' lang='lat' dir='ltr'>tuis</span> <span class='ocrx_word' id='word_1_249' title='bbox 975 2251 1101 2275; x_wconf 81' lang='lat' dir='ltr'>manibus</span> 
     </span>
     <span class='ocr_line' id='line_1_35' title="bbox 92 2294 1102 2329; baseline -0.004 -7"><span class='ocrx_word' id='word_1_250' title='bbox 92 2305 205 2329; x_wconf 85' lang='lat' dir='ltr'>quam...</span> <span class='ocrx_word' id='word_1_251' title='bbox 219 2304 245 2326; x_wconf 81' lang='lat'>»;</span> <span class='ocrx_word' id='word_1_252' title='bbox 262 2298 286 2321; x_wconf 75' lang='lat' dir='ltr'>le</span> <span class='ocrx_word' id='word_1_253' title='bbox 303 2299 359 2320; x_wconf 88' lang='lat' dir='ltr'>mot</span> <span class='ocrx_word' id='word_1_254' title='bbox 375 2296 462 2319; x_wconf 86' lang='lat' dir='ltr'>initial</span> <span class='ocrx_word' id='word_1_255' title='bbox 479 2298 548 2319; x_wconf 81' lang='lat' dir='ltr'>Cum</span> <span class='ocrx_word' id='word_1_256' title='bbox 563 2303 578 2318; x_wconf 91' lang='lat' dir='ltr'>a</span> <span class='ocrx_word' id='word_1_257' title='bbox 592 2294 634 2319; x_wconf 76' lang='lat' dir='ltr'>ete</span> <span class='ocrx_word' id='word_1_258' title='bbox 648 2295 814 2326; x_wconf 76' lang='lat' dir='ltr'>exponetue.</span> <span class='ocrx_word' id='word_1_259' title='bbox 832 2295 902 2318; x_wconf 85' lang='lat' dir='ltr'>ainsi</span> <span class='ocrx_word' id='word_1_260' title='bbox 918 2302 972 2325; x_wconf 90' lang='lat' dir='ltr'>que</span> <span class='ocrx_word' id='word_1_261' title='bbox 986 2303 1102 2319; x_wconf 81' lang='lat' dir='ltr'>omnem</span> 
     </span>
     <span class='ocr_line' id='line_1_36' title="bbox 94 2338 1103 2372; baseline -0.005 -5"><span class='ocrx_word' id='word_1_262' title='bbox 94 2346 122 2366; x_wconf 84' lang='lat' dir='ltr'>et</span> <span class='ocrx_word' id='word_1_263' title='bbox 137 2344 211 2369; x_wconf 82' lang='lat' dir='ltr'>tuis,-</span> <span class='ocrx_word' id='word_1_264' title='bbox 228 2342 290 2372; x_wconf 88' lang='lat' dir='ltr'>puis</span> <span class='ocrx_word' id='word_1_265' title='bbox 308 2348 343 2364; x_wconf 91' lang='lat' dir='ltr'>on</span> <span class='ocrx_word' id='word_1_266' title='bbox 359 2348 373 2363; x_wconf 84' lang='lat' dir='ltr'>a</span> <span class='ocrx_word' id='word_1_267' title='bbox 388 2340 479 2370; x_wconf 74' lang='lat' dir='ltr'>aJoute</span> <span class='ocrx_word' id='word_1_268' title='bbox 499 2339 567 2362; x_wconf 82' lang='lat' dir='ltr'>dans</span> <span class='ocrx_word' id='word_1_269' title='bbox 587 2339 612 2362; x_wconf 90' lang='lat' dir='ltr'>la</span> <span class='ocrx_word' id='word_1_270' title='bbox 634 2345 725 2368; x_wconf 71' lang='lat' dir='ltr'>mat-ge</span> <span class='ocrx_word' id='word_1_271' title='bbox 749 2339 782 2362; x_wconf 87' lang='lat' dir='ltr'>de</span> <span class='ocrx_word' id='word_1_272' title='bbox 803 2338 867 2362; x_wconf 83' lang='lat' dir='ltr'>fond</span> <span class='ocrx_word' id='word_1_273' title='bbox 885 2346 890 2362; x_wconf 74' lang='grc' dir='ltr'>ε</span> <span class='ocrx_word' id='word_1_274' title='bbox 909 2347 920 2361; x_wconf 74' lang='grc' dir='ltr'>α</span> <span class='ocrx_word' id='word_1_275' title='bbox 937 2339 1103 2362; x_wconf 82' lang='lat' dir='ltr'>venerabilis</span> 
     </span>
     <span class='ocr_line' id='line_1_37' title="bbox 94 2382 1103 2413; baseline -0.003 -4"><span class='ocrx_word' id='word_1_276' title='bbox 94 2385 186 2409; x_wconf 78' lang='lat' dir='ltr'>fratris</span> <span class='ocrx_word' id='word_1_277' title='bbox 204 2385 313 2408; x_wconf 83' lang='lat' dir='ltr'>nostri..</span> <span class='ocrx_word' id='word_1_278' title='bbox 332 2383 454 2413; x_wconf 81' lang='lat' dir='ltr'>episcopi</span> <span class='ocrx_word' id='word_1_279' title='bbox 473 2382 626 2406; x_wconf 81' lang='lat' dir='ltr'>Penestrini</span> <span class='ocrx_word' id='word_1_280' title='bbox 642 2389 749 2405; x_wconf 83' lang='lat' dir='ltr'>omnem</span> <span class='ocrx_word' id='word_1_281' title='bbox 763 2389 790 2411; x_wconf 76' lang='lat'>›=;</span> <span class='ocrx_word' id='word_1_282' title='bbox 806 2391 816 2403; x_wconf 87' lang='lat'>«</span> <span class='ocrx_word' id='word_1_283' title='bbox 832 2383 923 2412; x_wconf 84' lang='lat' dir='ltr'>posuit</span> <span class='ocrx_word' id='word_1_284' title='bbox 937 2391 948 2403; x_wconf 77' lang='lat' dir='ltr'>n</span> <span class='ocrx_word' id='word_1_285' title='bbox 965 2390 980 2405; x_wconf 82' lang='lat' dir='ltr'>a</span> <span class='ocrx_word' id='word_1_286' title='bbox 993 2383 1030 2406; x_wconf 77' lang='lat' dir='ltr'>du</span> <span class='ocrx_word' id='word_1_287' title='bbox 1046 2383 1103 2406; x_wconf 81' lang='lat' dir='ltr'>etre</span> 
     </span>
     <span class='ocr_line' id='line_1_38' title="bbox 92 2427 1102 2459; baseline -0.004 -5"><span class='ocrx_word' id='word_1_288' title='bbox 92 2429 231 2454; x_wconf 79' lang='lat' dir='ltr'>substitue</span> <span class='ocrx_word' id='word_1_289' title='bbox 253 2429 268 2452; x_wconf 72' lang='lat' dir='ltr'>a</span> <span class='ocrx_word' id='word_1_290' title='bbox 287 2437 298 2450; x_wconf 78' lang='lat' dir='ltr'>n</span> <span class='ocrx_word' id='word_1_291' title='bbox 315 2428 438 2459; x_wconf 81' lang='lat' dir='ltr'>posuerit</span> <span class='ocrx_word' id='word_1_292' title='bbox 456 2433 481 2453; x_wconf 70' lang='lat' dir='ltr'>o:</span> <span class='ocrx_word' id='word_1_293' title='bbox 500 2432 525 2450; x_wconf 84' lang='lat' dir='ltr'>et</span> <span class='ocrx_word' id='word_1_294' title='bbox 543 2433 578 2450; x_wconf 93' lang='lat' dir='ltr'>on</span> <span class='ocrx_word' id='word_1_295' title='bbox 597 2434 612 2449; x_wconf 93' lang='lat' dir='ltr'>a</span> <span class='ocrx_word' id='word_1_296' title='bbox 629 2427 732 2450; x_wconf 86' lang='lat' dir='ltr'>obtenu</span> <span class='ocrx_word' id='word_1_297' title='bbox 751 2427 821 2450; x_wconf 84' lang='lat' dir='ltr'>ainsi</span> <span class='ocrx_word' id='word_1_298' title='bbox 843 2433 879 2449; x_wconf 92' lang='lat' dir='ltr'>un</span> <span class='ocrx_word' id='word_1_299' title='bbox 898 2427 1000 2450; x_wconf 83' lang='lat' dir='ltr'>second</span> <span class='ocrx_word' id='word_1_300' title='bbox 1019 2430 1102 2454; x_wconf 86' lang='lat' dir='ltr'>texte.</span> 
     </span>
     <span class='ocr_line' id='line_1_39' title="bbox 92 2470 1103 2504; baseline -0.004 -6"><span class='ocrx_word' id='word_1_301' title='bbox 92 2474 165 2498; x_wconf 87' lang='lat' dir='ltr'>celui</span> <span class='ocrx_word' id='word_1_302' title='bbox 177 2480 229 2504; x_wconf 86' lang='lat' dir='ltr'>que</span> <span class='ocrx_word' id='word_1_303' title='bbox 242 2480 311 2496; x_wconf 87' lang='lat' dir='ltr'>nous</span> <span class='ocrx_word' id='word_1_304' title='bbox 326 2472 533 2502; x_wconf 86' lang='lat' dir='ltr'>reproduisons.</span> <span class='ocrx_word' id='word_1_305' title='bbox 546 2470 585 2494; x_wconf 85' lang='lat' dir='ltr'>En</span> <span class='ocrx_word' id='word_1_306' title='bbox 597 2474 687 2497; x_wconf 83' lang='lat' dir='ltr'>outre,</span> <span class='ocrx_word' id='word_1_307' title='bbox 701 2471 740 2493; x_wconf 86' lang='lat' dir='ltr'>les</span> <span class='ocrx_word' id='word_1_308' title='bbox 752 2474 838 2493; x_wconf 90' lang='lat' dir='ltr'>mots:</span> <span class='ocrx_word' id='word_1_309' title='bbox 852 2479 863 2492; x_wconf 79' lang='lat' dir='ltr'>a</span> <span class='ocrx_word' id='word_1_310' title='bbox 875 2470 946 2494; x_wconf 84' lang='lat' dir='ltr'>Sane</span> <span class='ocrx_word' id='word_1_311' title='bbox 961 2478 1022 2494; x_wconf 89' lang='lat' dir='ltr'>cum</span> <span class='ocrx_word' id='word_1_312' title='bbox 1033 2475 1058 2494; x_wconf 78' lang='lat' dir='ltr'>te</span> <span class='ocrx_word' id='word_1_313' title='bbox 1070 2471 1103 2494; x_wconf 87' lang='lat' dir='ltr'>ad</span> 
     </span>
     <span class='ocr_line' id='line_1_40' title="bbox 95 2514 1106 2549; baseline -0.003 -8"><span class='ocrx_word' id='word_1_314' title='bbox 95 2521 187 2549; x_wconf 80' lang='lat' dir='ltr'>partes</span> <span class='ocrx_word' id='word_1_315' title='bbox 198 2518 271 2547; x_wconf 87' lang='lat' dir='ltr'>ipsas</span> <span class='ocrx_word' id='word_1_316' title='bbox 286 2516 488 2547; x_wconf 88' lang='lat' dir='ltr'>providerimus</span> <span class='ocrx_word' id='word_1_317' title='bbox 505 2514 698 2538; x_wconf 83' lang='lat' dir='ltr'>destinandum</span> <span class='ocrx_word' id='word_1_318' title='bbox 715 2523 738 2543; x_wconf 75' lang='grc' dir='ltr'>υ,</span> <span class='ocrx_word' id='word_1_319' title='bbox 750 2517 798 2537; x_wconf 89' lang='lat' dir='ltr'>ont</span> <span class='ocrx_word' id='word_1_320' title='bbox 812 2514 854 2538; x_wconf 77' lang='lat' dir='ltr'>ete</span> <span class='ocrx_word' id='word_1_321' title='bbox 870 2515 977 2543; x_wconf 76' lang='lat' dir='ltr'>ajoutes</span> <span class='ocrx_word' id='word_1_322' title='bbox 996 2515 1064 2539; x_wconf 79' lang='lat' dir='ltr'>dans</span> <span class='ocrx_word' id='word_1_323' title='bbox 1080 2516 1106 2539; x_wconf 81' lang='lat' dir='ltr'>la</span> 
     </span>
     <span class='ocr_line' id='line_1_41' title="bbox 95 2558 1106 2592; baseline -0.003 -7"><span class='ocrx_word' id='word_1_324' title='bbox 95 2569 186 2592; x_wconf 78' lang='lat' dir='ltr'>marge</span> <span class='ocrx_word' id='word_1_325' title='bbox 206 2560 371 2587; x_wconf 77' lang='lat' dir='ltr'>exterioure,</span> <span class='ocrx_word' id='word_1_326' title='bbox 388 2566 454 2582; x_wconf 86' lang='lat' dir='ltr'>avec</span> <span class='ocrx_word' id='word_1_327' title='bbox 475 2565 512 2582; x_wconf 92' lang='lat' dir='ltr'>un</span> <span class='ocrx_word' id='word_1_328' title='bbox 529 2559 606 2588; x_wconf 85' lang='lat' dir='ltr'>signe</span> <span class='ocrx_word' id='word_1_329' title='bbox 621 2558 654 2581; x_wconf 89' lang='lat' dir='ltr'>de</span> <span class='ocrx_word' id='word_1_330' title='bbox 675 2558 770 2581; x_wconf 79' lang='lat' dir='ltr'>renvoi</span> <span class='ocrx_word' id='word_1_331' title='bbox 791 2562 868 2581; x_wconf 88' lang='lat' dir='ltr'>entre</span> <span class='ocrx_word' id='word_1_332' title='bbox 886 2560 1062 2587; x_wconf 80' lang='lat' dir='ltr'>questionem</span> <span class='ocrx_word' id='word_1_333' title='bbox 1079 2562 1106 2582; x_wconf 89' lang='lat' dir='ltr'>et</span> 
     </span>
     <span class='ocr_line' id='line_1_42' title="bbox 95 2601 1106 2632; baseline -0.004 -2"><span class='ocrx_word' id='word_1_334' title='bbox 95 2607 237 2630; x_wconf 82' lang='lat' dir='ltr'>volumus.</span> <span class='ocrx_word' id='word_1_335' title='bbox 257 2604 344 2631; x_wconf 80' lang='lat' dir='ltr'>Enfin,</span> <span class='ocrx_word' id='word_1_336' title='bbox 362 2604 388 2627; x_wconf 88' lang='lat' dir='ltr'>la</span> <span class='ocrx_word' id='word_1_337' title='bbox 404 2603 466 2626; x_wconf 82' lang='lat' dir='ltr'>date</span> <span class='ocrx_word' id='word_1_338' title='bbox 485 2611 500 2626; x_wconf 86' lang='lat' dir='ltr'>a</span> <span class='ocrx_word' id='word_1_339' title='bbox 516 2602 558 2626; x_wconf 74' lang='lat' dir='ltr'>ete</span> <span class='ocrx_word' id='word_1_340' title='bbox 575 2602 727 2632; x_wconf 80' lang='lat' dir='ltr'>egatement</span> <span class='ocrx_word' id='word_1_341' title='bbox 747 2602 892 2625; x_wconf 80' lang='lat' dir='ltr'>remaniee.</span> <span class='ocrx_word' id='word_1_342' title='bbox 906 2615 935 2620; x_wconf 93' lang='lat'><strong>—</strong></span> <span class='ocrx_word' id='word_1_343' title='bbox 947 2601 1007 2626; x_wconf 86' lang='lat' dir='ltr'>Une</span> <span class='ocrx_word' id='word_1_344' title='bbox 1025 2603 1106 2626; x_wconf 87' lang='lat' dir='ltr'>lettre</span> 
     </span>
     <span class='ocr_line' id='line_1_43' title="bbox 94 2645 1105 2679; baseline -0.004 -6"><span class='ocrx_word' id='word_1_345' title='bbox 94 2649 236 2679; x_wconf 87' lang='lat' dir='ltr'>identique</span> <span class='ocrx_word' id='word_1_346' title='bbox 250 2655 283 2671; x_wconf 83' lang='lat' dir='ltr'>au</span> <span class='ocrx_word' id='word_1_347' title='bbox 298 2651 372 2671; x_wconf 85' lang='lat' dir='ltr'>texte</span> <span class='ocrx_word' id='word_1_348' title='bbox 388 2647 504 2678; x_wconf 78' lang='lat' dir='ltr'>primitis</span> <span class='ocrx_word' id='word_1_349' title='bbox 515 2646 548 2669; x_wconf 86' lang='lat' dir='ltr'>de</span> <span class='ocrx_word' id='word_1_350' title='bbox 564 2646 667 2669; x_wconf 85' lang='lat' dir='ltr'>celle-ci</span> <span class='ocrx_word' id='word_1_351' title='bbox 682 2653 697 2668; x_wconf 84' lang='lat' dir='ltr'>a</span> <span class='ocrx_word' id='word_1_352' title='bbox 714 2645 757 2669; x_wconf 77' lang='lat' dir='ltr'>ete</span> <span class='ocrx_word' id='word_1_353' title='bbox 770 2645 898 2669; x_wconf 79' lang='lat' dir='ltr'>adressee</span> <span class='ocrx_word' id='word_1_354' title='bbox 912 2646 927 2668; x_wconf 76' lang='grc' dir='ltr'>ἐι</span> <span class='ocrx_word' id='word_1_355' title='bbox 939 2646 1061 2676; x_wconf 73' lang='lat' dir='ltr'>l&#39;eve&#39;qne</span> <span class='ocrx_word' id='word_1_356' title='bbox 1073 2647 1105 2669; x_wconf 85' lang='lat' dir='ltr'>de</span> 
     </span>
     <span class='ocr_line' id='line_1_44' title="bbox 96 2689 1106 2721; baseline -0.003 -4"><span class='ocrx_word' id='word_1_357' title='bbox 96 2693 237 2721; x_wconf 69' lang='lat' dir='ltr'>Preneste,</span> <span class='ocrx_word' id='word_1_358' title='bbox 247 2692 261 2714; x_wconf 77' lang='lat' dir='ltr'>a</span> <span class='ocrx_word' id='word_1_359' title='bbox 273 2693 298 2715; x_wconf 80' lang='lat' dir='ltr'>la</span> <span class='ocrx_word' id='word_1_360' title='bbox 309 2692 371 2714; x_wconf 84' lang='lat' dir='ltr'>date</span> <span class='ocrx_word' id='word_1_361' title='bbox 383 2691 419 2714; x_wconf 90' lang='lat' dir='ltr'>du</span> <span class='ocrx_word' id='word_1_362' title='bbox 434 2691 460 2714; x_wconf 82' lang='lat'>19</span> <span class='ocrx_word' id='word_1_363' title='bbox 472 2691 523 2713; x_wconf 83' lang='lat' dir='ltr'>mai</span> <span class='ocrx_word' id='word_1_364' title='bbox 538 2690 596 2714; x_wconf 64' lang='lat'>1235</span> <span class='ocrx_word' id='word_1_365' title='bbox 608 2690 650 2719; x_wconf 69' lang='lat' dir='ltr'>(cf.</span> <span class='ocrx_word' id='word_1_366' title='bbox 665 2691 748 2718; x_wconf 77' lang='lat' dir='ltr'>infra,</span> <span class='ocrx_word' id='word_1_367' title='bbox 758 2696 820 2712; x_wconf 82' lang='lat' dir='ltr'>ann.</span> <span class='ocrx_word' id='word_1_368' title='bbox 831 2689 891 2719; x_wconf 82' lang='lat' dir='ltr'>XII,</span> <span class='ocrx_word' id='word_1_369' title='bbox 903 2697 927 2713; x_wconf 73' lang='lat' dir='ltr'>c,</span> <span class='ocrx_word' id='word_1_370' title='bbox 943 2690 1013 2719; x_wconf 46' lang='lat'>⁴34„</span> <span class='ocrx_word' id='word_1_371' title='bbox 1031 2690 1106 2720; x_wconf 84' lang='lat' dir='ltr'>c&#39;est,</span> 
     </span>
     <span class='ocr_line' id='line_1_45' title="bbox 95 2733 1106 2767; baseline -0.003 -6"><span class='ocrx_word' id='word_1_372' title='bbox 95 2738 172 2761; x_wconf 84' lang='lat' dir='ltr'>selon</span> <span class='ocrx_word' id='word_1_373' title='bbox 192 2737 217 2760; x_wconf 82' lang='lat' dir='ltr'>la</span> <span class='ocrx_word' id='word_1_374' title='bbox 239 2738 299 2767; x_wconf 85' lang='lat' dir='ltr'>plus</span> <span class='ocrx_word' id='word_1_375' title='bbox 319 2735 421 2766; x_wconf 80' lang='lat' dir='ltr'>grande</span> <span class='ocrx_word' id='word_1_376' title='bbox 440 2735 665 2762; x_wconf 81' lang='lat' dir='ltr'>vraisernblance‚</span> <span class='ocrx_word' id='word_1_377' title='bbox 688 2740 758 2763; x_wconf 85' lang='lat' dir='ltr'>pour</span> <span class='ocrx_word' id='word_1_378' title='bbox 775 2740 808 2756; x_wconf 93' lang='lat' dir='ltr'>ne</span> <span class='ocrx_word' id='word_1_379' title='bbox 828 2741 876 2763; x_wconf 85' lang='lat' dir='ltr'>pas</span> <span class='ocrx_word' id='word_1_380' title='bbox 895 2733 954 2757; x_wconf 80' lang='lat' dir='ltr'>dire</span> <span class='ocrx_word' id='word_1_381' title='bbox 973 2740 1007 2757; x_wconf 88' lang='lat' dir='ltr'>en</span> <span class='ocrx_word' id='word_1_382' title='bbox 1030 2737 1106 2758; x_wconf 84' lang='lat' dir='ltr'>toute</span> 
     </span>
     <span class='ocr_line' id='line_1_46' title="bbox 93 2777 1106 2808; baseline -0.004 -3"><span class='ocrx_word' id='word_1_383' title='bbox 93 2781 241 2807; x_wconf 81' lang='lat' dir='ltr'>certitude.</span> <span class='ocrx_word' id='word_1_384' title='bbox 254 2784 324 2804; x_wconf 85' lang='lat' dir='ltr'>cette</span> <span class='ocrx_word' id='word_1_385' title='bbox 341 2780 420 2802; x_wconf 83' lang='lat' dir='ltr'>lettre</span> <span class='ocrx_word' id='word_1_386' title='bbox 432 2779 468 2802; x_wconf 90' lang='lat' dir='ltr'>du</span> <span class='ocrx_word' id='word_1_387' title='bbox 485 2779 512 2802; x_wconf 81' lang='lat'>19</span> <span class='ocrx_word' id='word_1_388' title='bbox 528 2779 578 2801; x_wconf 79' lang='lat' dir='ltr'>mai</span> <span class='ocrx_word' id='word_1_389' title='bbox 593 2778 639 2808; x_wconf 84' lang='lat' dir='ltr'>qui</span> <span class='ocrx_word' id='word_1_390' title='bbox 652 2778 724 2800; x_wconf 82' lang='lat' dir='ltr'>avait</span> <span class='ocrx_word' id='word_1_391' title='bbox 738 2777 780 2800; x_wconf 73' lang='lat' dir='ltr'>ete</span> <span class='ocrx_word' id='word_1_392' title='bbox 796 2777 1010 2807; x_wconf 87' lang='lat' dir='ltr'>primitivement</span> <span class='ocrx_word' id='word_1_393' title='bbox 1022 2778 1106 2801; x_wconf 81' lang='lat' dir='ltr'>ecrite</span> 
     </span>
     <span class='ocr_line' id='line_1_47' title="bbox 94 2823 541 2852; baseline -0.007 -4"><span class='ocrx_word' id='word_1_394' title='bbox 94 2825 112 2848; x_wconf 75' lang='lat' dir='ltr'>a</span> <span class='ocrx_word' id='word_1_395' title='bbox 124 2828 167 2848; x_wconf 79' lang='lat' dir='ltr'>cet</span> <span class='ocrx_word' id='word_1_396' title='bbox 183 2824 334 2848; x_wconf 85' lang='lat' dir='ltr'>endroit-ci</span> <span class='ocrx_word' id='word_1_397' title='bbox 352 2823 389 2846; x_wconf 88' lang='lat' dir='ltr'>du</span> <span class='ocrx_word' id='word_1_398' title='bbox 406 2823 541 2852; x_wconf 74' lang='lat' dir='ltr'>Reyistre.</span> 
     </span>
    </p>

    <p class='ocr_par' dir='ltr' id='par_1_8' title="bbox 94 2865 1109 2983">
     <span class='ocr_line' id='line_1_48' title="bbox 130 2865 1106 2897; baseline -0.003 -5"><span class='ocrx_word' id='word_1_399' title='bbox 130 2869 151 2892; x_wconf 86' lang='grc' dir='ltr'>ί.</span> <span class='ocrx_word' id='word_1_400' title='bbox 169 2869 283 2892; x_wconf 85' lang='lat' dir='ltr'>Partout</span> <span class='ocrx_word' id='word_1_401' title='bbox 298 2868 409 2890; x_wconf 86' lang='lat' dir='ltr'>aitleurs</span> <span class='ocrx_word' id='word_1_402' title='bbox 426 2873 478 2897; x_wconf 86' lang='lat' dir='ltr'>que</span> <span class='ocrx_word' id='word_1_403' title='bbox 495 2866 563 2889; x_wconf 83' lang='lat' dir='ltr'>dans</span> <span class='ocrx_word' id='word_1_404' title='bbox 579 2869 649 2889; x_wconf 86' lang='lat' dir='ltr'>cette</span> <span class='ocrx_word' id='word_1_405' title='bbox 660 2865 782 2891; x_wconf 82' lang='lat' dir='ltr'>adresse.</span> <span class='ocrx_word' id='word_1_406' title='bbox 798 2872 832 2888; x_wconf 81' lang='lat' dir='ltr'>au</span> <span class='ocrx_word' id='word_1_407' title='bbox 849 2865 902 2888; x_wconf 78' lang='lat' dir='ltr'>tieu</span> <span class='ocrx_word' id='word_1_408' title='bbox 916 2865 950 2888; x_wconf 86' lang='lat' dir='ltr'>de</span> <span class='ocrx_word' id='word_1_409' title='bbox 964 2872 970 2889; x_wconf 88' lang='lat'>:</span> <span class='ocrx_word' id='word_1_410' title='bbox 983 2873 995 2887; x_wconf 70' lang='lat' dir='ltr'>a</span> <span class='ocrx_word' id='word_1_411' title='bbox 1009 2866 1106 2889; x_wconf 81' lang='lat' dir='ltr'>Sancti</span> 
     </span>
     <span class='ocr_line' id='line_1_49' title="bbox 99 2909 1109 2939; baseline -0.002 -3"><span class='ocrx_word' id='word_1_412' title='bbox 99 2913 172 2936; x_wconf 83' lang='lat' dir='ltr'>Petri</span> <span class='ocrx_word' id='word_1_413' title='bbox 189 2912 277 2936; x_wconf 82' lang='lat' dir='ltr'>Masse</span> <span class='ocrx_word' id='word_1_414' title='bbox 294 2912 371 2935; x_wconf 85' lang='lat' dir='ltr'>Nove</span> <span class='ocrx_word' id='word_1_415' title='bbox 391 2911 423 2934; x_wconf 86' lang='lat' dir='ltr'>de</span> <span class='ocrx_word' id='word_1_416' title='bbox 441 2910 562 2934; x_wconf 78' lang='lat' dir='ltr'>Fiscaria</span> <span class='ocrx_word' id='word_1_417' title='bbox 579 2919 601 2939; x_wconf 71' lang='grc' dir='ltr'>υ,</span> <span class='ocrx_word' id='word_1_418' title='bbox 617 2916 652 2933; x_wconf 91' lang='lat' dir='ltr'>on</span> <span class='ocrx_word' id='word_1_419' title='bbox 668 2909 698 2932; x_wconf 85' lang='lat' dir='ltr'>lit</span> <span class='ocrx_word' id='word_1_420' title='bbox 717 2909 816 2939; x_wconf 69' lang='lat' dir='ltr'>[picces</span> <span class='ocrx_word' id='word_1_421' title='bbox 833 2909 903 2935; x_wconf 72' lang='lat'>4354.</span> <span class='ocrx_word' id='word_1_422' title='bbox 919 2909 988 2939; x_wconf 67' lang='lat'>4355,</span> <span class='ocrx_word' id='word_1_423' title='bbox 1006 2910 1067 2934; x_wconf 77' lang='lat'>4356</span> <span class='ocrx_word' id='word_1_424' title='bbox 1082 2914 1109 2934; x_wconf 86' lang='lat' dir='ltr'>et</span> 
     </span>
     <span class='ocr_line' id='line_1_50' title="bbox 94 2952 848 2983; baseline -0.007 -3"><span class='ocrx_word' id='word_1_425' title='bbox 94 2956 166 2983; x_wconf 72' lang='lat'>4357)</span> <span class='ocrx_word' id='word_1_426' title='bbox 183 2963 188 2980; x_wconf 96' lang='lat'>:</span> <span class='ocrx_word' id='word_1_427' title='bbox 207 2966 218 2977; x_wconf 81' lang='grc' dir='ltr'>ιι</span> <span class='ocrx_word' id='word_1_428' title='bbox 235 2956 330 2979; x_wconf 87' lang='lat' dir='ltr'>Sancti</span> <span class='ocrx_word' id='word_1_429' title='bbox 349 2955 422 2978; x_wconf 81' lang='lat' dir='ltr'>Petri</span> <span class='ocrx_word' id='word_1_430' title='bbox 439 2954 472 2977; x_wconf 85' lang='lat' dir='ltr'>de</span> <span class='ocrx_word' id='word_1_431' title='bbox 488 2953 578 2977; x_wconf 74' lang='lat' dir='ltr'>Massa</span> <span class='ocrx_word' id='word_1_432' title='bbox 594 2953 672 2977; x_wconf 87' lang='lat' dir='ltr'>Nova</span> <span class='ocrx_word' id='word_1_433' title='bbox 688 2952 820 2976; x_wconf 78' lang='lat' dir='ltr'>Fiscaria.</span> <span class='ocrx_word' id='word_1_434' title='bbox 836 2961 848 2975; x_wconf 73' lang='grc' dir='ltr'>υ</span> 
     </span>
    </p>
   </div>
   <div class='ocr_carea' id='block_1_8' title="bbox 1175 362 2188 2184">
    <p class='ocr_par' dir='ltr' id='par_1_9' title="bbox 1175 362 2188 2184">
     <span class='ocr_line' id='line_1_51' title="bbox 1179 362 2178 409; baseline 0 -10"><span class='ocrx_word' id='word_1_435' title='bbox 1179 369 1285 399; x_wconf 86' lang='lat' dir='ltr'>eidem</span> <span class='ocrx_word' id='word_1_436' title='bbox 1302 371 1465 409; x_wconf 88' lang='lat' dir='ltr'>episcopo,</span> <span class='ocrx_word' id='word_1_437' title='bbox 1484 371 1517 400; x_wconf 91' lang='lat' dir='ltr'>in</span> <span class='ocrx_word' id='word_1_438' title='bbox 1537 375 1647 400; x_wconf 87' lang='lat' dir='ltr'>nostra</span> <span class='ocrx_word' id='word_1_439' title='bbox 1668 371 1831 409; x_wconf 84' lang='lat' dir='ltr'>presentia</span> <span class='ocrx_word' id='word_1_440' title='bbox 1856 362 2056 405; x_wconf 80' lang='lat' dir='ltr'>constitutis,</span> <span class='ocrx_word' id='word_1_441' title='bbox 2080 379 2178 400; x_wconf 78' lang='lat' dir='ltr'>vene-</span> 
     </span>
     <span class='ocr_line' id='line_1_52' title="bbox 1179 422 2179 461; baseline 0 -10"><span class='ocrx_word' id='word_1_442' title='bbox 1179 422 1317 452; x_wconf 90' lang='lat' dir='ltr'>rabilem</span> <span class='ocrx_word' id='word_1_443' title='bbox 1333 423 1468 453; x_wconf 82' lang='lat' dir='ltr'>fratrem</span> <span class='ocrx_word' id='word_1_444' title='bbox 1488 428 1635 453; x_wconf 79' lang='lat' dir='ltr'>nostruin</span> <span class='ocrx_word' id='word_1_445' title='bbox 1655 447 1672 452; x_wconf 87' lang='lat'>..</span> <span class='ocrx_word' id='word_1_446' title='bbox 1693 424 1881 461; x_wconf 82' lang='lat' dir='ltr'>episcopum</span> <span class='ocrx_word' id='word_1_447' title='bbox 1897 423 2084 453; x_wconf 79' lang='lat' dir='ltr'>Ostiensem</span> <span class='ocrx_word' id='word_1_448' title='bbox 2101 431 2179 452; x_wconf 79' lang='lat' dir='ltr'>con-</span> 
     </span>
     <span class='ocr_line' id='line_1_53' title="bbox 1179 475 2179 515; baseline 0.001 -12"><span class='ocrx_word' id='word_1_449' title='bbox 1179 475 1340 504; x_wconf 81' lang='lat' dir='ltr'>cessimus</span> <span class='ocrx_word' id='word_1_450' title='bbox 1359 475 1552 505; x_wconf 87' lang='lat' dir='ltr'>auditorem.</span> <span class='ocrx_word' id='word_1_451' title='bbox 1574 476 1691 506; x_wconf 90' lang='lat' dir='ltr'>Coram</span> <span class='ocrx_word' id='word_1_452' title='bbox 1715 485 1778 515; x_wconf 88' lang='lat' dir='ltr'>quo</span> <span class='ocrx_word' id='word_1_453' title='bbox 1805 475 1861 505; x_wconf 85' lang='lat' dir='ltr'>lite</span> <span class='ocrx_word' id='word_1_454' title='bbox 1885 485 1983 513; x_wconf 88' lang='lat' dir='ltr'>super</span> <span class='ocrx_word' id='word_1_455' title='bbox 2009 475 2179 513; x_wconf 84' lang='lat' dir='ltr'>premissis</span> 
     </span>
     <span class='ocr_line' id='line_1_54' title="bbox 1178 526 2179 566; baseline 0 -10"><span class='ocrx_word' id='word_1_456' title='bbox 1178 526 1325 564; x_wconf 74' lang='lat' dir='ltr'>legitime</span> <span class='ocrx_word' id='word_1_457' title='bbox 1345 532 1538 560; x_wconf 74' lang='lat' dir='ltr'>contestata,</span> <span class='ocrx_word' id='word_1_458' title='bbox 1557 533 1587 557; x_wconf 87' lang='lat' dir='ltr'>et</span> <span class='ocrx_word' id='word_1_459' title='bbox 1613 528 1707 557; x_wconf 82' lang='lat' dir='ltr'>factis</span> <span class='ocrx_word' id='word_1_460' title='bbox 1725 528 1801 557; x_wconf 85' lang='lat' dir='ltr'>hinc</span> <span class='ocrx_word' id='word_1_461' title='bbox 1819 528 1894 558; x_wconf 89' lang='lat' dir='ltr'>inde</span> <span class='ocrx_word' id='word_1_462' title='bbox 1912 527 2131 566; x_wconf 78' lang='lat' dir='ltr'>positionibus</span> <span class='ocrx_word' id='word_1_463' title='bbox 2149 531 2179 556; x_wconf 89' lang='lat' dir='ltr'>et</span> 
     </span>
     <span class='ocr_line' id='line_1_55' title="bbox 1180 579 2180 617; baseline 0 -9"><span class='ocrx_word' id='word_1_464' title='bbox 1180 579 1452 617; x_wconf 85' lang='lat' dir='ltr'>responsionibus</span> <span class='ocrx_word' id='word_1_465' title='bbox 1469 580 1507 609; x_wconf 83' lang='lat' dir='ltr'>ad</span> <span class='ocrx_word' id='word_1_466' title='bbox 1525 580 1667 615; x_wconf 73' lang='lat' dir='ltr'>easdem,</span> <span class='ocrx_word' id='word_1_467' title='bbox 1682 589 1739 610; x_wconf 77' lang='lat' dir='ltr'>nos</span> <span class='ocrx_word' id='word_1_468' title='bbox 1753 580 1893 615; x_wconf 88' lang='lat' dir='ltr'>tandem,</span> <span class='ocrx_word' id='word_1_469' title='bbox 1908 580 2019 610; x_wconf 87' lang='lat' dir='ltr'>eodem</span> <span class='ocrx_word' id='word_1_470' title='bbox 2033 579 2180 610; x_wconf 83' lang='lat' dir='ltr'>Ostiensi</span> 
     </span>
     <span class='ocr_line' id='line_1_56' title="bbox 1179 631 2177 670; baseline -0.001 -9"><span class='ocrx_word' id='word_1_471' title='bbox 1179 631 1217 662; x_wconf 90' lang='lat' dir='ltr'>de</span> <span class='ocrx_word' id='word_1_472' title='bbox 1234 632 1387 661; x_wconf 87' lang='lat' dir='ltr'>mandato</span> <span class='ocrx_word' id='word_1_473' title='bbox 1409 636 1519 662; x_wconf 85' lang='lat' dir='ltr'>nostro</span> <span class='ocrx_word' id='word_1_474' title='bbox 1542 632 1581 661; x_wconf 88' lang='lat' dir='ltr'>ad</span> <span class='ocrx_word' id='word_1_475' title='bbox 1606 637 1712 670; x_wconf 82' lang='lat' dir='ltr'>partes</span> <span class='ocrx_word' id='word_1_476' title='bbox 1731 633 1812 662; x_wconf 77' lang='lat' dir='ltr'>alias</span> <span class='ocrx_word' id='word_1_477' title='bbox 1837 633 2021 662; x_wconf 82' lang='lat' dir='ltr'>accedente.</span> <span class='ocrx_word' id='word_1_478' title='bbox 2047 640 2177 661; x_wconf 81' lang='lat' dir='ltr'>causam</span> 
     </span>
     <span class='ocr_line' id='line_1_57' title="bbox 1179 684 2180 723; baseline 0 -10"><span class='ocrx_word' id='word_1_479' title='bbox 1179 685 1283 722; x_wconf 84' lang='lat' dir='ltr'>ipsam</span> <span class='ocrx_word' id='word_1_480' title='bbox 1299 684 1418 715; x_wconf 88' lang='lat' dir='ltr'>dilecto</span> <span class='ocrx_word' id='word_1_481' title='bbox 1435 685 1502 714; x_wconf 83' lang='lat' dir='ltr'>filio</span> <span class='ocrx_word' id='word_1_482' title='bbox 1518 685 1664 716; x_wconf 68' lang='lat' dir='ltr'>tIohanni</span> <span class='ocrx_word' id='word_1_483' title='bbox 1684 686 1792 723; x_wconf 84' lang='lat' dir='ltr'>Spate,</span> <span class='ocrx_word' id='word_1_484' title='bbox 1808 686 2008 715; x_wconf 82' lang='lat' dir='ltr'>subdiacono</span> <span class='ocrx_word' id='word_1_485' title='bbox 2025 689 2056 715; x_wconf 85' lang='lat' dir='ltr'>et</span> <span class='ocrx_word' id='word_1_486' title='bbox 2072 685 2180 723; x_wconf 83' lang='lat' dir='ltr'>capel-</span> 
     </span>
     <span class='ocr_line' id='line_1_58' title="bbox 1178 737 2177 772; baseline 0 -6"><span class='ocrx_word' id='word_1_487' title='bbox 1178 737 1254 767; x_wconf 88' lang='lat' dir='ltr'>lano</span> <span class='ocrx_word' id='word_1_488' title='bbox 1279 742 1401 772; x_wconf 80' lang='lat' dir='ltr'>nostro,</span> <span class='ocrx_word' id='word_1_489' title='bbox 1427 739 1654 768; x_wconf 83' lang='lat' dir='ltr'>commisimus</span> <span class='ocrx_word' id='word_1_490' title='bbox 1675 739 1926 768; x_wconf 82' lang='lat' dir='ltr'>terminandam.</span> <span class='ocrx_word' id='word_1_491' title='bbox 1946 738 2028 769; x_wconf 90' lang='lat' dir='ltr'>Cum</span> <span class='ocrx_word' id='word_1_492' title='bbox 2057 742 2177 772; x_wconf 85' lang='lat' dir='ltr'>autem,</span> 
     </span>
     <span class='ocr_line' id='line_1_59' title="bbox 1180 790 2179 828; baseline 0.001 -10"><span class='ocrx_word' id='word_1_493' title='bbox 1180 794 1209 819; x_wconf 91' lang='lat' dir='ltr'>te</span> <span class='ocrx_word' id='word_1_494' title='bbox 1227 798 1264 818; x_wconf 89' lang='lat' dir='ltr'>ac</span> <span class='ocrx_word' id='word_1_495' title='bbox 1281 794 1371 827; x_wconf 86' lang='lat' dir='ltr'>parte</span> <span class='ocrx_word' id='word_1_496' title='bbox 1389 790 1491 819; x_wconf 84' lang='lat' dir='ltr'>altera</span> <span class='ocrx_word' id='word_1_497' title='bbox 1508 791 1773 828; x_wconf 83' lang='lat' dir='ltr'>comparentibus</span> <span class='ocrx_word' id='word_1_498' title='bbox 1795 799 1903 820; x_wconf 87' lang='lat' dir='ltr'>eoram</span> <span class='ocrx_word' id='word_1_499' title='bbox 1921 790 2089 828; x_wconf 87' lang='lat' dir='ltr'>capellano</span> <span class='ocrx_word' id='word_1_500' title='bbox 2105 798 2179 828; x_wconf 86' lang='lat' dir='ltr'>pre-</span> 
     </span>
     <span class='ocr_line' id='line_1_60' title="bbox 1179 842 2179 880; baseline 0.001 -9"><span class='ocrx_word' id='word_1_501' title='bbox 1179 842 1265 872; x_wconf 87' lang='lat' dir='ltr'>dicto</span> <span class='ocrx_word' id='word_1_502' title='bbox 1281 846 1311 872; x_wconf 90' lang='lat' dir='ltr'>et</span> <span class='ocrx_word' id='word_1_503' title='bbox 1332 843 1365 871; x_wconf 91' lang='lat' dir='ltr'>in</span> <span class='ocrx_word' id='word_1_504' title='bbox 1384 851 1483 872; x_wconf 87' lang='lat' dir='ltr'>causa</span> <span class='ocrx_word' id='word_1_505' title='bbox 1502 843 1754 880; x_wconf 80' lang='lat' dir='ltr'>procedentibus</span> <span class='ocrx_word' id='word_1_506' title='bbox 1771 848 1960 873; x_wconf 85' lang='lat' dir='ltr'>memorata.</span> <span class='ocrx_word' id='word_1_507' title='bbox 1977 843 2105 873; x_wconf 84' lang='lat' dir='ltr'>demum</span> <span class='ocrx_word' id='word_1_508' title='bbox 2125 852 2179 873; x_wconf 85' lang='lat' dir='ltr'>ea-</span> 
     </span>
     <span class='ocr_line' id='line_1_61' title="bbox 1178 894 2179 933; baseline 0.001 -10"><span class='ocrx_word' id='word_1_509' title='bbox 1178 894 1251 924; x_wconf 88' lang='lat' dir='ltr'>dem</span> <span class='ocrx_word' id='word_1_510' title='bbox 1275 904 1360 932; x_wconf 75' lang='lat' dir='ltr'>pars,</span> <span class='ocrx_word' id='word_1_511' title='bbox 1385 904 1441 933; x_wconf 91' lang='lat' dir='ltr'>per</span> <span class='ocrx_word' id='word_1_512' title='bbox 1463 894 1558 931; x_wconf 77' lang='lat' dir='ltr'>longa</span> <span class='ocrx_word' id='word_1_513' title='bbox 1582 895 1756 925; x_wconf 80' lang='lat' dir='ltr'>intervalla</span> <span class='ocrx_word' id='word_1_514' title='bbox 1782 895 1879 924; x_wconf 76' lang='lat' dir='ltr'>citata</span> <span class='ocrx_word' id='word_1_515' title='bbox 1905 896 2120 933; x_wconf 84' lang='lat' dir='ltr'>peremptorie</span> <span class='ocrx_word' id='word_1_516' title='bbox 2139 895 2179 924; x_wconf 81' lang='lat' dir='ltr'>ad</span> 
     </span>
     <span class='ocr_line' id='line_1_62' title="bbox 1175 946 2178 985; baseline 0.001 -10"><span class='ocrx_word' id='word_1_517' title='bbox 1175 946 1338 985; x_wconf 80' lang='lat' dir='ltr'>judicium</span> <span class='ocrx_word' id='word_1_518' title='bbox 1359 952 1388 977; x_wconf 89' lang='lat' dir='ltr'>et</span> <span class='ocrx_word' id='word_1_519' title='bbox 1414 947 1602 984; x_wconf 84' lang='lat' dir='ltr'>specialiter</span> <span class='ocrx_word' id='word_1_520' title='bbox 1625 947 1665 976; x_wconf 88' lang='lat' dir='ltr'>ad</span> <span class='ocrx_word' id='word_1_521' title='bbox 1689 947 1887 977; x_wconf 72' lang='lat' dir='ltr'>sententiam</span> <span class='ocrx_word' id='word_1_522' title='bbox 1910 947 2118 981; x_wconf 86' lang='lat' dir='ltr'>audiendam,</span> <span class='ocrx_word' id='word_1_523' title='bbox 2144 956 2178 977; x_wconf 89' lang='lat' dir='ltr'>se</span> 
     </span>
     <span class='ocr_line' id='line_1_63' title="bbox 1179 999 2177 1037; baseline 0.001 -10"><span class='ocrx_word' id='word_1_524' title='bbox 1179 999 1416 1028; x_wconf 87' lang='lat' dir='ltr'>contumaciter</span> <span class='ocrx_word' id='word_1_525' title='bbox 1428 999 1607 1029; x_wconf 86' lang='lat' dir='ltr'>absentarit</span> <span class='ocrx_word' id='word_1_526' title='bbox 1622 1008 1679 1028; x_wconf 64' lang='lat' dir='ltr'>nec</span> <span class='ocrx_word' id='word_1_527' title='bbox 1694 1000 1847 1037; x_wconf 83' lang='lat' dir='ltr'>paruerit,</span> <span class='ocrx_word' id='word_1_528' title='bbox 1859 1000 1984 1029; x_wconf 86' lang='lat' dir='ltr'>diutius</span> <span class='ocrx_word' id='word_1_529' title='bbox 1994 1004 2177 1037; x_wconf 80' lang='lat' dir='ltr'>expectata:</span> 
     </span>
     <span class='ocr_line' id='line_1_64' title="bbox 1179 1051 2179 1090; baseline 0.001 -10"><span class='ocrx_word' id='word_1_530' title='bbox 1179 1051 1346 1089; x_wconf 80' lang='lat' dir='ltr'>predictus</span> <span class='ocrx_word' id='word_1_531' title='bbox 1362 1051 1563 1089; x_wconf 83' lang='lat' dir='ltr'>capellanus,</span> <span class='ocrx_word' id='word_1_532' title='bbox 1588 1051 1669 1081; x_wconf 88' lang='lat' dir='ltr'>visis</span> <span class='ocrx_word' id='word_1_533' title='bbox 1693 1052 1959 1081; x_wconf 82' lang='lat' dir='ltr'>confessionibus</span> <span class='ocrx_word' id='word_1_534' title='bbox 1978 1052 2130 1090; x_wconf 87' lang='lat' dir='ltr'>partium.</span> <span class='ocrx_word' id='word_1_535' title='bbox 2149 1056 2179 1081; x_wconf 86' lang='lat' dir='ltr'>et</span> 
     </span>
     <span class='ocr_line' id='line_1_65' title="bbox 1179 1103 2181 1142; baseline 0.002 -9"><span class='ocrx_word' id='word_1_536' title='bbox 1179 1103 1285 1142; x_wconf 87' lang='lat' dir='ltr'>ipsius</span> <span class='ocrx_word' id='word_1_537' title='bbox 1311 1103 1448 1133; x_wconf 68' lang='lat' dir='ltr'>oreteste</span> <span class='ocrx_word' id='word_1_538' title='bbox 1478 1104 1662 1133; x_wconf 87' lang='lat' dir='ltr'>rationibus</span> <span class='ocrx_word' id='word_1_539' title='bbox 1686 1113 1721 1133; x_wconf 88' lang='lat' dir='ltr'>ac</span> <span class='ocrx_word' id='word_1_540' title='bbox 1748 1104 1979 1133; x_wconf 75' lang='lat' dir='ltr'>instrumentis</span> <span class='ocrx_word' id='word_1_541' title='bbox 2005 1104 2181 1142; x_wconf 75' lang='lat' dir='ltr'>diligenter</span> 
     </span>
     <span class='ocr_line' id='line_1_66' title="bbox 1180 1155 2181 1195; baseline 0.001 -10"><span class='ocrx_word' id='word_1_542' title='bbox 1180 1155 1348 1193; x_wconf 74' lang='lat' dir='ltr'>inspectis,</span> <span class='ocrx_word' id='word_1_543' title='bbox 1369 1157 1445 1194; x_wconf 84' lang='lat' dir='ltr'>quia</span> <span class='ocrx_word' id='word_1_544' title='bbox 1462 1156 1609 1185; x_wconf 90' lang='lat' dir='ltr'>constitit</span> <span class='ocrx_word' id='word_1_545' title='bbox 1626 1156 1655 1186; x_wconf 91' lang='lat' dir='ltr'>ei</span> <span class='ocrx_word' id='word_1_546' title='bbox 1673 1156 1792 1186; x_wconf 84' lang='lat' dir='ltr'>dietam</span> <span class='ocrx_word' id='word_1_547' title='bbox 1809 1156 1992 1192; x_wconf 78' lang='lat' dir='ltr'>ecclesiam,</span> <span class='ocrx_word' id='word_1_548' title='bbox 2015 1166 2087 1186; x_wconf 79' lang='lat' dir='ltr'>cum</span> <span class='ocrx_word' id='word_1_549' title='bbox 2106 1167 2181 1195; x_wconf 88' lang='lat' dir='ltr'>par-</span> 
     </span>
     <span class='ocr_line' id='line_1_67' title="bbox 1180 1208 2178 1247; baseline 0.002 -10"><span class='ocrx_word' id='word_1_550' title='bbox 1180 1208 1294 1238; x_wconf 89' lang='lat' dir='ltr'>rochia</span> <span class='ocrx_word' id='word_1_551' title='bbox 1313 1212 1344 1238; x_wconf 92' lang='lat' dir='ltr'>et</span> <span class='ocrx_word' id='word_1_552' title='bbox 1365 1208 1576 1247; x_wconf 87' lang='lat' dir='ltr'>pertinentiis</span> <span class='ocrx_word' id='word_1_553' title='bbox 1598 1209 1679 1243; x_wconf 78' lang='lat' dir='ltr'>suis,</span> <span class='ocrx_word' id='word_1_554' title='bbox 1699 1209 1787 1239; x_wconf 88' lang='lat' dir='ltr'>beati</span> <span class='ocrx_word' id='word_1_555' title='bbox 1813 1209 1901 1239; x_wconf 86' lang='lat' dir='ltr'>Petri</span> <span class='ocrx_word' id='word_1_556' title='bbox 1920 1209 2006 1247; x_wconf 86' lang='lat' dir='ltr'>juris</span> <span class='ocrx_word' id='word_1_557' title='bbox 2029 1209 2178 1244; x_wconf 83' lang='lat' dir='ltr'>existere,</span> 
     </span>
     <span class='ocr_line' id='line_1_68' title="bbox 1180 1260 2182 1300; baseline -0.001 -9"><span class='ocrx_word' id='word_1_558' title='bbox 1180 1264 1212 1291; x_wconf 86' lang='lat' dir='ltr'>et</span> <span class='ocrx_word' id='word_1_559' title='bbox 1228 1260 1332 1290; x_wconf 89' lang='lat' dir='ltr'>nichil</span> <span class='ocrx_word' id='word_1_560' title='bbox 1344 1260 1430 1299; x_wconf 85' lang='lat' dir='ltr'>juris</span> <span class='ocrx_word' id='word_1_561' title='bbox 1446 1260 1567 1291; x_wconf 86' lang='lat' dir='ltr'>habere</span> <span class='ocrx_word' id='word_1_562' title='bbox 1586 1261 1812 1299; x_wconf 88' lang='lat' dir='ltr'>supradictum</span> <span class='ocrx_word' id='word_1_563' title='bbox 1828 1261 2041 1291; x_wconf 88' lang='lat' dir='ltr'>Cerviensem</span> <span class='ocrx_word' id='word_1_564' title='bbox 2057 1262 2182 1300; x_wconf 87' lang='lat' dir='ltr'>episco-</span> 
     </span>
     <span class='ocr_line' id='line_1_69' title="bbox 1180 1312 2182 1352; baseline 0.002 -11"><span class='ocrx_word' id='word_1_565' title='bbox 1180 1321 1257 1350; x_wconf 92' lang='lat' dir='ltr'>pum</span> <span class='ocrx_word' id='word_1_566' title='bbox 1280 1312 1315 1341; x_wconf 93' lang='lat' dir='ltr'>in</span> <span class='ocrx_word' id='word_1_567' title='bbox 1340 1312 1476 1347; x_wconf 72' lang='lat' dir='ltr'>eisdem,</span> <span class='ocrx_word' id='word_1_568' title='bbox 1503 1312 1643 1351; x_wconf 85' lang='lat' dir='ltr'>cognitis</span> <span class='ocrx_word' id='word_1_569' title='bbox 1665 1322 1765 1343; x_wconf 90' lang='lat' dir='ltr'>cause</span> <span class='ocrx_word' id='word_1_570' title='bbox 1786 1313 1924 1348; x_wconf 89' lang='lat' dir='ltr'>meritis,</span> <span class='ocrx_word' id='word_1_571' title='bbox 1954 1318 2148 1352; x_wconf 88' lang='lat' dir='ltr'>receptoque</span> <span class='ocrx_word' id='word_1_572' title='bbox 2165 1323 2182 1342; x_wconf 92' lang='lat' dir='ltr'>a</span> 
     </span>
     <span class='ocr_line' id='line_1_70' title="bbox 1181 1365 2182 1404; baseline 0.001 -9"><span class='ocrx_word' id='word_1_573' title='bbox 1181 1365 1276 1395; x_wconf 88' lang='lat' dir='ltr'>nohis</span> <span class='ocrx_word' id='word_1_574' title='bbox 1298 1365 1337 1395; x_wconf 90' lang='lat' dir='ltr'>de</span> <span class='ocrx_word' id='word_1_575' title='bbox 1360 1366 1525 1395; x_wconf 88' lang='lat' dir='ltr'>sententia</span> <span class='ocrx_word' id='word_1_576' title='bbox 1548 1365 1746 1404; x_wconf 86' lang='lat' dir='ltr'>proferenda</span> <span class='ocrx_word' id='word_1_577' title='bbox 1768 1366 1932 1395; x_wconf 87' lang='lat' dir='ltr'>mandato.</span> <span class='ocrx_word' id='word_1_578' title='bbox 1957 1367 2182 1404; x_wconf 86' lang='lat' dir='ltr'>pronuntiavit</span> 
     </span>
     <span class='ocr_line' id='line_1_71' title="bbox 1181 1417 2183 1456; baseline 0 -8"><span class='ocrx_word' id='word_1_579' title='bbox 1181 1426 1237 1456; x_wconf 80' lang='lat' dir='ltr'>per</span> <span class='ocrx_word' id='word_1_580' title='bbox 1263 1417 1476 1448; x_wconf 81' lang='lat' dir='ltr'>diffinitivam</span> <span class='ocrx_word' id='word_1_581' title='bbox 1503 1418 1702 1448; x_wconf 89' lang='lat' dir='ltr'>sententiam</span> <span class='ocrx_word' id='word_1_582' title='bbox 1731 1418 1868 1448; x_wconf 82' lang='lat' dir='ltr'>eandem</span> <span class='ocrx_word' id='word_1_583' title='bbox 1895 1418 2080 1453; x_wconf 83' lang='lat' dir='ltr'>ecclesiam,</span> <span class='ocrx_word' id='word_1_584' title='bbox 2109 1428 2183 1448; x_wconf 90' lang='lat' dir='ltr'>cum</span> 
     </span>
     <span class='ocr_line' id='line_1_72' title="bbox 1181 1470 2182 1509; baseline 0 -9"><span class='ocrx_word' id='word_1_585' title='bbox 1181 1470 1354 1508; x_wconf 87' lang='lat' dir='ltr'>parrochia</span> <span class='ocrx_word' id='word_1_586' title='bbox 1375 1475 1406 1501; x_wconf 89' lang='lat' dir='ltr'>et</span> <span class='ocrx_word' id='word_1_587' title='bbox 1430 1471 1642 1509; x_wconf 86' lang='lat' dir='ltr'>pertinentiis</span> <span class='ocrx_word' id='word_1_588' title='bbox 1662 1471 1743 1505; x_wconf 84' lang='lat' dir='ltr'>suis,</span> <span class='ocrx_word' id='word_1_589' title='bbox 1769 1480 1841 1501; x_wconf 88' lang='lat' dir='ltr'>esse</span> <span class='ocrx_word' id='word_1_590' title='bbox 1866 1470 2005 1501; x_wconf 89' lang='lat' dir='ltr'>liberam</span> <span class='ocrx_word' id='word_1_591' title='bbox 2029 1471 2068 1501; x_wconf 89' lang='lat' dir='ltr'>ab</span> <span class='ocrx_word' id='word_1_592' title='bbox 2093 1472 2182 1501; x_wconf 91' lang='lat' dir='ltr'>omni</span> 
     </span>
     <span class='ocr_line' id='line_1_73' title="bbox 1177 1515 2183 1562; baseline 0.001 -9"><span class='ocrx_word' id='word_1_593' title='bbox 1177 1515 1262 1562; x_wconf 81' lang='lat' dir='ltr'>jure</span> <span class='ocrx_word' id='word_1_594' title='bbox 1289 1523 1467 1562; x_wconf 87' lang='lat' dir='ltr'>episcopali</span> <span class='ocrx_word' id='word_1_595' title='bbox 1504 1524 1649 1562; x_wconf 88' lang='lat' dir='ltr'>episcopi</span> <span class='ocrx_word' id='word_1_596' title='bbox 1680 1524 1886 1559; x_wconf 82' lang='lat' dir='ltr'>Cerviensis‚</span> <span class='ocrx_word' id='word_1_597' title='bbox 1925 1524 2106 1554; x_wconf 87' lang='lat' dir='ltr'>inhibendo</span> <span class='ocrx_word' id='word_1_598' title='bbox 2143 1534 2183 1554; x_wconf 90' lang='lat' dir='ltr'>ne</span> 
     </span>
     <span class='ocr_line' id='line_1_74' title="bbox 1181 1576 2183 1615; baseline 0.002 -10"><span class='ocrx_word' id='word_1_599' title='bbox 1181 1576 1288 1606; x_wconf 87' lang='lat' dir='ltr'>dictus</span> <span class='ocrx_word' id='word_1_600' title='bbox 1318 1576 1490 1615; x_wconf 88' lang='lat' dir='ltr'>episcopus</span> <span class='ocrx_word' id='word_1_601' title='bbox 1521 1576 1709 1607; x_wconf 85' lang='lat' dir='ltr'>Cerviensis</span> <span class='ocrx_word' id='word_1_602' title='bbox 1746 1576 1880 1615; x_wconf 83' lang='lat' dir='ltr'>aliquod</span> <span class='ocrx_word' id='word_1_603' title='bbox 1908 1577 1963 1615; x_wconf 90' lang='lat' dir='ltr'>jus</span> <span class='ocrx_word' id='word_1_604' title='bbox 2000 1577 2183 1615; x_wconf 89' lang='lat' dir='ltr'>episcopale</span> 
     </span>
     <span class='ocr_line' id='line_1_75' title="bbox 1182 1629 2185 1668; baseline 0 -10"><span class='ocrx_word' id='word_1_605' title='bbox 1182 1634 1331 1659; x_wconf 78' lang='lat' dir='ltr'>exerceat</span> <span class='ocrx_word' id='word_1_606' title='bbox 1347 1634 1402 1659; x_wconf 89' lang='lat' dir='ltr'>aut</span> <span class='ocrx_word' id='word_1_607' title='bbox 1419 1629 1484 1659; x_wconf 87' lang='lat' dir='ltr'>sibi</span> <span class='ocrx_word' id='word_1_608' title='bbox 1499 1629 1650 1659; x_wconf 80' lang='lat' dir='ltr'>vendicet</span> <span class='ocrx_word' id='word_1_609' title='bbox 1673 1629 1712 1659; x_wconf 91' lang='lat' dir='ltr'>de</span> <span class='ocrx_word' id='word_1_610' title='bbox 1735 1633 1844 1659; x_wconf 87' lang='lat' dir='ltr'>cetero</span> <span class='ocrx_word' id='word_1_611' title='bbox 1860 1629 1894 1658; x_wconf 91' lang='lat' dir='ltr'>in</span> <span class='ocrx_word' id='word_1_612' title='bbox 1913 1630 2078 1668; x_wconf 84' lang='lat' dir='ltr'>predictis,</span> <span class='ocrx_word' id='word_1_613' title='bbox 2099 1639 2135 1660; x_wconf 85' lang='lat' dir='ltr'>ac</span> <span class='ocrx_word' id='word_1_614' title='bbox 2154 1630 2185 1660; x_wconf 89' lang='lat' dir='ltr'>ei</span> 
     </span>
     <span class='ocr_line' id='line_1_76' title="bbox 1182 1681 2183 1721; baseline 0 -10"><span class='ocrx_word' id='word_1_615' title='bbox 1182 1690 1281 1719; x_wconf 88' lang='lat' dir='ltr'>super</span> <span class='ocrx_word' id='word_1_616' title='bbox 1305 1681 1371 1711; x_wconf 89' lang='lat' dir='ltr'>hiis</span> <span class='ocrx_word' id='word_1_617' title='bbox 1399 1681 1638 1712; x_wconf 89' lang='lat' dir='ltr'>nichilominus</span> <span class='ocrx_word' id='word_1_618' title='bbox 1663 1686 1858 1720; x_wconf 88' lang='lat' dir='ltr'>perpetuum</span> <span class='ocrx_word' id='word_1_619' title='bbox 1883 1681 2055 1712; x_wconf 85' lang='lat' dir='ltr'>silentium</span> <span class='ocrx_word' id='word_1_620' title='bbox 2078 1682 2183 1721; x_wconf 87' lang='lat' dir='ltr'>impo-</span> 
     </span>
     <span class='ocr_line' id='line_1_77' title="bbox 1183 1734 2184 1773; baseline -0.001 -9"><span class='ocrx_word' id='word_1_621' title='bbox 1183 1735 1301 1770; x_wconf 91' lang='lat' dir='ltr'>nendo,</span> <span class='ocrx_word' id='word_1_622' title='bbox 1316 1735 1351 1764; x_wconf 92' lang='lat' dir='ltr'>in</span> <span class='ocrx_word' id='word_1_623' title='bbox 1365 1735 1484 1765; x_wconf 87' lang='lat' dir='ltr'>ceteris</span> <span class='ocrx_word' id='word_1_624' title='bbox 1499 1734 1672 1764; x_wconf 82' lang='lat' dir='ltr'>absolvens</span> <span class='ocrx_word' id='word_1_625' title='bbox 1688 1734 1891 1773; x_wconf 84' lang='lat' dir='ltr'>sepedictum</span> <span class='ocrx_word' id='word_1_626' title='bbox 1907 1735 2095 1773; x_wconf 87' lang='lat' dir='ltr'>episcopum</span> <span class='ocrx_word' id='word_1_627' title='bbox 2111 1735 2184 1765; x_wconf 83' lang='lat' dir='ltr'>Cer·</span> 
     </span>
     <span class='ocr_line' id='line_1_78' title="bbox 1182 1786 2185 1826; baseline -0.001 -9"><span class='ocrx_word' id='word_1_628' title='bbox 1182 1788 1342 1817; x_wconf 88' lang='lat' dir='ltr'>viensem.</span> <span class='ocrx_word' id='word_1_629' title='bbox 1362 1788 1470 1824; x_wconf 80' lang='lat' dir='ltr'>Quare</span> <span class='ocrx_word' id='word_1_630' title='bbox 1488 1786 1639 1826; x_wconf 86' lang='lat' dir='ltr'>peti[i]sti</span> <span class='ocrx_word' id='word_1_631' title='bbox 1661 1792 1695 1817; x_wconf 90' lang='lat' dir='ltr'>ut</span> <span class='ocrx_word' id='word_1_632' title='bbox 1713 1787 1799 1825; x_wconf 87' lang='lat' dir='ltr'>quod</span> <span class='ocrx_word' id='word_1_633' title='bbox 1823 1787 1863 1816; x_wconf 87' lang='lat' dir='ltr'>ab</span> <span class='ocrx_word' id='word_1_634' title='bbox 1880 1787 1994 1817; x_wconf 85' lang='lat' dir='ltr'>eodem</span> <span class='ocrx_word' id='word_1_635' title='bbox 2017 1787 2185 1825; x_wconf 87' lang='lat' dir='ltr'>capellano</span> 
     </span>
     <span class='ocr_line' id='line_1_79' title="bbox 1183 1839 2186 1878; baseline -0.001 -9"><span class='ocrx_word' id='word_1_636' title='bbox 1183 1840 1306 1870; x_wconf 82' lang='lat' dir='ltr'>factum</span> <span class='ocrx_word' id='word_1_637' title='bbox 1331 1845 1380 1870; x_wconf 89' lang='lat' dir='ltr'>est</span> <span class='ocrx_word' id='word_1_638' title='bbox 1401 1841 1436 1869; x_wconf 93' lang='lat' dir='ltr'>in</span> <span class='ocrx_word' id='word_1_639' title='bbox 1458 1840 1519 1869; x_wconf 85' lang='lat' dir='ltr'>hac</span> <span class='ocrx_word' id='word_1_640' title='bbox 1539 1845 1646 1878; x_wconf 84' lang='lat' dir='ltr'>parte,</span> <span class='ocrx_word' id='word_1_641' title='bbox 1671 1839 1849 1878; x_wconf 88' lang='lat' dir='ltr'>apostolico</span> <span class='ocrx_word' id='word_1_642' title='bbox 1871 1848 2062 1870; x_wconf 86' lang='lat' dir='ltr'>curaremus</span> <span class='ocrx_word' id='word_1_643' title='bbox 2077 1840 2186 1869; x_wconf 90' lang='lat' dir='ltr'>muni-</span> 
     </span>
     <span class='ocr_line' id='line_1_80' title="bbox 1184 1892 2184 1930; baseline 0.001 -9"><span class='ocrx_word' id='word_1_644' title='bbox 1184 1892 1272 1922; x_wconf 90' lang='lat' dir='ltr'>mine</span> <span class='ocrx_word' id='word_1_645' title='bbox 1289 1892 1451 1922; x_wconf 88' lang='lat' dir='ltr'>roborare.</span> <span class='ocrx_word' id='word_1_646' title='bbox 1477 1893 1545 1922; x_wconf 80' lang='lat' dir='ltr'>Nos</span> <span class='ocrx_word' id='word_1_647' title='bbox 1566 1893 1679 1930; x_wconf 83' lang='lat' dir='ltr'>igitur,</span> <span class='ocrx_word' id='word_1_648' title='bbox 1700 1892 1899 1922; x_wconf 83' lang='lat' dir='ltr'>sententiam</span> <span class='ocrx_word' id='word_1_649' title='bbox 1916 1892 2030 1930; x_wconf 83' lang='lat' dir='ltr'>ipsam,</span> <span class='ocrx_word' id='word_1_650' title='bbox 2050 1892 2184 1930; x_wconf 83' lang='lat' dir='ltr'>provide</span> 
     </span>
     <span class='ocr_line' id='line_1_81' title="bbox 1184 1944 2185 1983; baseline 0 -9"><span class='ocrx_word' id='word_1_651' title='bbox 1184 1944 1294 1979; x_wconf 82' lang='lat' dir='ltr'>latam,</span> <span class='ocrx_word' id='word_1_652' title='bbox 1313 1949 1416 1974; x_wconf 86' lang='lat' dir='ltr'>ratam</span> <span class='ocrx_word' id='word_1_653' title='bbox 1431 1944 1600 1980; x_wconf 83' lang='lat' dir='ltr'>habentes,</span> <span class='ocrx_word' id='word_1_654' title='bbox 1621 1954 1693 1974; x_wconf 86' lang='lat' dir='ltr'>eam</span> <span class='ocrx_word' id='word_1_655' title='bbox 1710 1945 1903 1975; x_wconf 88' lang='lat' dir='ltr'>auctoritate</span> <span class='ocrx_word' id='word_1_656' title='bbox 1919 1944 2097 1983; x_wconf 84' lang='lat' dir='ltr'>apostolica</span> <span class='ocrx_word' id='word_1_657' title='bbox 2113 1953 2185 1974; x_wconf 86' lang='lat' dir='ltr'>con-</span> 
     </span>
     <span class='ocr_line' id='line_1_82' title="bbox 1184 1997 2185 2035; baseline 0 -9"><span class='ocrx_word' id='word_1_658' title='bbox 1184 1997 1354 2026; x_wconf 83' lang='lat' dir='ltr'>firmamus</span> <span class='ocrx_word' id='word_1_659' title='bbox 1370 2001 1399 2026; x_wconf 90' lang='lat' dir='ltr'>et</span> <span class='ocrx_word' id='word_1_660' title='bbox 1416 1997 1580 2035; x_wconf 86' lang='lat' dir='ltr'>presentis</span> <span class='ocrx_word' id='word_1_661' title='bbox 1599 1997 1712 2035; x_wconf 83' lang='lat' dir='ltr'>scripti</span> <span class='ocrx_word' id='word_1_662' title='bbox 1728 1997 1912 2035; x_wconf 87' lang='lat' dir='ltr'>patrocinio</span> <span class='ocrx_word' id='word_1_663' title='bbox 1928 1997 2185 2026; x_wconf 83' lang='lat' dir='ltr'>communimus.</span> 
     </span>
     <span class='ocr_line' id='line_1_83' title="bbox 1183 2049 2188 2088; baseline 0 -10"><span class='ocrx_word' id='word_1_664' title='bbox 1183 2050 1344 2079; x_wconf 87' lang='lat' dir='ltr'>Tenorem</span> <span class='ocrx_word' id='word_1_665' title='bbox 1360 2053 1470 2079; x_wconf 89' lang='lat' dir='ltr'>autem</span> <span class='ocrx_word' id='word_1_666' title='bbox 1485 2049 1632 2088; x_wconf 83' lang='lat' dir='ltr'>ejusdem</span> <span class='ocrx_word' id='word_1_667' title='bbox 1649 2050 1813 2079; x_wconf 88' lang='lat' dir='ltr'>sententie</span> <span class='ocrx_word' id='word_1_668' title='bbox 1829 2049 2039 2087; x_wconf 88' lang='lat' dir='ltr'>presentibus</span> <span class='ocrx_word' id='word_1_669' title='bbox 2059 2049 2098 2079; x_wconf 89' lang='lat' dir='ltr'>ad</span> <span class='ocrx_word' id='word_1_670' title='bbox 2114 2058 2188 2079; x_wconf 86' lang='lat' dir='ltr'>cau-</span> 
     </span>
     <span class='ocr_line' id='line_1_84' title="bbox 1185 2101 2188 2140; baseline -0.001 -9"><span class='ocrx_word' id='word_1_671' title='bbox 1185 2101 1283 2131; x_wconf 91' lang='lat' dir='ltr'>telam</span> <span class='ocrx_word' id='word_1_672' title='bbox 1299 2102 1337 2131; x_wconf 90' lang='lat' dir='ltr'>de</span> <span class='ocrx_word' id='word_1_673' title='bbox 1355 2102 1452 2131; x_wconf 84' lang='lat' dir='ltr'>verbo</span> <span class='ocrx_word' id='word_1_674' title='bbox 1476 2102 1515 2131; x_wconf 86' lang='lat' dir='ltr'>ad</span> <span class='ocrx_word' id='word_1_675' title='bbox 1539 2102 1673 2132; x_wconf 90' lang='lat' dir='ltr'>verbum</span> <span class='ocrx_word' id='word_1_676' title='bbox 1696 2102 1849 2132; x_wconf 77' lang='lat' dir='ltr'>duximus</span> <span class='ocrx_word' id='word_1_677' title='bbox 1870 2101 2106 2137; x_wconf 64' lang='lat' dir='ltr'>inserendum,</span> <span class='ocrx_word' id='word_1_678' title='bbox 2131 2102 2188 2140; x_wconf 88' lang='lat' dir='ltr'>qui</span> 
     </span>
     <span class='ocr_line' id='line_1_85' title="bbox 1185 2154 1353 2184; baseline 0 -1"><span class='ocrx_word' id='word_1_679' title='bbox 1185 2154 1260 2184; x_wconf 85' lang='lat' dir='ltr'>talis</span> <span class='ocrx_word' id='word_1_680' title='bbox 1279 2159 1328 2184; x_wconf 89' lang='lat' dir='ltr'>est</span> <span class='ocrx_word' id='word_1_681' title='bbox 1347 2165 1353 2183; x_wconf 90' lang='lat'>:</span> 
     </span>
    </p>
   </div>
   <div class='ocr_carea' id='block_1_9' title="bbox 1256 2358 2116 2394">
    <p class='ocr_par' dir='ltr' id='par_1_10' title="bbox 1256 2358 2116 2394">
     <span class='ocr_line' id='line_1_86' title="bbox 1256 2358 2116 2394; baseline -0.002 -7"><span class='ocrx_word' id='word_1_682' title='bbox 1256 2358 1394 2394; x_wconf 75' lang='lat'>[4:355]</span> <span class='ocrx_word' id='word_1_683' title='bbox 1898 2359 1932 2386; x_wconf 76' lang='lat'>20</span> <span class='ocrx_word' id='word_1_684' title='bbox 1947 2359 2022 2386; x_wconf 78' lang='lat' dir='ltr'>avril</span> <span class='ocrx_word' id='word_1_685' title='bbox 2037 2359 2116 2386; x_wconf 74' lang='lat'>1238.</span> 
     </span>
    </p>
   </div>
   <div class='ocr_carea' id='block_1_10' title="bbox 1186 2420 2188 2504">
    <p class='ocr_par' dir='ltr' id='par_1_11' title="bbox 1186 2420 2188 2504">
     <span class='ocr_line' id='line_1_87' title="bbox 1221 2420 2188 2455; baseline -0.001 -7"><span class='ocrx_word' id='word_1_686' title='bbox 1221 2420 1389 2455; x_wconf 82' lang='lat' dir='ltr'>[Sententia</span> <span class='ocrx_word' id='word_1_687' title='bbox 1404 2424 1502 2448; x_wconf 87' lang='lat' dir='ltr'>autem</span> <span class='ocrx_word' id='word_1_688' title='bbox 1522 2421 1665 2455; x_wconf 85' lang='lat' dir='ltr'>praedicti</span> <span class='ocrx_word' id='word_1_689' title='bbox 1685 2421 1828 2448; x_wconf 80' lang='lat' dir='ltr'>Johannis</span> <span class='ocrx_word' id='word_1_690' title='bbox 1853 2422 1971 2455; x_wconf 84' lang='lat' dir='ltr'>Spatae,</span> <span class='ocrx_word' id='word_1_691' title='bbox 1986 2421 2079 2455; x_wconf 83' lang='lat' dir='ltr'>ipsius</span> <span class='ocrx_word' id='word_1_692' title='bbox 2096 2428 2188 2455; x_wconf 87' lang='lat' dir='ltr'>papae</span> 
     </span>
     <span class='ocr_line' id='line_1_88' title="bbox 1186 2468 1775 2504; baseline 0 -8"><span class='ocrx_word' id='word_1_693' title='bbox 1186 2469 1358 2497; x_wconf 85' lang='lat' dir='ltr'>subdiaconi</span> <span class='ocrx_word' id='word_1_694' title='bbox 1374 2473 1402 2497; x_wconf 89' lang='lat' dir='ltr'>et</span> <span class='ocrx_word' id='word_1_695' title='bbox 1418 2469 1576 2504; x_wconf 79' lang='lat' dir='ltr'>capellani,</span> <span class='ocrx_word' id='word_1_696' title='bbox 1594 2470 1664 2496; x_wconf 85' lang='lat' dir='ltr'>haec</span> <span class='ocrx_word' id='word_1_697' title='bbox 1678 2471 1737 2496; x_wconf 74' lang='lat' dir='ltr'>est¹</span> <span class='ocrx_word' id='word_1_698' title='bbox 1757 2468 1775 2503; x_wconf 83' lang='lat'>:]</span> 
     </span>
    </p>
   </div>
   <div class='ocr_carea' id='block_1_11' title="bbox 1190 2568 2192 2818">
    <p class='ocr_par' dir='ltr' id='par_1_12' title="bbox 1190 2568 2192 2818">
     <span class='ocr_line' id='line_1_89' title="bbox 1229 2568 2189 2600; baseline -0.003 0"><span class='ocrx_word' id='word_1_699' title='bbox 1229 2582 1242 2596; x_wconf 87' lang='lat'>«</span> <span class='ocrx_word' id='word_1_700' title='bbox 1267 2571 1305 2600; x_wconf 91' lang='lat' dir='ltr'>In</span> <span class='ocrx_word' id='word_1_701' title='bbox 1326 2569 1459 2599; x_wconf 90' lang='lat' dir='ltr'>nomine</span> <span class='ocrx_word' id='word_1_702' title='bbox 1484 2568 1618 2599; x_wconf 86' lang='lat' dir='ltr'>Domini</span> <span class='ocrx_word' id='word_1_703' title='bbox 1642 2569 1755 2599; x_wconf 89' lang='lat' dir='ltr'>Nostri</span> <span class='ocrx_word' id='word_1_704' title='bbox 1779 2568 1884 2599; x_wconf 86' lang='lat' dir='ltr'>Jhesu</span> <span class='ocrx_word' id='word_1_705' title='bbox 1907 2569 2045 2600; x_wconf 86' lang='lat' dir='ltr'>Christi.</span> <span class='ocrx_word' id='word_1_706' title='bbox 2072 2570 2189 2598; x_wconf 78' lang='lat' dir='ltr'>Amen.</span> 
     </span>
     <span class='ocr_line' id='line_1_90' title="bbox 1190 2621 2191 2660; baseline -0.002 -8"><span class='ocrx_word' id='word_1_707' title='bbox 1190 2635 1202 2648; x_wconf 70' lang='grc' dir='ltr'>ι)</span> <span class='ocrx_word' id='word_1_708' title='bbox 1227 2623 1323 2652; x_wconf 85' lang='lat' dir='ltr'>Anno</span> <span class='ocrx_word' id='word_1_709' title='bbox 1335 2622 1579 2652; x_wconf 86' lang='lat' dir='ltr'>Incarnationis</span> <span class='ocrx_word' id='word_1_710' title='bbox 1591 2621 1738 2660; x_wconf 84' lang='lat' dir='ltr'>ejusdem</span> <span class='ocrx_word' id='word_1_711' title='bbox 1750 2621 2066 2652; x_wconf 62' lang='lat' dir='ltr'>31⁰CC⁰XXXV1110,</span> <span class='ocrx_word' id='word_1_712' title='bbox 2077 2629 2191 2650; x_wconf 79' lang='lat' dir='ltr'>mense</span> 
     </span>
     <span class='ocr_line' id='line_1_91' title="bbox 1191 2673 2192 2712; baseline -0.003 -8"><span class='ocrx_word' id='word_1_713' title='bbox 1191 2687 1203 2700; x_wconf 73' lang='grc' dir='ltr'>ι»</span> <span class='ocrx_word' id='word_1_714' title='bbox 1228 2674 1336 2712; x_wconf 89' lang='lat' dir='ltr'>aprili,</span> <span class='ocrx_word' id='word_1_715' title='bbox 1363 2674 1415 2704; x_wconf 91' lang='lat' dir='ltr'>die</span> <span class='ocrx_word' id='word_1_716' title='bbox 1438 2674 1512 2705; x_wconf 78' lang='lat' dir='ltr'>XX.</span> <span class='ocrx_word' id='word_1_717' title='bbox 1538 2673 1720 2703; x_wconf 88' lang='lat' dir='ltr'>indictione</span> <span class='ocrx_word' id='word_1_718' title='bbox 1742 2673 1801 2708; x_wconf 80' lang='lat' dir='ltr'>XI,</span> <span class='ocrx_word' id='word_1_719' title='bbox 1829 2673 2040 2711; x_wconf 85' lang='lat' dir='ltr'>pontificatus</span> <span class='ocrx_word' id='word_1_720' title='bbox 2066 2673 2192 2702; x_wconf 90' lang='lat' dir='ltr'>domini</span> 
     </span>
     <span class='ocr_line' id='line_1_92' title="bbox 1191 2725 2192 2765; baseline -0.003 -9"><span class='ocrx_word' id='word_1_721' title='bbox 1191 2739 1203 2752; x_wconf 68' lang='grc' dir='ltr'><strong>υ</strong></span> <span class='ocrx_word' id='word_1_722' title='bbox 1228 2726 1380 2764; x_wconf 86' lang='lat' dir='ltr'>Gregorii</span> <span class='ocrx_word' id='word_1_723' title='bbox 1404 2736 1485 2765; x_wconf 86' lang='lat' dir='ltr'>pape</span> <span class='ocrx_word' id='word_1_724' title='bbox 1510 2727 1609 2756; x_wconf 72' lang='lat' dir='ltr'>VIIII</span> <span class='ocrx_word' id='word_1_725' title='bbox 1631 2734 1717 2755; x_wconf 89' lang='lat' dir='ltr'>anno</span> <span class='ocrx_word' id='word_1_726' title='bbox 1742 2726 1831 2755; x_wconf 81' lang='lat' dir='ltr'>XII0.</span> <span class='ocrx_word' id='word_1_727' title='bbox 1862 2726 1900 2755; x_wconf 93' lang='lat' dir='ltr'>In</span> <span class='ocrx_word' id='word_1_728' title='bbox 1926 2725 2093 2763; x_wconf 84' lang='lat' dir='ltr'>presentia</span> <span class='ocrx_word' id='word_1_729' title='bbox 2119 2733 2192 2755; x_wconf 87' lang='lat' dir='ltr'>mea</span> 
     </span>
     <span class='ocr_line' id='line_1_93' title="bbox 1192 2777 2192 2818; baseline -0.002 -10"><span class='ocrx_word' id='word_1_730' title='bbox 1192 2791 1204 2805; x_wconf 92' lang='lat'>»</span> <span class='ocrx_word' id='word_1_731' title='bbox 1229 2779 1435 2818; x_wconf 80' lang='lat' dir='ltr'>infrascripti</span> <span class='ocrx_word' id='word_1_732' title='bbox 1465 2778 1633 2809; x_wconf 84' lang='lat' dir='ltr'>scriniarii</span> <span class='ocrx_word' id='word_1_733' title='bbox 1668 2783 1697 2807; x_wconf 87' lang='lat' dir='ltr'>et</span> <span class='ocrx_word' id='word_1_734' title='bbox 1730 2778 1864 2807; x_wconf 81' lang='lat' dir='ltr'>testium</span> <span class='ocrx_word' id='word_1_735' title='bbox 1894 2777 2155 2815; x_wconf 85' lang='lat' dir='ltr'>subscriptorum</span> <span class='ocrx_word' id='word_1_736' title='bbox 2168 2779 2192 2811; x_wconf 80' lang='lat'>2,</span> 
     </span>
    </p>
   </div>
   <div class='ocr_carea' id='block_1_12' title="bbox 1222 2910 2196 2984">
    <p class='ocr_par' dir='ltr' id='par_1_13' title="bbox 1222 2910 2196 2984">
     <span class='ocr_line' id='line_1_94' title="bbox 1223 2910 1515 2938; baseline -0.007 -4"><span class='ocrx_word' id='word_1_737' title='bbox 1223 2911 1243 2934; x_wconf 82' lang='lat'>1.</span> <span class='ocrx_word' id='word_1_738' title='bbox 1259 2910 1326 2934; x_wconf 68' lang='lat' dir='ltr'>Rae.</span> <span class='ocrx_word' id='word_1_739' title='bbox 1346 2911 1382 2938; x_wconf 85' lang='grc'><strong>19,</strong></span> <span class='ocrx_word' id='word_1_740' title='bbox 1400 2911 1418 2934; x_wconf 85' lang='lat' dir='ltr'>f.</span> <span class='ocrx_word' id='word_1_741' title='bbox 1437 2910 1466 2933; x_wconf 70' lang='lat'>⁴20</span> <span class='ocrx_word' id='word_1_742' title='bbox 1483 2915 1515 2933; x_wconf 59' lang='grc' dir='ltr'>ν.</span> 
     </span>
     <span class='ocr_line' id='line_1_95' title="bbox 1222 2951 2196 2984; baseline -0.003 -6"><span class='ocrx_word' id='word_1_743' title='bbox 1222 2953 1246 2978; x_wconf 76' lang='lat'>⁴2.</span> <span class='ocrx_word' id='word_1_744' title='bbox 1263 2953 1314 2977; x_wconf 87' lang='lat' dir='ltr'>Les</span> <span class='ocrx_word' id='word_1_745' title='bbox 1324 2954 1526 2984; x_wconf 84' lang='lat' dir='ltr'>souscriptious</span> <span class='ocrx_word' id='word_1_746' title='bbox 1541 2952 1696 2977; x_wconf 81' lang='lat' dir='ltr'>annoncees</span> <span class='ocrx_word' id='word_1_747' title='bbox 1713 2953 1747 2976; x_wconf 91' lang='lat' dir='ltr'>ici</span> <span class='ocrx_word' id='word_1_748' title='bbox 1764 2952 1800 2975; x_wconf 89' lang='lat' dir='ltr'>du</span> <span class='ocrx_word' id='word_1_749' title='bbox 1817 2960 1827 2973; x_wconf 78' lang='grc' dir='ltr'>(ι</span> <span class='ocrx_word' id='word_1_750' title='bbox 1843 2951 2003 2975; x_wconf 79' lang='lat' dir='ltr'>scriniarius</span> <span class='ocrx_word' id='word_1_751' title='bbox 2021 2960 2031 2973; x_wconf 74' lang='lat' dir='ltr'><em>n</em></span> <span class='ocrx_word' id='word_1_752' title='bbox 2049 2954 2074 2974; x_wconf 84' lang='lat' dir='ltr'>et</span> <span class='ocrx_word' id='word_1_753' title='bbox 2091 2951 2139 2974; x_wconf 83' lang='lat' dir='ltr'>des</span> <span class='ocrx_word' id='word_1_754' title='bbox 2154 2951 2196 2975; x_wconf 73' lang='lat' dir='ltr'>te&#39;t-</span> 
     </span>
    </p>
   </div>
  </div>
 </body>
</html>
