2423 3487
264 278 320 306 22-27
982 271 1219 302 REGISTRES
1241 271 1296 300 DE
1319 265 1540 303 GREGOIRE
1563 275 1622 304 ix.
2284 281 2340 314 228

299 345 400 369 2895.
418 357 447 361 —
467 341 499 367 In
526 338 650 365 eundem
676 339 735 366 sere
762 337 880 364 modum
908 337 1051 371 scriptum
1077 339 1120 364 est
1143 336 1262 369 capitulo
1415 339 1530 367 2899
1885 340 2022 374 Viterbe‚
2037 342 2054 368 7
2068 342 2270 376 janviffl'1236.

263 389 488 421 Νυθ”1ὒ“7“θθ”3ῑ’
1379 401 1556 429 Consulibus
1582 404 1609 428 et
1638 403 1746 436 populo
1770 401 2032 429 Terracinensibus
2055 404 2176 432 mandat
2199 408 2339 440 quatenus

1344 449 1454 484 P[etr0]
1476 450 1658 484 Frajapanae
1680 450 1716 476 de
1737 450 1862 483 justitiis
1886 458 1956 484 quas
1983 453 2051 478 ante
2069 451 2243 481 discordiam
2264 455 2341 485 inter

1344 497 1507 524 Ecclesiam
1525 500 1552 524 et
1576 498 1723 524 Romanos
1746 497 1902 531 habuerat,
1924 499 2128 532 respondeant.
2145 515 2176 519 -
2192 502 2275 534 (Res.
2291 504 2338 539 18,

333 570 448 599 2896
744 568 880 600 Viterbe'
895 568 927 594 23
941 567 1095 594 doeembre
1110 566 1189 593 1235.
1344 547 1364 572 t.
1381 546 1414 573 94
1428 549 1468 577 r⁰;
1485 554 1554 573 ann.
1573 547 1625 578 IX,
1642 555 1666 572 e.
1684 546 1750 578 332,
1766 561 1798 565 —
1815 547 1998 574 Ronsnsssao
2011 547 2086 579 670.)

296 632 405 661 Abbati
419 630 650 660 Trinorchiensi.
668 630 873 658 Cabilonensis
887 629 1038 661 dioecesis,
1054 628 1175 655 mandat
1191 636 1263 661 qua-

262 685 346 708 tenus
362 680 476 707 abbatis
493 678 663 705 monasterii
680 678 896 710 Cluniacensis,
915 692 945 695 —
960 677 1021 711 qui,
1038 679 1122 703 tanta
1135 675 1263 702 infirmi-

261 733 321 757 tate
332 737 365 756 ac
378 728 532 755 debilitate
545 727 672 761 eorporis
683 729 831 760 gravatus,
845 726 920 759 quod
935 734 992 751 non
1003 725 1063 759 jam
1076 728 1171 758 posset
1183 724 1262 751 idem

262 776 472 804 monasterium
496 783 607 809 gerere,
630 775 717 808 hujus
738 774 892 808 regiminis
908 782 980 800 onus
1001 773 1144 807 deponere
1162 772 1263 806 cupie-

262 826 321 857 bat,
337 839 367 843 —-
381 824 541 851 cessionem
558 823 692 856 recipiat,
705 825 732 848 et
749 824 926 848 conventum
944 821 1075 855 ejusdem
1091 819 1263 847 monasterii

261 875 377 900 moneat
394 874 425 898 ut
441 871 496 897 sibi
512 871 548 897 de
565 878 687 904 persona
705 870 809 896 idonea
827 878 878 903 per
893 869 1067 896 electionem
1090 868 1263 895 canonicam

261 921 433 956 provideant
448 920 478 946 in
493 919 639 946 abbatem.
655 934 686 937 —
701 919 786 950 (Rae.
802 918 845 950 18,
861 919 880 944 f.
894 918 926 945 93
939 921 982 949 v⁰;
996 926 1065 944 ann.
1081 917 1134 949 IX,
1149 925 1174 943 c.
1189 916 1264 947 329.)

302 1033 315 1047 t(
336 1043 354 1048 ..
367 1021 468 1049 abbati
483 1019 721 1052 Trinorcliienst‘,
742 1018 947 1047 Cabilonensis
963 1017 1097 1045 diocesis.
1115 1016 1263 1046 Dilectus

261 1072 350 1101 filius
414 1071 515 1100 abbas
533 1088 581 1098 —.
603 1071 676 1099 Dat.
696 1068 857 1103 Viterbii,
880 1069 910 1098 X
928 1068 1086 1098 kalendas
1102 1067 1261 1106 januarii,

261 1132 347 1154 anno
364 1132 460 1153 nono.
481 1135 493 1149 n

331 1313 446 1341 2892
742 1311 879 1344 Viterbe,
893 1312 925 1338 21
942 1311 1096 1338 decembre
1112 1311 1190 1338 1235.

297 1375 392 1402 Priori
407 1377 435 1401 et
449 1373 598 1401 canonicis
611 1373 646 1399 de
660 1373 803 1400 Orbedire
815 1375 859 1405 (=
871 1373 1029 1407 Erdbury),
1042 1373 1154 1400 ordinis
1168 1373 1263 1400 saneti

260 1423 436 1457 Augustini,
454 1421 662 1450 Coventrensis
674 1421 829 1454 dioecesis,
845 1436 876 1439 —
891 1430 957 1448 cum
974 1422 1053 1455 prior
1068 1421 1103 1448 de
1116 1422 1264 1448 Dunesta-

262 1471 309 1498 ble
325 1474 352 1497 et
371 1471 432 1504 ejus
453 1471 596 1503 collegae,
613 1470 781 1496 visitatores
803 1478 819 1496 a
842 1470 917 1496 Sede
939 1470 1109 1504 Apostolica
1132 1470 1264 1497 ecclesiis

262 1519 470 1548 Coventrensis
486 1518 627 1545 dioecesis
640 1518 784 1552 deputati,
799 1527 897 1545 eorum
915 1518 1080 1551 ecclesiam,
1093 1518 1264 1545 dioecesano

261 1568 325 1602 jure
336 1567 470 1601 episcopo
482 1566 675 1594 Coventrensi
688 1566 862 1600 subjectam,
875 1566 1060 1593 invenissent
1073 1567 1132 1593 solo
1144 1567 1264 1594 nomine

261 1616 437 1649 regularem,
447 1614 577 1648 quinque
587 1616 703 1641 tantum
716 1614 866 1640 canonicis
878 1614 927 1648 qui
940 1614 1129 1641 morabantur
1140 1614 1262 1647 ibidem,

261 1663 367 1693 vitam,
384 1662 437 1689 sub
452 1662 602 1689 velamine
616 1662 814 1689 Arroasiensis
831 1662 952 1690 ordinis,
968 1662 1085 1696 penitus
1099 1662 1263 1689 absolutam

261 1710 451 1742 ducentibus3
465 1719 599 1744 cumque,
613 1710 742 1737 monitus
753 1710 789 1737 ab
800 1710 882 1744 ipsis,
898 1710 1152 1737 considerantibus
1167 1712 1262 1737 locum

261 1759 358 1793 ipsum
380 1758 473 1785 nimia
490 1760 661 1792 paupertate
680 1759 849 1792 depressum
874 1761 901 1785 et
926 1758 1060 1792 ineptum
1084 1759 1202 1793 penitus
1218 1767 1264 1785 or—

261 1806 325 1833 dini
341 1806 528 1840 supradicto,
546 1806 698 1840 episcopus
721 1806 930 1834 Coventrensis
946 1808 1077 1840 regulam
1101 1807 1178 1834 beati
1201 1808 1264 1834 Au-

260 1854 371 1888 gustini
388 1854 499 1881 ibidem
514 1854 736 1887 introduxisset,
753 1869 783 1872 —
798 1855 946 1888 significat
959 1863 988 1881 se
1002 1855 1077 1888 quod
1094 1856 1204 1882 factum
1222 1856 1265 1882 sic

261 1903 366 1935 fuerat,
383 1903 565 1929 confirmare.
583 1917 615 1921 —
631 1903 718 1934 (Rm.
735 1902 779 1935 18,
797 1904 816 1929 f.
834 1903 867 1929 93
881 1906 926 1934 v⁶3
943 1911 1012 1929 ann.
1030 1904 1083 1935 IX,
1101 1912 1124 1930 e.
1140 1903 1214 1935 330.)

302 2014 314 2028 α
343 2025 361 2030 ..
381 2004 483 2040 priori
504 2008 529 2031 el
548 2004 705 2032 canonicis
723 2003 756 2031 de
774 2004 930 2037 Orbedire,
947 2004 1068 2032 ordinis
1085 2005 1185 2032 sancli
1200 2005 1264 2032 Au-

259 2056 394 2091 yuslini,
416 2056 624 2084 coventrensis
640 2056 774 2084 diocesis.
792 2056 873 2085 Cum
892 2056 992 2085 Sedes
1008 2055 1197 2094 Apostolica
1212 2074 1261 2084 —.

261 2107 334 2136 Dat.
350 2107 503 2141 Viterbii,
520 2107 586 2136 XII
600 2106 757 2137 kalendas
771 2108 929 2146 januarii,
947 2116 1033 2137 anno
1050 2116 1148 2138 nono.
1168 2119 1181 2134 n

332 2303 448 2331 2898
750 2304 882 2337 Viterbe,
896 2305 927 2331 21
943 2304 1096 2331 decembre
1111 2305 1189 2332 1235.

297 2364 440 2398 Episcopo
457 2364 649 2391 Coventrensi
667 2365 799 2391 concedit
815 2368 847 2391 ut
863 2366 1020 2392 nonnullos
1037 2366 1219 2393 sacerdotum
1235 2369 1263 2393 et

261 2412 434 2439 clericorum
451 2412 526 2438 filios
543 2415 571 2439 et
586 2413 826 2445 consanguineos,
842 2413 1050 2440 s'oventrensis
1064 2414 1215 2447 dioecesis,
1231 2429 1261 2433 —

262 2460 311 2494 qui
326 2469 355 2486 se
368 2469 419 2494 pro
433 2460 549 2487 clericis
565 2461 754 2492 exhibebant,
772 2470 893 2494 quorum
911 2462 1031 2495 quidam
1048 2465 1131 2489 erant
1147 2463 1262 2489 uxorati

261 2511 289 2535 et
303 2508 506 2535 concubinarii
521 2509 682 2541 manifesti,
695 2512 723 2535 ct
737 2509 797 2542 qui,
813 2510 941 2542 ipsorum
957 2510 1089 2543 patribus
1103 2513 1129 2537 et
1142 2511 1262 2544 propin-

261 2556 327 2590 quis
342 2556 562 2589 decedentibus,
580 2557 610 2583 in
627 2557 759 2583 ecclesiis
773 2560 800 2584 et
815 2557 964 2584 beneflciis
979 2566 1077 2584 curam
1094 2558 1261 2585 animarum

261 2603 448 2637 habentibus,
462 2612 534 2637 quae
548 2604 594 2631 illi
608 2606 774 2637 tenuerant,
787 2605 950 2637 succedere,
966 2608 993 2632 et
1008 2606 1108 2632 eadem
1122 2606 1263 2633 bens-ficia

260 2652 405 2679 violenter
417 2655 444 2679 et
456 2653 628 2686 plerumque
645 2661 734 2679 manu
745 2656 859 2680 armata
873 2662 1013 2687 occupare
1025 2655 1261 2688 praesumebant,

261 2715 292 2719 -
308 2700 414 2727 iisdem
432 2704 459 2727 et
475 2701 543 2727 aliis
559 2701 708 2728 beneficiis
725 2702 784 2728 suis
800 2702 915 2735 spoliet.
934 2716 965 2720 —
982 2703 1067 2734 (nm.
1085 2702 1128 2735 18,
1147 2704 1166 2729 f.
1179 2703 1211 2729 94
1224 2706 1261 2735 r⁰;

259 2756 329 2775 ann.
347 2749 400 2781 IX,
417 2757 441 2775 c.
459 2749 532 2779 331.)

302 2860 315 2874 (ι
342 2871 362 2877 ..
385 2849 518 2886 episcopo
540 2849 744 2878 Coventrensi.
770 2848 994 2878 Ecclesiarum
1011 2849 1147 2887 prelatis
1163 2850 1263 2880 officii

260 2917 309 2928 —.
324 2901 397 2929 Dat.
414 2905 575 2938 utsupra.
595 2912 608 2927 »

1387 670 1399 683 «
1418 659 1597 687 Consulibus
1619 663 1645 687 et
1658 660 1770 696 populo
1791 659 2068 688 Terracinensibus.
2086 660 2233 691 Formam
2252 663 2340 701 pacis

1344 710 1428 740 inite
1445 728 1493 738 —.
1511 711 1584 739 Dat.
1602 710 1756 745 Viterhii,
1774 711 1838 740 VII
1851 711 1925 740 idus
1939 711 2097 750 januarii,
2115 721 2200 744 anno
2215 722 2308 746 nono.
2323 727 2338 744 ι

1416 920 1539 949 2900
1830 921 1963 955 Viterbe,
1979 922 2013 949 23
2029 922 2181 951 decembre
2195 924 2271 952 1235.

1381 983 1525 1017 Episcopo
1541 983 1743 1017 Pergamensi,
1756 986 1783 1009 et
1796 983 1922 1010 Rodulto
1936 985 1963 1010 et
1975 983 2140 1011 Lanfranco
2150 985 2185 1012 de
2198 985 2340 1021 Cluduno‚

1345 1031 1496 1058 canonicis
1510 1031 1768 1064 Pergamensibus,
1786 1046 1817 1049 —
1832 1039 1910 1063 cum,
1927 1034 2051 1058 vacante
2064 1033 2237 1060 monasterio
2251 1033 2341 1062 Sanc-

1345 1082 1392 1106 tae
1412 1079 1595 1113 Euphemiae
1610 1081 1616 1096 ¹
1634 1078 1817 1110 Brixiensis,
1842 1078 1916 1113 quod
1928 1100 1934 1111 ,
1959 1082 2075 1113 propter
2095 1080 2239 1108 malitiam
2256 1080 2341 1110 inha-

1346 1127 1508 1155 bitantium
1524 1127 1555 1154 in
1576 1127 1692 1159 eodem,
1712 1127 1840 1154 nimium
1861 1127 1892 1154 in
1909 1127 2114 1161 spiritualibus
2131 1130 2159 1155 et
2175 1130 2340 1164 temporali-

1346 1175 1399 1203 bus
1426 1177 1521 1202 fuerat
1550 1176 1713 1210 collapsum
1723 1197 1729 1208 ,
1761 1175 1899 1202 monachi
1926 1175 2057 1209 ejusdem
2087 1178 2258 1210 potestatem
2284 1177 2340 1206 sibi

1346 1224 1523 1258 providendi
1543 1224 1579 1250 de
1599 1224 1704 1251 abbate
1722 1224 1753 1250 in
1776 1224 1946 1258 episcopum
1971 1224 2171 1258 Brixiensem,
2191 1225 2244 1253 sub
2259 1226 2341 1260 eujus

1345 1273 1552 1306 jurisdictione
1568 1272 1745 1305 existebant,
1759 1272 1943 1299 unanimiter
1956 1272 2149 1300 contulissent
2161 1281 2167 1300 :
2181 1273 2231 1308 qui
2245 1273 2280 1301 de
2292 1274 2340 1308 A„

1346 1321 1490 1347 monacho
1511 1320 1615 1347 Sancti
1633 1320 1722 1347 Pauli
1736 1320 1761 1353 ²,
1779 1319 1985 1348 Cluniacensis
2005 1320 2130 1354 ordinis,
2147 1320 2209 1348 viro
2223 1321 2340 1356 provido

1346 1372 1374 1396 et
1391 1370 1527 1401 honesto,
1548 1369 1579 1395 in
1600 1371 1746 1402 pastorem
1767 1368 1936 1402 providerat
1957 1367 2072 1400 eidem3
2089 1377 2173 1402 quem
2193 1369 2228 1396 A.
2244 1377 2341 1397 omnes

1346 1417 1490 1451 praedicti
1507 1417 1660 1449 monachi,
1685 1419 1799 1451 praeter
1821 1416 1978 1451 quemdam
1998 1424 2138 1451 puerum,
2158 1417 2190 1444 F.
2210 1417 2340 1452 nomine,

1346 1466 1395 1500 qui
1413 1466 1449 1492 ad
1465 1466 1597 1500 regimen
1613 1465 1706 1499 ipsius
1721 1465 1893 1492 monasterii
1907 1464 2090 1499 adspirabat,
2104 1467 2340 1499 acceptaverat:

1347 1529 1379 1534 —
1395 1523 1461 1541 cum
1476 1523 1544 1541 vero
1556 1514 1634 1541 iden]
1650 1514 1694 1546 F.‚
1709 1522 1760 1548 per
1773 1522 1802 1540 se
1816 1522 1850 1540 ac
1863 1513 2003 1548 quosdam
2019 1515 2151 1548 potentes
2162 1513 2268 1540 amieos
2277 1521 2342 1542 suos

1346 1563 1491 1597 corruptis
1508 1563 1684 1597 quibusdam
1699 1562 1734 1589 de
1751 1562 1903 1589 monachis
1916 1561 2095 1594 memoratis,
2108 1569 2173 1588 cum
2187 1561 2247 1589 illis
2259 1569 2341 1596 prae-

1346 1614 1475 1638 sumeret
1487 1611 1494 1637 i
1499 1611 1544 1646 psi
1555 1611 1655 1638 abbati
1667 1610 1859 1645 pertinaciter
1870 1609 2012 1637 rebellare
2021 1617 2026 1641 ;
2038 1624 2069 1627 —
2078 1617 2155 1642 cum,
2165 1617 2249 1637 causa
2258 1617 2342 1645 super

1347 1660 1400 1686 hoc
1414 1663 1513 1686 exorta
1528 1661 1695 1692 nequeunte
1708 1658 1815 1685 habere
1829 1665 2007 1691 processum,
2019 1657 2094 1684 bona
2104 1656 2270 1684 monasterii
2280 1658 2340 1684 tam

1346 1717 1397 1742 per
1410 1708 1507 1742 ipsum
1522 1708 1554 1734 F.
1570 1710 1598 1734 et
1611 1715 1748 1741 sequaces
1763 1707 1836 1740 ejus,
1851 1714 1939 1740 quam
1953 1714 2004 1740 per
2017 1706 2126 1733 amicos
2139 1713 2246 1739 eorum,
2260 1713 2343 1733 enor-

1347 1756 1435 1783 miter
1451 1756 1682 1789 dissiparentur;
1699 1770 1730 1773 —
1745 1763 1823 1787 cum,
1840 1754 1946 1781 abbate
1961 1754 1996 1780 de
2011 1754 2127 1781 Zerreto
2142 1755 2186 1786 (=
2199 1752 2341 1787 Cerredo),

1347 1804 1553 1831 Cisterciensis
1570 1803 1697 1835 ordinis,
1715 1805 1741 1829 et
1758 1803 1821 1836 ejus
1837 1802 2056 1835 conjudicibus,
2074 1801 2178 1835 quibus
2192 1801 2254 1836 ipse
2267 1808 2341 1835 papa

1346 1853 1422 1879 illud
1434 1852 1584 1886 negotium
1596 1851 1796 1883 commiserat,
1809 1851 1967 1877 monachos
1979 1850 2100 1877 rebelles
2111 1849 2300 1882 cassantibus,
2313 1850 2355 1879 et,

1346 1901 1452 1928 iisdem
1467 1900 1620 1927 monachis
1636 1900 1764 1927 termino
1777 1899 1833 1926 sibi
1848 1899 1995 1933 assignato
2008 1898 2166 1932 apostolico
2178 1896 2342 1932 conspectui

1346 1959 1403 1976 non
1427 1949 1676 1984 comparentibus,
1700 1949 1778 1975 idem
1801 1956 1890 1983 papa,
1913 1947 1950 1974 ad
1973 1946 2145 1974 instantiam
2167 1942 2342 1981 Ar[nulfl‘?]‚

1346 1998 1541 2033 procuratoris
1555 1997 1670 2024 abbatis
1684 1997 1816 2031 ejusdem
1833 1995 2015 2027 monasterii,
2032 1995 2163 2029 partibus
2178 1993 2342 2022 Ostiensem

1346 2047 1515 2081 episcopum
1532 2045 1660 2072 dedisset
1676 2045 1859 2076 auditorem;
1877 2059 1908 2062 —
1925 2052 1991 2071 cum
2008 2043 2143 2078 denique,
2161 2042 2342 2070 Antiocheno

1346 2095 1529 2128 patriarcha,
1551 2096 1623 2120 tunc
1642 2093 1830 2127 Apostolicae
1849 2092 1934 2120 Sedis
1951 2093 2059 2125 legato,
2080 2099 2178 2118 curam
2199 2092 2342 2124 tempora-

1346 2143 1420 2169 lium
1433 2142 1564 2176 ejusdem
1581 2141 1752 2168 monasterii
1767 2141 1896 2168 Henrico
1910 2140 2006 2172 Golte,
2019 2138 2184 2173 irrequisito
2197 2136 2342 2172 praedicto

1345 2190 1464 2222 abbate,
1482 2190 1704 2222 committente,
1722 2190 1778 2216 hac
1797 2188 1949 2215 occasione
1965 2188 2067 2214 fuisset
2082 2186 2170 2214 abbas
2182 2186 2244 2220 ipse
2255 2183 2342 2220 spiri-

1345 2239 1476 2266 tualibus
1490 2241 1518 2265 et
1533 2237 1748 2272 temporalibus
1764 2237 1938 2269 destitutus,
1956 2239 1984 2262 et
1998 2234 2122 2270 praefati
2139 2233 2271 2261 monachi
2285 2231 2342 2260 mi-

1346 2295 1400 2313 nus
1414 2288 1542 2321 possent,
1556 2286 1625 2313 licet
1637 2284 1996 2312 excommunicationibus
2011 2283 2143 2317 pluribus
2156 2281 2249 2316 ligati,
2263 2288 2280 2308 a
2291 2287 2341 2308 suo

1346 2336 1424 2361 malo
1440 2334 1587 2368 proposito
1600 2333 1742 2366 revocari,
1758 2348 1790 2351 —
1804 2333 1926 2359 mandat
1940 2336 2093 2366 quatenus,
2108 2329 2240 2357 eumdem
2253 2328 2343 2356 abba-

1345 2387 1404 2411 tem
1419 2384 1449 2410 in
1466 2383 1689 2417 possessionem,
1707 2390 1795 2416 quam
1810 2381 1962 2413 habuerat,
1975 2379 2174 2414 spiritualium
2189 2380 2216 2405 et
2231 2379 2341 2411 tempo-

1345 2432 1453 2458 ralium
1479 2431 1685 2459 restituentes.
1709 2430 1872 2464 praefigant
1894 2429 1981 2455 dictis
2007 2427 2157 2454 monachis
2183 2425 2340 2453 terminum

1345 2482 1577 2513 competentem,
1596 2487 1650 2512 quo
1666 2478 1825 2512 apostolico
1842 2476 2010 2511 conspectui
2027 2484 2056 2502 se
2071 2475 2294 2509 repraesentent.
2308 2485 2341 2490 --

1345 2528 1431 2560 (nm.
1449 2527 1493 2559 18,
1509 2528 1528 2553 f.
1546 2527 1579 2553 94
1596 2530 1634 2559 r⁰;
1652 2534 1721 2553 ann.
1740 2526 1792 2558 IX,
1810 2534 1834 2552 c.
1851 2526 1926 2556 333.)

1388 2653 1400 2667 α
1417 2663 1438 2668 ..
1454 2641 1597 2677 episeopo,
1614 2640 1737 2675 liedulfo
1751 2645 1775 2668 ez
1789 2640 1961 2674 Lanfranco
1977 2638 2010 2666 de
2025 2637 2173 2670 Cluduno,
2190 2633 2344 2664 canonicis

1346 2693 1607 2729 Perqamensz'bus.
1632 2691 1825 2721 Venerabili
1846 2691 1948 2720 fratre
1977 2694 2087 2719 nostro
2114 2706 2162 2716 -.
2189 2688 2261 2717 Dat.
2284 2684 2344 2716 Vi-

1347 2744 1456 2778 terbii,
1473 2745 1503 2773 X
1519 2743 1678 2773 kalendas
1694 2743 1852 2782 januarii,
1871 2751 1956 2772 anno
1974 2750 2070 2771 nono.
2090 2753 2102 2767 n

1378 2869 1399 2892 1.
1415 2870 1465 2892 Ms.
1482 2877 1489 2891 :
1505 2867 1667 2898 Euphomie.

1375 2912 1399 2937 2.
1416 2911 1590 2936 Brixiensis'?
