2423 3487
134 290 191 320 347
858 283 1097 315 REGISTRES
1118 282 1174 312 DE
1197 275 1420 313 GREGomE
1442 284 1501 314 ix.
2173 285 2232 316 348

136 359 177 389 et,
193 364 227 384 ea
246 353 393 383 traducta
410 353 443 381 in
461 352 555 382 domo
573 361 641 387 sua,
658 361 716 389 per
730 351 877 390 quinque
894 359 1025 380 menses
1043 349 1142 379 coha-

136 407 272 436 bitasset
295 405 411 439 eidem,
433 404 575 437 tandem,
597 404 668 442 ipsa
692 404 872 441 incognita,
893 403 979 433 idem
1001 411 1143 432 consan-

136 460 278 497 guineus
302 467 382 488 suus
405 458 492 487 diem
516 457 635 486 clausit
661 461 855 486 extremum.
878 456 1047 486 Ceterum,
1069 464 1144 485 cum

135 513 222 541 inter
238 520 314 541 suos
332 515 362 540 et
379 510 525 548 ejusdem
541 509 653 539 uxoris
670 518 728 539 sue
745 509 1011 546 consanguineos
1028 508 1143 537 incen-

135 569 185 594 tor
203 563 363 593 malorum
382 562 531 592 omnium
550 562 701 600 gravium
723 561 977 591 inimicitiarum
1000 560 1143 598 parietes

136 617 343 652 extruxisset,
364 621 396 645 ut
414 615 593 645 multarum
611 616 798 644 animarum
818 618 846 643 et
866 622 1039 651 corporum
1055 613 1144 651 peri-

135 670 209 699 cula
235 670 430 699 vitarentur,
450 669 484 698 in
508 668 592 698 facie
614 667 761 697 Ecclesie
785 666 947 697 contraxit
972 666 1144 696 matrimo-

135 723 227 752 nium
249 731 321 752 cum
345 722 472 757 eadem,
493 730 567 751 cum
584 730 649 759 qua.
666 729 724 758 per
741 719 931 759 quindecim
949 728 1054 749 annos
1069 727 1144 757 per-

134 784 284 810 manens,
301 775 413 813 plures
430 783 466 804 ex
485 783 522 803 ea
537 773 624 803 filios
639 773 836 811 procreavit.
854 772 960 810 Super
976 780 1039 810 quo
1055 771 1143 801 idem

134 827 256 858 nobilis
279 836 337 865 per
360 826 478 857 Sedem
503 826 597 864 petiit
618 825 841 863 Apostolicam
862 824 1040 862 provideri.
1059 823 1143 860 Quia

134 890 211 911 vero
230 880 269 910 de
287 881 374 910 facto
391 884 419 909 et
438 880 509 918 ejus
528 878 801 912 circumstantiis,
820 881 931 916 utpote
948 877 1013 907 loci
1033 876 1143 906 dioce-

136 942 252 967 sanus,
277 933 399 962 habere
423 936 514 970 potes
540 931 693 961 notitiam
720 930 920 968 pleniorem,
939 930 976 960 de
1000 934 1056 959 tua
1078 929 1143 959 cir—

135 986 379 1024 cumspectione
398 985 530 1023 plenam
546 984 581 1013 in
597 984 739 1013 Domino
762 983 917 1013 fiduciam
941 982 1139 1018 obtinentes,

133 1039 330 1068 mandamus
349 1042 529 1076 quatenus,
548 1036 768 1066 consideratis
784 1035 962 1073 diligenter
977 1044 1040 1073 que
1056 1035 1143 1064 circa

133 1092 195 1121 hoc
211 1091 337 1121 fuerint
355 1089 565 1125 attendenda,
583 1089 612 1119 si
628 1098 697 1118 rem
713 1088 885 1118 inveneris
900 1088 947 1117 ita
963 1097 1046 1122 esse,
1065 1096 1144 1125 agas

134 1153 233 1182 super
250 1143 311 1173 hoc
327 1143 523 1173 auctoritate
541 1141 732 1180 apostolica,
749 1141 972 1179 dispensando
986 1145 1081 1179 prout
1095 1149 1144 1170 sa-

131 1197 195 1227 luti
211 1197 399 1226 animarum
416 1204 552 1226 suarum
568 1195 693 1225 videris
711 1194 882 1232 expedire;
905 1194 1036 1232 proviso
1058 1193 1145 1232 quod

132 1259 191 1289 per
213 1249 397 1280 triennium
418 1248 550 1278 tertiam
576 1252 703 1286 partem
729 1247 918 1277 reddituum
947 1250 977 1277 et
1004 1255 1144 1285 proven-

133 1308 228 1333 tuum
253 1311 388 1332 suorum
414 1301 493 1331 anni
519 1300 698 1339 cujuslibet
720 1300 950 1330 transmittant
972 1300 1006 1329 in
1033 1300 1145 1330 subsi-

135 1356 226 1386 dium
252 1357 351 1386 Terre
380 1355 514 1391 Sancte,
543 1354 763 1392 quantitatem
793 1353 936 1383 subsidii
964 1353 1061 1383 nobis
1087 1361 1146 1391 per

134 1414 208 1438 tuas
223 1408 353 1438 litteras
369 1407 511 1437 fideliter
527 1406 725 1436 intimando.
746 1407 816 1435 Dat.
838 1406 991 1436 Viterbii.
1009 1406 1054 1435 VI
1071 1405 1145 1435 idus

135 1461 262 1500 aprilis,
281 1470 368 1490 anno
385 1460 523 1490 decimo.
546 1472 558 1485 >2

207 1654 295 1682 308
301 1654 319 1681 Ι

172 1716 268 1743 Priori
283 1715 410 1742 Sanctae
428 1714 618 1748 Radegundis
633 1713 833 1745 pietavensis,
853 1722 906 1740 nec
921 1722 978 1740 non
995 1716 1022 1740 et
1036 1714 1147 1740 decano

137 1769 166 1793 et
180 1765 321 1798 magistro
335 1763 478 1791 Gaufrido
495 1763 530 1790 de
545 1763 654 1790 Sancto
665 1762 813 1794 Valerico,
827 1762 968 1789 canonico
980 1762 1146 1788 Bituricen-

137 1814 228 1846 sibus,
246 1813 368 1840 mandat
384 1815 529 1847 quatenus
545 1820 664 1839 causam
681 1820 754 1846 quae
775 1811 854 1838 iuter
867 1811 1003 1838 abbatem
1021 1819 1147 1838 conven-

136 1866 259 1896 tumque
285 1862 388 1889 Sancti
416 1861 567 1888 Martialis
595 1860 833 1892 Lemovicensis,
858 1868 891 1886 ex
916 1862 998 1894 parte
1020 1868 1093 1893 una,
1120 1862 1148 1886 et

137 1911 338 1946 praepositum
357 1912 596 1943 conventumque
614 1909 741 1936 Sanctae
762 1908 900 1935 Valeriae
921 1908 1147 1940 Cambonensis,

137 1968 172 1987 ex
186 1960 289 1991 altera,
307 1967 393 1993 super
404 1958 597 1992 subjectione,
615 1957 794 1990 obedientia,
807 1957 975 1984 reverentia
988 1961 1015 1984 et
1030 1957 1148 1991 quibus-

137 2009 205 2035 dam
222 2007 338 2041 usibus,
353 2007 468 2041 juribus
485 2010 513 2033 et
529 2007 614 2033 rebus
635 2007 703 2033 aliis
727 2006 908 2038 vertebatur,
925 2006 1039 2032 diutius
1057 2006 1148 2040 agita-

138 2060 199 2085 tam
225 2060 253 2083 et
277 2056 407 2082 nondum
437 2055 645 2087 terminatam,
669 2055 745 2081 sicut
769 2058 970 2089 procuratores
995 2055 1149 2089 utriusque

138 2107 242 2141 partis,
257 2106 287 2132 in
301 2105 468 2139 praesentia
484 2104 659 2131 Sabincnsis
671 2104 800 2138 episcopi
815 2104 982 2136 constituti,
994 2112 1148 2138 proposue-

138 2158 222 2188 rant,
240 2155 417 2186 terminent,
439 2154 571 2187 alioquin
596 2153 690 2187 ipsam
713 2152 893 2180 sufficienter
914 2152 1090 2179 instructam
1112 2153 1147 2179 ad

139 2212 262 2231 examen
277 2204 471 2237 apostolicum
487 2203 653 2230 remittant.
669 2217 698 2220 —
712 2203 798 2235 (Rae.
812 2202 856 2234 18,
870 2202 952 2229 f.140
964 2206 1008 2234 x·⁰;
1025 2211 1094 2229 ann.
1108 2203 1148 2236 X,

139 2262 163 2280 c,
180 2253 238 2284 21.)

726 1652 858 1684 Viterbe,
875 1652 891 1678 8
905 1652 981 1678 avril
995 1651 1073 1678 1236.

998 2353 1109 2382 decano
1124 2359 1149 2382 el

139 2408 287 2444 mayistro
305 2406 452 2442 Gaufrido
471 2406 504 2433 (le
520 2406 630 2435 Sancto
650 2406 793 2439 Valeo-ico,
811 2406 958 2434 canonico
975 2407 1149 2435 Biluricen-

139 2461 232 2489 sibus.
251 2459 333 2490 Cum
350 2467 449 2488 causa
467 2466 529 2496 que
546 2475 594 2485 ——.
611 2458 684 2487 Dat.
699 2457 853 2492 Viterbii,
870 2458 914 2487 VI
931 2458 1005 2487 idus
1020 2459 1147 2497 aprilis,

140 2521 226 2542 anno
241 2511 378 2541 decimo.
399 2523 411 2537 »

181 2366 194 2380 α
215 2378 232 2382 ..
255 2354 356 2391 priori
373 2353 482 2382 Sancte
498 2353 714 2389 Radeyunclffls]
738 2353 933 2382 pictavensis.
957 2376 975 2380 ..

211 2696 327 2725 3082

176 2758 344 2786 Nicosicnsi
368 2763 395 2784 et
422 2758 575 2784 Nazareuo
600 2757 830 2791 archiepiscopis
859 2758 981 2785 mandat
1006 2762 1150 2792 quatenus

142 2807 362 2837 Caesariensem
385 2806 657 2840 archiepiscopum,
681 2814 697 2831 a
723 2806 898 2832 Ravennate
918 2807 1149 2842 archiepiscopo,

142 2859 214 2884 tunc
229 2854 416 2889 Apostolicae
434 2854 519 2881 Sedis
535 2855 640 2887 legato,
658 2855 948 2881 excommunicatum
967 2858 992 2881 ct
1012 2855 1150 2883 interdic-

719 2695 853 2728 Viterbe,
870 2697 886 2721 7
901 2696 977 2722 avril
999 2697 1077 2724 1236.

142 2909 217 2937 tum,
230 2913 316 2938 quem
330 2907 427 2930 autem
442 2903 503 2937 ipse
515 2911 600 2937 papa,
614 2906 675 2937 post
688 2903 919 2937 appellationem
933 2904 1150 2938 interpositam,

144 2963 194 2989 per
211 2954 330 2979 fratrem
351 2951 550 2985 Rayuerium,
573 2951 666 2985 ipsius
685 2959 777 2985 papae
798 2952 984 2985 capellanum
1005 2955 1030 2978 ct
1053 2953 1151 2987 paeni-

1225 349 1411 382 tentiarium,
1424 350 1537 377 absolvi
1551 351 1670 383 fecerat,
1683 351 1720 378 ab
1732 351 1902 385 hujusmodi
1914 352 2232 380 excommunicationis

1225 400 1253 424 et
1277 398 1431 425 interdicti
1456 399 1613 426 sententiis
1638 399 1805 426 absolutum
1831 400 1981 427 nuntient.
2010 416 2042 419 —
2070 401 2156 434 (Rae.
2180 400 2232 434 18,

1225 447 1245 472 f.
1268 445 1321 472 140
1333 449 1379 478 v⁰;
1394 454 1464 473 ann.
1484 447 1523 479 X,
1541 456 1565 473 c.
1582 447 1631 479 22,
1649 461 1680 465 —
1698 447 1855 474 Porruas‘r
1869 447 1980 479 10138.)

1269 559 1281 573 «
1302 548 1351 584 [..]
1369 548 1537 576 Nicosienst
1560 553 1585 577 et
1609 547 1657 586 [..]
1679 549 1865 586 Nazar‘en[o]
1886 550 2132 588 archiepiscopis.
2150 550 2233 580 Cum

1226 600 1397 630 interdicti
1414 604 1445 630 et
1463 618 1511 629 —.
1534 602 1607 630 Dat.
1629 601 1790 635 Viterbii,
1816 603 1880 632 vlt
1902 602 1977 632 idus
2000 602 2126 641 aprilis,
2146 611 2234 633 anno

1226 653 1364 683 decimo.
1385 665 1397 679 n

1297 830 1418 859 3083
1797 832 1930 865 Viterbe,
1943 833 1977 859 13
1990 833 2067 860 avril
2083 833 2162 860 1236.

1262 892 1407 926 Magistro
1425 893 1597 926 Zachariae,
1615 894 1750 928 scriptori
1773 903 1840 927 suo,
1862 894 1985 921 mandat
2006 897 2151 928 quatenus
2163 894 2234 922 Are-

1227 941 1310 974 tinis,
1326 941 1376 975 qui
1389 949 1492 975 graves
1506 945 1607 969 contra
1620 942 1784 969 Ecclesiam
1802 950 1937 969 excessus
1949 943 2170 976 commiserant,
2184 943 2235 970 sed

1228 998 1298 1024 quos
1314 989 1434 1016 illorum
1447 990 1628 1024 paenitebat,
1641 991 1766 1024 gratiam
1781 990 1976 1018 absolutionis
1990 991 2044 1018 sub
2057 991 2235 1025 quibusdam

1227 1038 1451 1065 condicionibus
1464 1038 1629 1072 impendat.
1643 1053 1674 1057 —
1687 1039 1774 1070 (Rae.
1789 1039 1833 1072 18,
1847 1039 1934 1078 1.,140
1947 1042 1991 1071 v⁰;
2008 1047 2078 1066 ann.
2092 1039 2133 1072 X,
2145 1047 2170 1066 c.
2183 1039 2234 1072 232

1228 1102 1259 1105 —
1276 1088 1314 1113 cf.
1332 1094 1428 1120 supra,
1446 1095 1474 1114 n.
1490 1087 1560 1114 1690
1573 1090 1599 1114 et
1617 1087 1709 1119 1693.)

1271 1200 1283 1214 <t
1302 1189 1446 1226 Mayz'stro
1461 1189 1624 1224 Zacharia,
1649 1190 1794 1226 scriptori
1809 1194 1921 1218 nostro.
1941 1188 2028 1219 Olim
2044 1193 2188 1227 potestas
2206 1192 2238 1219 et

1228 1240 1368 1278 populus
1382 1241 1552 1276 Aretinus,
1572 1241 1611 1271 ab
1630 1241 1801 1271 incentore
1818 1240 1980 1271 malorum
1997 1241 2146 1271 omnium
2161 1250 2240 1280 pro-

1229 1293 1347 1327 vocati,
1369 1293 1475 1322 Deum
1496 1297 1527 1323 et
1551 1293 1721 1323 Aretinam
1750 1293 1940 1329 ecclesiam,
1964 1298 2104 1324 matrem
2129 1303 2236 1330 suam,

1229 1346 1374 1384 graviter
1390 1347 1606 1380 offendentes,
1627 1348 1796 1385 occupatis
1820 1347 1937 1377 castris
1960 1348 2066 1386 ipsius
2086 1347 2236 1383 ecclesie,

1229 1399 1384 1430 videlicet
1401 1399 1560 1430 Albororo
1586 1405 1615 1430 et
1636 1400 1829 1438 Treguleto,
1855 1409 1929 1430 cum
1951 1401 2164 1439 pertiuentiis
2182 1388 2238 1430 eo-

1229 1452 1391 1487 rumdem,
1414 1461 1473 1482 nec
1490 1461 1554 1482 non
1573 1457 1604 1482 et
1619 1452 1812 1482 hominihus
1833 1458 2016 1483 castrorum
2037 1453 2185 1491 ipsorum
2202 1453 2238 1482 in

1230 1505 1319 1535 cives
1344 1505 1500 1535 Aretinos
1527 1505 1695 1540 admissis,
1726 1506 1809 1536 bone
1832 1506 1991 1536 memorie
2017 1505 2236 1545 M[artinum],

1230 1558 1405 1588 Aretinum
1423 1559 1624 1597 episcopum,
1643 1563 1673 1588 et
1690 1559 1847 1589 ecclesias
1867 1559 2009 1589 diocesis
2031 1559 2181 1594 Aretine,
2202 1567 2239 1589 ac

1231 1612 1350 1642 Sancte
1367 1611 1461 1641 Flore
1479 1616 1510 1641 et
1524 1611 1640 1649 Campi
1655 1611 1774 1642 Leonis
1789 1612 1992 1642 monasteria
2003 1611 2156 1650 dampnis
2168 1620 2238 1649 gra-

1230 1664 1327 1694 vibus
1347 1669 1377 1694 et
1395 1664 1531 1703 injuriis
1548 1673 1613 1694 non
1630 1664 1769 1694 modicis
1792 1665 1991 1694 affecerunt.
2012 1673 2049 1694 ac
2065 1664 2240 1695 ediderunt

1231 1722 1355 1747 statuta
1374 1717 1525 1756 quedam.
1545 1726 1602 1747 seu
1619 1717 1852 1747 destitutiones
1867 1717 1988 1755 potius,
2007 1722 2121 1747 contra
2140 1717 2240 1748 eccle-

1232 1771 1402 1800 siasticam
1418 1770 1624 1805 libertatem,
1649 1774 1781 1808 propter
1798 1770 1885 1808 quod
1903 1770 1938 1799 in
1957 1793 1976 1798 ..
1994 1773 2190 1808 potestatem
2209 1774 2241 1800 et

1232 1823 1443 1853 consiliarios
1464 1823 1817 1853 excommunicationis
1840 1827 1871 1853 et
1891 1823 1926 1852 in
1946 1823 2114 1853 civitatem
2135 1823 2241 1853 inter-

1232 1877 1312 1906 dicti
1329 1877 1493 1911 sententie
1511 1877 1646 1906 fuerunt
1660 1885 1717 1914 per
1731 1876 1883 1906 eumdem
1897 1875 2086 1914 episcopum
2098 1875 2242 1914 promul-

1232 1934 1315 1968 gate.
1336 1931 1450 1968 Nuper
1466 1934 1575 1960 autem
1592 1930 1657 1959 fuit
1677 1938 1713 1959 ex
1734 1934 1825 1968 parte
1849 1930 1998 1968 ipsorum
2014 1929 2110 1959 nobis
2129 1929 2242 1959 hurni-

1230 1983 1308 2014 liter
1332 1983 1553 2022 supplicatum
1575 1987 1625 2017 ut,
1648 1991 1722 2012 cnm
1744 1991 1798 2012 eos
1818 1982 1965 2020 peniteat
1987 1982 2025 2012 de
2050 1981 2241 2013 excessibus

1233 2045 1326 2075 quos,
1344 2045 1408 2066 non
1420 2036 1474 2066 usi
1487 2036 1613 2065 salubri
1624 2035 1774 2070 consilio,
1789 2035 2038 2070 commiserunt,
2054 2035 2241 2073 durumque

1232 2090 1274 2119 sit
1303 2089 1351 2119 eis
1374 2093 1488 2119 contra
1516 2088 1689 2118 stimulum
1708 2088 1880 2118 calcitrare
1896 2089 1916 2123 ¹,
1939 2097 1976 2117 ac
2001 2087 2151 2117 Ecclesia
2175 2095 2241 2117 non

1232 2141 1443 2171 consueverit
1459 2141 1594 2179 pietatis
1608 2140 1770 2178 gremium
1783 2139 1936 2170 clauderc
1951 2139 2126 2178 penitenti,
2145 2139 2241 2178 ipsis,

1232 2195 1290 2234 qui
1308 2203 1399 2229 sano,
1418 2194 1570 2233 quamvis
1588 2203 1671 2228 sero,
1691 2193 1780 2223 ducti
1797 2193 1948 2228 consilio,
1968 2193 2078 2223 redire
2096 2192 2137 2222 ad
2151 2201 2242 2223 man-

1232 2248 1345 2278 datum
1361 2248 1508 2278 Ecclesie
1520 2247 1704 2285 cupientes,
1722 2246 1898 2276 restituere
1915 2246 2002 2275 dicta
2018 2249 2126 2276 castra
2142 2249 2173 2275 et
2189 2253 2244 2275 sa-

1232 2301 1387 2331 tisfacere
1407 2301 1445 2331 (le
1467 2300 1646 2330 subtractis
1664 2299 1813 2338 plenarie
1830 2302 1907 2329 sunt
1923 2298 2041 2337 parati,
2059 2298 2243 2329 absolutio-

1234 2355 1286 2384 nis
1303 2354 1451 2393 impendi
1468 2353 1667 2384 heneficium
1680 2358 1710 2383 et
1721 2353 1902 2392 predictam
1915 2352 2058 2383 relaxari
2071 2351 2243 2382 interdicti

1233 2408 1434 2438 seutentiam
1459 2407 1704 2436 mandaremus.
1727 2406 1795 2436 Nos
1817 2405 1922 2441 enim,
1946 2405 2004 2443 qui
2020 2404 2186 2434 doluimus
2203 2404 2242 2434 de

1233 2461 1372 2496 aversis,
1390 2460 1429 2490 de
1445 2460 1589 2490 reversis
1605 2459 1640 2488 in
1657 2459 1798 2489 Domino
1815 2457 2034 2496 gratulantes,
2057 2460 2169 2496 utpote
2185 2456 2244 2496 qui

1233 2513 1379 2543 civitatis
1398 2513 1535 2543 Aretine
1558 2517 1716 2556 tanquam
1737 2511 1804 2541 filie
1826 2510 1980 2550 specialis
2001 2514 2138 2549 paterna
2154 2509 2243 2540 desi-

1233 2567 1388 2597 deramus
1406 2566 1579 2596 affectione
1600 2565 1752 2599 salutem,
1776 2564 1972 2594 mandamus
1996 2567 2172 2602 quatenus,
2190 2571 2244 2593 re-

1234 2624 1327 2657 cepta
1344 2628 1361 2649 a
1376 2623 1537 2657 potestate
1554 2623 1586 2648 ct
1602 2617 1741 2648 consilio
1758 2617 1796 2647 de
1810 2616 1956 2655 parendo
1970 2624 2069 2654 super
2085 2614 2243 2654 predictis

1233 2672 1400 2702 mandatis
1417 2672 1556 2707 nostris,
1581 2676 1648 2701 tam
1669 2670 1833 2710 juratoria
1854 2677 1953 2708 quam
1972 2667 2064 2698 mille
2081 2667 2243 2698 librarum

1233 2725 1442 2764 fidejussoria
1468 2724 1638 2758 cautione,
1668 2729 1699 2754 et
1723 2723 1810 2762 quod
1834 2722 1998 2761 premissa
2022 2724 2146 2751 statuta
2171 2720 2245 2750 sine

1235 2777 1427 2809 difficultate
1445 2787 1481 2807 ac
1500 2786 1589 2807 more
1607 2776 1779 2815 dispendio
1797 2776 1834 2805 de
1851 2773 2092 2813 capitularibus
2109 2773 2180 2803 suis
2195 2781 2244 2802 ra-

1235 2830 1324 2865 dant,
1342 2830 1411 2859 illis
1427 2830 1477 2859 vel
1495 2829 1662 2859 similibus
1679 2829 1717 2859 de
1735 2832 1843 2858 cetero
1860 2836 1924 2857 nou
1945 2827 2057 2862 usuri,
2078 2830 2109 2855 et
2126 2825 2246 2856 solutis

1270 2956 1288 2979 l.
1308 2954 1476 2982 Ac⁷r.,1x.5
1492 2954 1685 2981 etxxvt,14.
1722 2979 1726 2983 ,
