2519 3518
169 282 244 312 1233
1013 272 1235 310 DothlEME
1260 274 1418 309 ANNEE.
2190 282 2261 312 1234

165 349 339 387 prescripti
355 350 482 379 ordinis
495 349 674 383 collocatis,
690 348 947 378 contradictores
960 352 1020 376 etc.
1036 357 1042 375 ι
1057 346 1169 375 eodem

166 401 357 431 mandatum
381 403 596 441 apostolicum
621 401 815 439 diligentius
839 404 1032 439 exequente,
1055 408 1171 436 supra-

166 453 246 483 dicti
264 455 458 485 monasterii
476 455 629 485 monachi
647 459 677 484 et
691 454 842 483 conversi
858 452 1171 488 Camaldulen[sem]

166 506 314 536 ordinem
331 512 557 545 susceperunt,
575 507 693 542 eidem,
710 515 745 535 ac
760 505 870 535 abbati
887 505 943 544 qui
956 514 1013 542 pro
1029 508 1172 541 tempore

166 558 234 589 illis
253 560 387 589 daretur
404 560 443 589 ab
461 560 543 598 ipso,
566 563 757 598 perpetuam
778 558 999 588 obedientiam
1025 561 1055 586 ct
1081 565 1173 585 reve-

168 612 321 646 rentiam,
336 613 525 652 juramento
548 613 587 642 ab
610 612 777 642 universis
801 616 831 641 ct
854 610 996 647 singulis
1024 609 1173 648 prestito,

168 665 402 702 promittendo.
421 665 634 696 Postmodum
654 669 763 694 autem
781 663 939 693 antedicti
965 662 1117 691 monachi
1143 665 1173 690 et

168 718 330 752 conversi,
354 718 508 756 superbie
532 718 650 756 spiritu
672 717 838 751 concitati,
864 716 949 754 quod
969 724 1066 751 grave
1087 714 1174 750 f-reri-

168 779 242 800 mus
262 775 292 800 et
308 771 494 808 indignum,
511 774 624 799 contra
639 769 789 799 abbatem
807 778 904 806 quem
926 768 995 806 ipse
1014 767 1082 796 illis
1101 776 1174 804 pre-

169 822 305 856 fecerat,
321 822 512 851 calcaneum
533 822 730 859 erigentes¹.
747 825 777 850 et
791 820 965 850 molientes
981 829 1014 849 se
1029 819 1068 848 ab
1086 820 1174 856 ejus-

169 874 242 905 dem
279 875 401 913 prioris
437 875 627 905 obedientia
664 879 695 904 et
732 873 917 903 reverentia
957 872 1172 905 subtrahere,

169 927 292 956 dictum
311 927 460 957 abbatem
479 927 685 966 aliquamdiu
702 932 771 956 arte
791 926 938 955 custodie
955 926 1113 956 detinere,
1139 933 1175 954 ac

169 979 367 1009 adherentes
392 980 456 1009 sibi
482 980 580 1009 samis
604 980 716 1009 inedia
740 984 770 1009 et
798 979 938 1008 diversis
964 977 1175 1008 contumeliis

170 1042 253 1063 ausu
269 1033 429 1072 nepliario
444 1033 573 1063 afficere
590 1036 862 1071 presumpserunt
879 1043 884 1067 ;
900 1032 1050 1061 abbatem
1066 1032 1175 1069 ipsum

169 1094 243 1115 cum
259 1086 420 1115 fratribus
438 1086 518 1121 suis,
539 1085 669 1115 abbatie
686 1085 750 1115 sibi
774 1085 882 1114 ablato
903 1084 1024 1122 sigillo,
1046 1084 1174 1118 exinde,

169 1148 205 1168 ac
232 1138 272 1168 ab
297 1139 486 1168 obedientia
514 1139 627 1169 Sancti
650 1138 837 1168 Mamiliani
863 1138 901 1167 de
930 1138 1118 1168 Sonnnasso
1145 1141 1176 1166 et

169 1191 245 1221 aliis
262 1191 420 1221 membris
443 1191 560 1229 ipsius,
585 1191 738 1220 recedere
765 1190 1004 1220 nichilominus
1033 1189 1176 1227 compel-

169 1244 286 1278 lentes,
306 1244 341 1273 in
362 1244 510 1282 ejusdem
535 1244 656 1282 prioris
676 1243 896 1282 prejudicium
921 1252 985 1272 non
1011 1242 1176 1271 modicum

169 1301 200 1326 et
215 1301 450 1334 contemptum.
470 1297 565 1327 Unde
581 1296 671 1334 prior
686 1296 768 1333 ipse,
786 1304 850 1324 non
868 1295 981 1325 valens
999 1295 1177 1333 premisso-

169 1358 241 1378 rum
259 1349 496 1379 monachorum
513 1353 543 1379 et
555 1358 789 1379 conversorum
806 1348 1047 1386 dampnandam
1061 1357 1177 1385 super-

168 1402 258 1432 biam
274 1402 437 1437 edomare,
455 1402 550 1431 nobis
563 1401 736 1431 humiliter
748 1401 947 1439 supplicavit
959 1406 993 1430 ιιι
1005 1401 1177 1438 providere

169 1464 268 1493 super
283 1455 344 1484 hoc
365 1455 403 1485 de
424 1455 630 1492 benignitate
652 1454 747 1485 Sedis
766 1454 954 1492 Apostolice
971 1462 1176 1483 curaremus.

167 1508 326 1539 Nolentes
343 1508 446 1545 igitur
462 1513 497 1538 ut
513 1512 600 1537 tante
618 1507 877 1546 presumptionis
897 1516 1051 1536 excessus
1071 1515 1178 1536 rema-

168 1565 245 1591 neat
281 1562 486 1591 incorrectus
522 1560 574 1590 vel
612 1565 757 1590 transeat
793 1559 869 1589 aliis
905 1560 939 1588 in
979 1559 1176 1597 exemplum,

168 1614 381 1653 precipiendo
397 1613 593 1643 mandamus
610 1617 785 1652 quatenus,
805 1612 1023 1651 personaliter
1046 1612 1086 1642 ad
1109 1621 1179 1641 mo-

170 1667 354 1697 nasterium
377 1667 562 1705 sepefatum
588 1667 758 1701 accedens,
789 1666 927 1704 prefatis
953 1665 1124 1695 monachis
1148 1670 1179 1695 et

170 1720 340 1750 conversis
357 1719 397 1749 ab
414 1719 486 1757 ipso
497 1728 631 1757 prorsus
644 1719 762 1748 amotis
775 1723 805 1749 et
820 1719 855 1748 in
873 1719 948 1748 aliis
966 1718 1178 1748 monasteriis

170 1773 334 1811 prenotati
360 1772 488 1802 ordinis
516 1772 697 1805 collocatis,
725 1771 877 1801 abbatem
903 1772 1123 1810 prescriptum
1148 1776 1179 1801 et

170 1826 289 1855 fratres
313 1833 390 1855 suos
413 1825 447 1854 in
472 1825 555 1854 illud
578 1829 609 1855 et
632 1825 779 1864 ejusdem
801 1825 1023 1859 obedientias,
1049 1824 1179 1854 sublato

170 1877 348 1917 cujuslibet
371 1878 556 1907 occasionis
584 1877 768 1911 obstaculo,
798 1877 955 1907 reducere
985 1877 1179 1907 auctoritate

171 1935 284 1960 nostra
302 1939 470 1969 procures,
496 1935 527 1960 et
551 1930 654 1960 facias
675 1930 764 1968 ipsos
786 1930 933 1969 ejusdem
954 1930 1089 1968 pacifica
1104 1939 1180 1968 pos-

171 1984 320 2014 sessione
349 1984 503 2021 gaudere.
532 1983 800 2014 Contradictores
826 1988 887 2013 etc.
920 1983 1031 2013 Nullis
1058 1983 1179 2013 litteris

170 2035 328 2076 ve[ritati]
346 2040 378 2066 et
392 2036 547 2075 ju[stitie]
565 2036 876 2075 pre[judicantibus]
898 2045 916 2065 a
937 2036 1019 2066 Sede
1041 2037 1181 2074 Aposto-

170 2090 235 2119 lica
261 2089 458 2127 impetratis.
489 2090 645 2119 Preterea
672 2089 804 2118 noveris
830 2098 889 2118 nos
920 2112 939 2117 ..
968 2089 1121 2126 potestati
1151 2093 1181 2118 et-

172 2142 340 2172 communi
357 2141 396 2171 de
413 2141 601 2176 Plumbino,
620 2146 651 2171 et
668 2141 903 2171 Ildebrandino
922 2146 953 2171 et
971 2141 1181 2171 consortibus

173 2195 243 2225 suis
263 2195 302 2225 de
321 2195 416 2224 domo
435 2194 576 2228 Caselei,
600 2195 729 2224 civibus
748 2194 893 2229 Pisanis,
917 2195 1039 2224 nostris
1060 2194 1181 2224 litteris

173 2247 383 2277 mandavisse
401 2251 446 2281 ut,
465 2256 539 2276 cum
555 2256 573 2276 a
590 2251 620 2277 te
633 2247 759 2276 fuerint
776 2247 946 2285 requisiti,
967 2247 1008 2276 ad
1026 2247 1182 2276 edoman-

173 2302 248 2331 dam
270 2301 460 2339 superbiam
483 2300 720 2338 premissorum
745 2300 804 2329 tibi
828 2300 985 2330 assistere
1008 2309 1065 2338 pro
1089 2308 1182 2329 reve-

173 2354 281 2384 rentia
293 2353 406 2383 divina
420 2358 451 2383 et
465 2357 577 2383 nostra
591 2357 779 2391 procurent.
793 2353 865 2382 Dat.
880 2353 1046 2387 Laterani,
1061 2353 1108 2382 XI
1122 2352 1182 2382 ka-

172 2406 288 2437 lendas
305 2406 428 2441 martii,
446 2415 533 2435 anno
549 2405 752 2435 duodecimo.
775 2417 788 2432 »

243 2612 364 2640 424ss

208 2675 352 2709 Magistro
361 2675 528 2700 scholarum
541 2672 770 2704 Cenomanensi,
782 2671 990 2698 archidiacono
1004 2671 1039 2697 de
1052 2670 1181 2703 SaboIio,

769 2610 890 2641 Latran,
907 2609 923 2635 5
939 2617 1017 2636 mars
1030 2609 1110 2636 1239,

173 2723 407 2752 Cenomanensis
423 2723 576 2754 dioecesis,
599 2725 627 2748 et
645 2721 784 2755 magistro
800 2722 906 2752 Alano,
924 2720 1065 2746 canonico
1088 2720 1183 2747 Ceno-

173 2773 320 2804 manensi„
338 2773 445 2799 iterum
463 2773 522 2798 late
537 2771 641 2798 scribit
655 2771 690 2797 de
706 2779 794 2797 eausa
814 2770 892 2796 inter
906 2769 1084 2799 Gnidonem.
1102 2769 1183 2795 vice-

174 2822 313 2849 comitem
329 2821 556 2852 Thoaroensem,
570 2827 605 2846 ex
618 2827 677 2846 una
691 2821 783 2853 parte,
796 2820 824 2845 et
835 2817 1040 2852 Margaritam,
1053 2817 1183 2844 comitis-

209 2949 230 2972 1.
246 2948 288 2972 Cf.
305 2948 428 2972 JOHANN.
445 2947 519 2975 X111,
539 2947 575 2970 18.

298 2998 483 3029 Gammae
502 3005 554 3034 ix,
573 3008 592 3029 t.
611 3004 645 3028 11.

1251 355 1311 372 sam
1338 347 1522 377 Britanniae.
1544 355 1578 373 ex
1599 348 1701 377 altera.
1721 356 1806 381 super
1827 349 2067 382 pus-sussionilms.
2090 350 2254 376 redditibus

1253 397 1281 421 et
1310 395 1394 421 rebus
1422 395 1504 425 aliis,
1533 404 1605 429 quae
1632 396 1712 421 dicta
1742 396 1892 422 comitissa
1922 397 1956 422 ad
1985 406 2013 422 sse
2041 398 2153 424 ratium·
2183 398 2259 424 dotis

1254 443 1400 476 pertinere
1427 443 1590 474 asserebat,
1619 446 1729 475 exorta,
1757 448 1785 469 et
1814 453 1909 470 curam
1944 445 2100 477 itanu-rio,
2133 447 2259 471 Sanctae

1254 491 1368 517 Mariae
1390 492 1418 517 in
1443 492 1596 519 Cosmidin
1620 492 1743 518 diacono
1761 492 1919 524 cardinali,
1942 493 2051 526 plui-ivs
2066 493 2193 524 {mil-'1¹:¹3
2218 494 2259 519 cis

1256 540 1376 565 mandat
1398 543 1552 573 quatenus,
1577 541 1599 566 si
1620 542 1767 574 praefatus
1784 541 1947 566 vicecmntes
1965 541 2041 567 infra
2057 542 2128 568 duos
2147 551 2261 568 tllssnsf's

1256 588 1421 621 probaverit
1437 588 1646 621 appellationis
1667 597 1783 614 causam
1806 588 1842 615 ab
1861 589 1921 622 ipso
1946 589 2127 622 interjectae,
2147 593 2206 615 tam
2229 590 2258 616 in

1255 636 1427 669 exceptione
1456 636 1773 662 exc<›mmunicationis
1806 645 1822 662 a
1850 641 2033 670 procuratore
2062 637 2153 671 ipsius
2181 638 2260 664 vice-

1256 684 1373 710 comitis
1389 687 1490 711 contra
1506 685 1686 711 coinitissam
1705 685 1827 711 candem
1847 685 1977 718 opposita
1996 694 2081 719 quam
2099 685 2128 712 in
2149 686 2260 719 princi-

1257 733 1315 766 pali
1341 733 1465 763 negotio,
1485 733 1645 759 secundum
1669 733 1882 759 continentiam
1903 733 2066 759 titt-warum
2089 734 2124 759 ad
2148 734 2260 767 cpisco-

1257 789 1325 814 pum
1338 781 1544 807 l'ictavensem
1558 782 1677 814 ejusque
1691 782 1816 813 colleg-'as
1831 782 1890 814 jam
1906 790 1992 815 super
2008 783 2058 807 boc
2069 782 2260 814 directarum,

1257 829 1430 862 procedanm
1448 829 1577 863 alioquin
1600 832 1694 863 partes
1718 829 1752 855 ad
1775 829 1931 855 eorundem
1953 830 2085 862 judicum
2106 830 2261 856 remittant

1256 886 1396 909 exanwn3
1416 878 1491 912 quod
1510 878 1533 904 si
1555 886 1672 904 causam
1696 878 1788 911 ipsam
1813 878 1848 904 ad
1866 878 1970 904 Sedent
1996 879 2195 912 „apostoticam
2214 879 2261 905 dv<

1258 926 1325 952 ferri
1343 926 1637 960 pera1›p‹·llat.i‹meni
1655 926 1816 959 contingat,
1835 926 1978 952 terminus
1992 926 2123 960 partibus
2135 928 2261 960 :is-signu·-

1257 978 1314 1004 tur,
1332 983 1386 1007 quo
1403 983 1498 1001 coram
1514 975 1574 1008 ipso
1591 983 1665 1008 papa
1681 984 1709 1000 se
1726 978 1922 1008 praesentent.
1938 990 1971 992 —
1987 976 2073 1003 (tino.
2087 976 2129 1007 19,
2144 977 2162 1001 s.
2174 977 2205 1002 71
2219 980 2262 1008 v”;

1257 1031 1326 1049 ann.
1342 1023 1414 1055 XII,
1431 1022 1534 1054 c.2101;
1552 1038 1583 1040 —
1600 1024 1637 1049 cf.
1655 1030 1749 1054 supra,
1766 1032 1793 1049 n.
1806 1024 1874 1049 3225
1890 1026 1918 1050 ct
1934 1024 2025 1054 4039.)

1300 1149 1311 1162 (ι
1335 1159 1353 1164 ..
1372 1138 1518 1173 numism-o
1532 1137 1695 1171 scolarum,
1714 1159 1732 1164 ..
1748 1137 1964 1165 archidiacono
1979 1137 2013 1165 <Ie
2028 1138 2145 1165 Salmlin
2159 1143 2182 1166 rt
2199 1148 2264 1166 ιιιιι-

1257 1191 1352 1226 yz'stro
1368 1191 1475 1225 Altino,
1499 1191 1645 1217 canonico
1668 1189 1980 1227 Cenornatfieusibtts].
2003 1189 2089 1219 Olim
2109 1190 2141 1218 in
2166 1199 2266 1219 causa

1259 1251 1321 1280 quc
1339 1242 1478 1271 vertitur
1494 1242 1580 1271 inter
1597 1241 1734 1271 dilectos
1750 1241 1837 1270 filios
1855 1241 1997 1271 nobilem
2016 1242 2121 1270 virum
2142 1243 2266 1271 Gnido-

1260 1304 1345 1325 nem.
1365 1294 1590 1324 vicecomitem
1606 1294 1859 1328 Thoarcensem,
1881 1298 1911 1323 ct
1931 1293 2073 1323 nobilem
2093 1293 2265 1323 mulierem

1260 1347 1510 1386 ltl[argaritam],
1536 1347 1740 1376 comitissam
1763 1346 1962 1380 Brittannie,
1987 1356 2086 1383 super
2116 1346 2202 1385 [etc.,
2232 1351 2267 1375 ιιι

1260 1410 1370 1438 supra,
1400 1400 1433 1429 in
1461 1400 1582 1429 litteris
1610 1399 1671 1429 sub
1697 1408 1835 1429 numero
1857 1399 1931 1429 4039
1954 1400 2085 1433 notatis,
2115 1409 2219 1437 usque
2245 1399 2264 1437 :]

1260 1454 1379 1483 asserit
1400 1453 1575 1491 pertinere,
1601 1457 1671 1490 post
1691 1452 1838 1482 diversas
1860 1453 2111 1482 commissiones
2129 1453 2214 1491 [etc.,
2234 1457 2268 1481 ιιι

1260 1515 1371 1544 supra,
1390 1506 1423 1534 in
1442 1506 1566 1535 eisdem
1584 1505 1716 1539 litteris,
1741 1514 1846 1543 usque
1865 1504 1884 1543 :]
1903 1505 2032 1534 habitos
2050 1514 2106 1543 per
2123 1505 2266 1539 easdem,

1260 1559 1529 1598 procuratoribus
1549 1559 1692 1597 partium
1710 1560 1796 1595 [etc.,
1815 1562 1850 1587 ut
1867 1568 1976 1595 supra,
1993 1558 2026 1586 in
2045 1557 2168 1587 eisdem
2185 1557 2269 1587 litte-

1261 1613 1319 1643 ris,
1339 1621 1444 1650 usque
1461 1611 1480 1650 :]
1497 1611 1723 1641 concessimus
1736 1611 1931 1640 auditorem.
1952 1611 2069 1641 Coram
2087 1619 2149 1648 quo
2167 1619 2182 1639 a
2201 1620 2269 1648 pro·

1261 1670 1411 1694 curatore
1437 1665 1515 1694 dicti
1541 1664 1745 1694 vicecomitis
1767 1668 1880 1692 contra
1904 1663 2106 1692 comitissam
2134 1663 2271 1692 eandem

1262 1718 1452 1755 exceptione
1479 1716 1833 1747 excommunicationis
1855 1716 2015 1754 opposita.
2039 1720 2082 1747 et,
2107 1725 2145 1745 ea
2167 1715 2268 1748 salva,

1261 1770 1318 1800 lite
1337 1770 1485 1808 legitime
1502 1774 1696 1803 contestata,
1715 1774 1745 1799 et
1764 1769 1860 1798 sactis
1880 1769 2078 1807 quibusdam
2096 1769 2270 1806 positioni-

1262 1824 1323 1853 bus
1342 1828 1372 1853 et
1387 1823 1661 1861 responsionibus
1681 1823 1721 1851 ad
1739 1822 1883 1856 easdem,
1902 1831 1959 1851 nos
1975 1821 2159 1851 venerabili
2176 1821 2271 1850 fratri

1263 1881 1375 1905 nostro
1395 1876 1481 1915 [etc.,
1498 1880 1659 1913 utsupra,
1676 1875 1711 1904 in
1729 1875 1852 1904 eisdem
1872 1874 2004 1903 litteris.
2025 1883 2130 1912 usque
2149 1875 2168 1911 ε]
2184 1874 2272 1903 infra

1263 1930 1344 1958 duos
1368 1938 1499 1959 menses
1522 1929 1746 1967 exceptionem
1766 1928 1918 1966 probaret
1935 1928 2081 1965 legitime
2101 1927 2271 1965 supradic-

1264 1987 1340 2016 tam,
1370 1982 1501 2019 negotio
1527 1982 1782 2020 supersederent
1810 1981 1934 2015 eidem;
1963 1981 2111 2018 alioquin
2137 1989 2271 2010 causam

1264 2035 1426 2070 audirent,
1452 2040 1482 2065 et
1501 2044 1584 2069 eam,
1605 2035 1633 2064 si
1651 2035 1689 2064 de
1706 2034 1850 2073 partium
1872 2034 2038 2063 voluntate
2058 2035 2145 2070 [etc.,
2164 2038 2199 2062 ut
2215 2042 2270 2063 su-

1264 2098 1332 2126 pra,
1351 2088 1386 2117 in
1409 2088 1533 2118 eisdem
1558 2087 1691 2122 litteris,
1714 2087 1927 2125 paucissimis
1954 2087 2100 2120 mutatis,
2127 2095 2232 2124 usque
2250 2085 2270 2124 :]

1265 2141 1469 2171 audientiam
1489 2141 1677 2179 appellavit.
1703 2141 1856 2171 Ceterum
1878 2144 2070 2178 procurator
2092 2140 2198 2177 ipsius
2218 2148 2272 2169 co-

1263 2195 1405 2228 mitisse,
1426 2195 1569 2224 obtentis
1587 2204 1604 2224 a
1624 2199 1713 2232 parte
1736 2194 1839 2224 altera
1855 2203 1954 2231 super
1970 2193 2030 2222 hoc
2046 2193 2167 2222 litteris
2185 2192 2270 2231 [etc.,

1265 2252 1299 2277 ut
1316 2256 1427 2285 supra,
1446 2248 1480 2276 in
1498 2248 1622 2277 eisdem
1637 2247 1769 2285 litteris,
1789 2256 1894 2285 usque
1916 2246 1935 2285 x]
1953 2246 2125 2276 cardinali,
2144 2255 2161 2275 a
2178 2245 2273 2275 nobis

1264 2300 1372 2330 denuo
1389 2301 1538 2330 auditore
1552 2309 1720 2335 concesso,
1739 2299 1907 2338 proposuit
1925 2308 1961 2328 ex
1979 2299 2116 2328 adverso
2133 2300 2220 2336 [etc.
2238 2304 2274 2327 ut

1264 2362 1374 2391 supra,
1388 2353 1422 2382 in
1436 2353 1560 2383 eisdem
1575 2353 1708 2387 litteris,
1726 2352 1939 2390 paucissimis
1963 2352 2110 2385 mutatis,
2133 2360 2238 2389 usque
2253 2350 2272 2389 z]

1265 2406 1305 2436 ad
1318 2415 1377 2436 nos
1395 2406 1626 2444 appellationis
1641 2406 1769 2440 emisit;
1784 2405 1837 2435 cui
1850 2404 2124 2443 predictijudices
2137 2404 2274 2432 minime

1264 2459 1465 2494 detulerunt,
1486 2459 1594 2489 sedin
1611 2468 1710 2488 causa
1725 2462 1958 2496 processerunt
1977 2457 2100 2487 eadem.
2117 2456 2199 2487 Cum
2219 2465 2273 2485 au-

1265 2516 1329 2542 tem
1348 2511 1427 2541 dicti
1449 2512 1654 2541 vicecomitis
1678 2515 1870 2549 procurator
1891 2519 2001 2540 coram
2023 2510 2135 2539 eodem
2157 2517 2274 2547 propo-

1265 2564 1370 2594 suerit
1385 2564 1558 2599 cardinali,
1575 2564 1661 2602 quod
1675 2573 1740 2593 non
1757 2572 1794 2593 ex
1810 2563 1879 2592 illis
1895 2562 2006 2592 causis
2021 2571 2103 2600 quas
2118 2570 2273 2599 procura-

1265 2622 1314 2646 tor
1339 2617 1443 2655 partis
1469 2617 1607 2646 alterius
1630 2616 1855 2654 pretendebat,
1884 2615 2137 2653 appellationem
2161 2622 2274 2651 prose-

1265 2673 1422 2707 queretur
1439 2669 1589 2703 eandem,
1605 2669 1698 2698 vobis
1717 2668 1898 2698 direximus
1914 2667 2035 2704 scripta
2051 2671 2162 2695 nostra
2180 2670 2224 2699 ut,
2246 2665 2275 2694 si

1264 2722 1482 2761 dictijudices
1501 2722 1586 2761 [etc.,
1604 2727 1639 2751 ut
1657 2730 1765 2759 supra,
1786 2721 1819 2749 in
1837 2720 1961 2750 eisdem
1979 2719 2110 2750 litteris,
2129 2727 2233 2756 usque
2253 2717 2273 2756 z]

1264 2775 1423 2813 quicquid
1439 2780 1511 2813 post
1527 2774 1781 2812 appellationem
1798 2772 1989 2811 hujusmodi
2011 2771 2208 2800 inveniretis
2226 2775 2274 2799 te-

1262 2836 1352 2858 mere
1371 2832 1612 2865 attemptatum,
1632 2827 1667 2855 in
1685 2826 1798 2856 eadem
1821 2834 1921 2854 causa
1937 2825 2025 2853 infra
2042 2824 2123 2852 duos
2140 2831 2272 2852 menses

1264 2885 1337 2919 post
1361 2880 1604 2918 susceptionem
1623 2879 1809 2909 litterarum
1829 2882 2016 2907 nostrarum
2040 2875 2273 2914 procederetis,

1267 2933 1396 2963 ratione
1406 2933 1529 2971 previa,
1539 2933 1633 2971 Juxta
1644 2931 1829 2961 litterarum
1843 2929 2081 2960 continentiam
2094 2928 2133 2957 ad
2146 2927 2277 2957 eosdem

2123 2994 2152 3017 78
