2519 3518
115 290 151 320 69
950 279 1178 318 NEUVIEME
1200 278 1358 315 ANNEE.
2158 289 2194 317 τι]

185 355 303 384 2593
702 357 838 389 Pol—reuse,
853 356 870 383 2
885 355 948 390 juin
965 354 1043 382 1235.
1199 352 1279 379 bulla
1293 352 1459 386 praedictae
1472 354 1588 385 reginae
1602 355 1712 381 charta.
1726 368 1756 372 —
1769 354 1855 386 (Rea.
1868 354 1911 386 18,
1925 356 1944 380 f.
1957 354 1987 381 31
2001 358 2045 386 v·;
2060 363 2128 381 ann.
2143 355 2193 383 tx.

148 417 292 452 Episcopo
306 417 520 451 XVigorniensi,
536 418 572 445 de
587 418 687 445 eadem
704 426 734 445 re
749 418 890 450 scribens,
908 417 1028 444 mandat
1043 424 1115 450 qua-

112 468 212 498 tenus,
233 465 318 499 juxta
337 466 552 493 concessionem
569 466 776 500 apostolicam,
796 466 912 493 eosdem
935 465 1070 492 abbatem
1087 467 1116 490 et

112 516 302 546 conventum,
319 515 401 541 salvo
422 514 451 541 in
473 514 610 542 omnibus
633 515 726 548 ipsius
746 514 874 548 episcopi
896 514 974 547 jure,
991 513 1021 540 in
1037 513 1115 546 ojus-

112 561 180 589 dem
196 559 336 589 ecclesiae
352 562 561 597 possessionem
578 562 710 594 inducat,
729 571 794 589 cum
812 562 930 589 cesserit
949 562 996 588 vel
1015 561 1115 587 deces-

112 609 184 637 serit
208 610 332 637 clericus
358 610 561 645 supradictus;
588 611 719 644 alioquin
748 610 887 644 magistro
915 609 1053 644 J[ohanni
1080 609 1116 636 de

113 657 297 693 Ferentino]‚
313 659 491 686 subdiacono
513 662 541 686 et
561 659 712 693 capellano
732 667 792 692 suo,
813 658 1020 685 archidiacono
1038 658 1115 684 Nor-

111 706 250 740 wicensi,
272 707 334 742 ipse
354 715 430 742 papa
451 707 573 735 mandat
591 710 624 734 ut
646 707 676 734 id
697 710 881 742 exsequatur.
906 721 937 725 —
960 707 1047 738 (Rae.
1070 705 1114 738 18,

114 755 134 781 f.
151 755 185 782 30
199 758 245 787 v⁰;
261 763 331 782 ann.
349 755 401 789 IX,
418 764 442 782 c.
459 755 516 787 87.)

155 867 167 881 «
188 878 207 884 ..
225 856 359 893 episcopo
380 856 592 893 ltv’iyorniensi.
612 855 669 886 Pie
686 856 806 885 mentis
827 855 957 886 devotio
972 872 1020 883 —.
1039 855 1112 886 Dat.

113 907 255 943 Perusii,
270 912 307 938 ut
322 917 432 947 supra.
452 920 466 934 n

147 1026 248 1050 2594.
266 1039 294 1043 —
309 1026 460 1061 Scriptum
474 1030 517 1054 est
532 1035 618 1061 super
634 1028 701 1060 hoc,
719 1028 748 1054 in
765 1027 890 1054 eundem
907 1029 966 1054 fere
983 1027 1112 1055 modum.

110 1074 196 1100 eidem
211 1074 415 1101 archidiacono.

180 1262 296 1291 2595

146 1323 263 1351 Rectori
284 1326 312 1350 et
332 1323 473 1350 tratribus
493 1323 647 1357 hospitalis
664 1322 766 1349 Sancti
787 1323 936 1350 Francisci
958 1323 1113 1357 Pragensis

109 1371 215 1398 villan]
232 1372 386 1404 Rakscice,
401 1379 488 1406 quam
505 1371 546 1398 eis
562 1371 701 1403 Premizl,
716 1371 847 1398 marchio
860 1371 1022 1404 Moraviae,
1035 1371 1114 1398 filius

109 1420 206 1447 clarae
220 1420 378 1447 memoriae
389 1420 464 1454 regis
475 1419 646 1452 Bohemiae,
659 1420 833 1452 contulerat,
845 1419 1020 1446 auctoritate
1032 1428 1113 1454 apos<

110 1469 200 1496 tolica
219 1469 388 1502 confirmat,
402 1469 511 1496 inserto
527 1468 580 1496 sub
595 1477 648 1496 sua
662 1468 744 1495 bulla
757 1468 954 1495 instrumento
970 1469 1113 1503 praedicti

108 1517 305 1550 marchionis⁷
322 1526 389 1544 cum
406 1517 629 1544 confirmatione
643 1517 812 1544 XYenceslai
823 1538 829 1549 ‚
846 1517 921 1551 regis
941 1518 1112 1550 Bohemiae,

108 1566 252 1601 praedicti
274 1566 454 1593 marchionis
475 1566 584 1593 fratris.
601 1580 632 1584 —
649 1566 735 1596 (Rae.
753 1565 800 1597 18,
817 1567 836 1592 f.
851 1565 886 1592 30
900 1569 946 1597 v⁰;
967 1574 1036 1593 ann.
1054 1566 1111 1595 IX.

107 1623 132 1642 c.
147 1615 197 1647 88;
215 1630 246 1633 —
263 1615 395 1642 MOREAU
410 1614 490 1647 1190,
507 1616 527 1641 f.
544 1614 595 1647 46;
610 1629 642 1632 -
657 1615 813 1642 Por-masa·
825 1614 917 1646 9926.)

687 1262 822 1294 Pc'rouse‚
838 1261 872 1288 28
888 1262 947 1288 mai
964 1261 1041 1288 1235.

149 1727 162 1742 «
182 1739 201 1744 ..
219 1717 330 1745 rectori
345 1721 371 1745 et
389 1716 541 1751 fratribus
559 1716 718 1752 hospitalis
733 1716 840 1745 Sancti
856 1716 1014 1746 Francisci
1034 1718 1111 1746 Pra-

105 1769 215 1806 yemis.
231 1767 335 1798 Filius
350 1768 478 1798 Summi
492 1768 593 1805 Regis
605 1785 651 1796 ——.
667 1769 739 1797 Dat.
758 1768 898 1803 Pernsii,
912 1769 940 1798 V
953 1768 1110 1799 kalendas

102 1821 204 1859 junii,
222 1829 308 1850 anno
324 1829 420 1850 nono.
441 1833 454 1847 »

177 2008 322 2045 [259⁶]

143 2070 266 2106 [Charta
284 2079 353 2098 vero
375 2072 518 2106 praedicti
541 2072 670 2099 Premizl
690 2073 870 2099 marchionis
892 2073 935 2100 sic
954 2073 1062 2107 incipit
1081 2077 1110 2100 et

107 2119 218 2147 desinit
234 2118 253 2154 ε]

655 2011 784 2045 pragae,
797 2011 813 2038 2
829 2011 944 2038 octobre
959 2011 1037 2038 1234.

149 2232 162 2246 ιι
180 2221 249 2258 Ego
266 2220 470 2258 Premi[z]hl,
488 2220 549 2250 Dei
566 2220 671 2258 gratia
687 2220 835 2250 marchio
853 2221 1014 2257 Mol-avie,
1032 2221 1110 2251 hos-

108 2284 122 2300 »
146 2271 240 2310 pitali
261 2272 373 2302 Sancti
392 2272 561 2303 Francisci
577 2276 608 2302 et
626 2272 825 2311 pauperibus
844 2273 875 2302 in
893 2273 1004 2303 eodem
1022 2282 1110 2303 com-

109 2336 123 2352 »
146 2324 375 2359 manentibus,
402 2325 436 2354 in
464 2328 669 2363 perpet-uum.
696 2325 779 2355 Cum
805 2325 917 2355 deccat
943 2326 1110 2364 principa-

109 2389 122 2404 »
146 2376 211 2407 lem
227 2395 274 2406 —.
293 2378 372 2406 Acta
391 2381 498 2407 autem
521 2381 598 2406 sunt
618 2376 678 2406 hec
699 2386 785 2407 auno
811 2377 980 2407 Dominice
999 2379 1110 2408 Incar-

108 2441 122 2457 π
147 2429 293 2459 nationis
314 2429 617 2464 310CC0XXX1111⁰‚
635 2429 816 2459 indictione
832 2430 904 2460 VH.
930 2431 1003 2460 Dat.
1025 2431 1111 2468 apud

109 2494 123 2510 n
147 2483 302 2520 Pragam,
328 2491 387 2520 per
411 2490 545 2511 manum
571 2481 746 2511 Wilhelmi
771 2482 907 2517 notarii,
935 2483 980 2512 VI
1006 2491 1110 2512 nonas

108 2545 123 2561 u
147 2534 302 2564 octobris.
325 2546 337 2560 2>

176 2724 292 2753 259⁸?

141 2787 262 2814 Eisdem
277 2787 366 2814 villas
376 2787 413 2814 de
428 2786 580 2821 Glupetim
595 2789 624 2813 et
636 2786 672 2813 de
684 2786 811 2819 Boroti2‚
825 2794 892 2813 cum
905 2786 1043 2814 omnibus
1055 2787 1111 2813 vil-

105 2836 176 2863 lulis
191 2836 227 2863 ad
250 2844 298 2863 eas
318 2835 551 2870 pertinentibus,
572 2838 601 2862 et
621 2836 776 2862 ecclesiam
800 2835 903 2862 Sancti
925 2835 1022 2868 Petri,
1043 2843 1110 2862 cum

105 2884 188 2911 curia
207 2886 236 2911 et
255 2884 330 2912 villa
352 2885 387 2911 de
407 2884 526 2911 Ribunc
548 2883 690 2916 (Ribnick
700 2882 741 2915 ⁶2),
765 2892 836 2917 quas
857 2883 898 2910 eis
921 2883 1110 2916 Constantia,

107 2932 304 2960 Bohemorum
328 2933 443 2967 regina,
464 2933 642 2965 contulerat,
663 2932 832 2964 confirmat,
853 2931 962 2958 inserta
985 2931 1038 2958 sub
1060 2939 1111 2958 sua

684 2725 821 2757 Percuse,
838 2724 871 2751 18
888 2725 946 2752 mai
960 2725 1038 2752 1235.

1197 408 1222 426 c.
1239 400 1289 432 89;
1305 415 1335 418 —
1353 401 1508 428 ΡοπΗΛςτ
1520 402 1611 433 9913.)

1239 512 1251 527 α
1283 501 1412 530 Eisdem.
1448 501 1551 531 Filius
1583 502 1708 532 Summi
1736 502 1836 539 Regis
1864 519 1911 530 —.
1942 503 2015 532 Dat.
2047 503 2193 537 Perusii,

1196 553 1256 582 XV
1276 552 1433 583 kalendas
1447 553 1546 592 junii,
1565 562 1651 583 anno
1671 563 1766 584 nono.
1787 567 1799 580 η

1267 742 1406 778 [2598]

1231 803 1415 839 [Praedictae
1438 814 1505 832 vero
1521 805 1711 833 Constantine
1728 807 1844 840 reginae
1859 808 1961 834 charta
1982 807 2023 834 sic
2042 808 2147 843 incipit
2167 812 2195 836 et
2224 804 2227 806 ¹

1195 853 1304 880 desinit
1322 852 1341 888 :J

1742 745 1843 772 Brunn
1853 767 1860 778 ‚
1876 746 1909 773 12
1926 746 2032 773 fevricr
2045 747 2123 774 1235.

1236 966 1249 979 «
1267 954 1472 985 Constantia,
1491 954 1550 983 Dei
1568 955 1672 991 gratia
1689 955 1883 984 Boemorum
1902 955 2026 992 regina.
2042 956 2195 986 omnihus

1196 1017 1210 1032 n
1235 1005 1360 1036 Christi
1374 1006 1526 1035 fidelibus
1543 1016 1676 1044 presens
1689 1007 1845 1044 scriptum
1859 1007 2057 1045 inspecturis
2075 1009 2106 1037 in
2120 1018 2196 1038 vero

1196 1070 1209 1084 n
1236 1058 1373 1087 salutari
1412 1058 1564 1088 salutem.
1599 1059 1732 1088 Noverit
1771 1064 1834 1089 tam
1873 1069 2006 1097 presens
2038 1078 2084 1089 —.
2122 1062 2192 1091 Dat.

1196 1123 1209 1137 n
1236 1111 1382 1145 Brnnne,
1399 1120 1484 1139 anno
1501 1111 1633 1140 Domini
1655 1111 1902 1145 M⁰CC··xxxv‚
1922 1113 1952 1142 II
1977 1113 2049 1142 idus
2064 1114 2196 1143 februa-

1196 1175 1209 1189 »
1235 1163 1288 1191 rii.
1307 1163 1373 1192 Nos
1389 1168 1495 1191 autom
1515 1163 1719 1193 Ventizlaus.
1738 1172 1792 1193 rex
1810 1165 1875 1193 1111
1898 1164 2107 1200 Bet-morum,
2125 1174 2195 1195 om-

1197 1227 1209 1241 n
1235 1215 1289 1244 nia
1307 1215 1452 1253 predicta
1468 1225 1530 1253 que:
1547 1215 1685 1245 contulit
1700 1220 1804 1245 mater
1819 1221 1930 1246 nostra
1943 1234 1982 1238 —
1994 1217 2104 1254 sigillo
2120 1227 2196 1247 nos-

1197 1279 1210 1293 »
1236 1271 1283 1297 tre
1309 1267 1518 1297 celsitudinis
1543 1268 1683 1298 fecimus
1708 1268 1881 1306 insigniri,
1908 1269 2140 1299 confirmantes
2165 1275 2194 1299 ct

1196 1331 1210 1346 n
1235 1319 1427 1350 roborantes
1443 1319 1653 1350 donationem
1669 1320 1860 1358 predictam.
1883 1333 1895 1346 r>

1265 1516 1384 1545 2599

1230 1578 1413 1610 Gilbcrtum,
1432 1579 1641 1606 marescalcum
1658 1578 1798 1612 Angliae,
1816 1579 1954 1606 comitem
1970 1579 2005 1606 de
2022 1580 2194 1607 Pembrokv.

1193 1630 1221 1654 et
1234 1628 1403 1662 XValterum
1419 1628 1670 1660 Anselmumque,
1692 1628 1796 1653 fratres
1817 1625 1912 1661 [ejus]‚
1928 1627 2060 1654 decernit
2080 1637 2135 1655 non
2153 1634 2195 1655 te-

1193 1676 1255 1703 neri
1273 1676 1309 1703 ad
1324 1676 1543 1702 observantiam
1561 1675 1713 1709 cujusdam
1729 1675 1890 1709 juramenti
1906 1676 1981 1710 quod
2001 1684 2050 1703 rex
2071 1678 2196 1711 Angliae

1192 1724 1228 1751 ab
1248 1725 1290 1751 cis
1305 1727 1482 1751 extorserat.
1504 1727 1531 1750 et
1549 1724 1732 1758 postmodum
1755 1724 1796 1750 eis
1816 1724 1977 1751 remiserat.
2001 1740 2031 1743 —
2048 1726 2133 1755 (lieo.
2152 1727 2194 1752 1⁸.

1192 1774 1212 1800 f.
1230 1773 1262 1799 32
1279 1776 1318 1803 r“:
1333 1781 1402 1799 ann.
1421 1773 1473 1804 IX.v
1488 1782 1512 1799 c.
1530 1772 1586 1803 90.)

1785 1517 1920 1549 Pe'rouse=
1934 1518 1951 1544 2
1965 1518 2029 1551 juin
2046 1518 2124 1545 1235.

1233 1887 1245 1900 u
1264 1874 1363 1902 Nobili.
1380 1875 1444 1902 riro
1464 1874 1602 1905 Gilberlo,
1622 1874 1802 1902 mnescalco
1821 1874 1881 1910 (sic-j
1902 1874 2025 1910 staffile,
2043 1876 2147 1903 comm
2163 1876 2195 1903 αἰ

1190 1926 1366 1960 Pembrocli,
1389 1926 1513 1954 trucem-0
1529 1931 1555 1954 et
1570 1927 1718 1960 Anselmo,
1737 1926 1897 1961 fratribus.
1918 1925 1963 1954 Ex
1978 1930 2070 1963 parte
2086 1931 2195 1956 vestra

1190 1978 1254 2008 fuit
1271 1986 1375 2016 nuper
1388 1978 1591 2015 propositum
1606 1986 1714 2007 coram
1729 1977 1824 2007 nobis
1839 1977 1935 2016 quod,
1952 1986 2026 2007 cum
2040 1987 2097 2015 per
2108 1978 2194 2008 Iber-

1191 2031 1325 2061 nienses
1350 2030 1483 2060 fueritis
1507 2030 1639 2065 castris,
1667 2030 1763 2059 terris
1787 2034 1816 2059 et
1844 2029 1919 2059 aliis
1943 2030 2136 2060 tenimentis
2160 2031 2193 2059 in

1191 2083 1324 2114 Ibernia
1344 2083 1550 2118 constitutis,
1571 2082 1610 2112 ad
1634 2092 1689 2111 vos
1706 2082 1906 2112 hereditario
1923 2083 1998 2121 jme
2015 2083 2195 2120 spectanti-

1190 2135 1268 2170 bus,
1289 2140 1402 2165 contra
1421 2135 1587 2173 justitiam
1613 2135 1777 2169 destituti,
1803 2134 1932 2164 tandem
1951 2135 2144 2165 carissimus
2159 2135 2194 2164 in

1191 2187 1324 2218 Christo
1349 2187 1438 2217 filius
1464 2192 1576 2217 noster
1597 2210 1617 2216 ..
1642 2187 1784 2217 illustris
1806 2196 1862 2217 rex
1885 2187 2018 2225 Anglie,
2039 2187 2079 2216 ad
2101 2188 2194 2227 cujus

1191 2240 1393 2278 presentiam
1409 2240 1515 2270 vocati
1529 2240 1653 2270 fuistis.
1669 2249 1726 2278 per
1741 2248 1874 2277 gravem
1887 2244 2010 2269 metum
2024 2244 2055 2269 et
2068 2239 2195 2270 violen-

1191 2294 1287 2328 tiam,
1303 2293 1529 2332 juramentum
1547 2297 1576 2322 ct
1601 2292 1836 2329 obligationem
1860 2293 2024 2331 quandam
2047 2302 2064 2322 a
2086 2293 2193 2323 vobis.

1191 2345 1414 2376 renitentibus
1435 2350 1463 2375 et
1490 2346 1617 2376 invitis.
1641 2346 1792 2379 extorsit,
1819 2346 1853 2374 in
1878 2350 2061 2375 vestrarum
2084 2355 2192 2375 rerum

1192 2407 1257 2428 non
1288 2398 1451 2428 modicum
1481 2398 1713 2428 detrimentum
1731 2408 1736 2433 ;
1766 2398 1822 2436 qni
1847 2398 2067 2435 postmodum,
2097 2406 2194 2436 super

1192 2451 1382 2489 gravamine
1400 2451 1491 2480 voltis
1507 2450 1599 2480 illato
1621 2450 1800 2480 clementer
1819 2450 2020 2488 recogitans,
2039 2459 2119 2480 usus
2138 2450 2194 2480 hc-

1192 2502 1379 2533 nevolentia
1397 2507 1427 2532 ct
1444 2502 1560 2532 ductus
1577 2502 1715 2532 consilio
1734 2502 1871 2536 saniori,
1889 2502 2008 2532 dictam
2025 2502 2193 2539 obligatio-

1191 2565 1267 2586 nem
1303 2555 1448 2590 remisit,
1488 2564 1559 2585 cam
1591 2564 1648 2593 per
1686 2564 1762 2584 suas
1797 2559 1947 2592 patentes
1976 2554 2103 2584 litteras
2141 2564 2194 2584 re-

1190 2608 1331 2638 laxando
1346 2625 1393 2636 —.
1411 2607 1503 2644 Quod
1520 2607 1560 2637 ab
1577 2607 1690 2637 eodem
1706 2616 1782 2644 rege
1797 2611 1862 2636 tam
1877 2606 1930 2645 pie
1947 2615 2044 2645 quam
2059 2607 2192 2644 provide

1192 2669 1291 2699 super
1319 2660 1380 2690 hoc
1405 2660 1529 2689 factum
1551 2665 1610 2693 est,
1635 2664 1764 2697 gratum
1786 2659 1962 2693 habentes,
1989 2659 2190 2697 presentium

1192 2713 1386 2744 auctoritate
1403 2713 1611 2743 decernimus
1628 2721 1684 2742 vos
1703 2712 1742 2742 ad
1758 2712 1842 2741 dicte
1861 2711 2072 2749 obligationis
2093 2716 2122 2741 et
2138 2711 2192 2750 ju-

1192 2767 1334 2797 ramenti
1363 2766 1608 2796 observantiam
1636 2770 1708 2804 post
1739 2765 1967 2795 remissionem
2003 2764 2191 2803 hujusmodi

1193 2830 1258 2851 non
1271 2821 1386 2851 teneri.
1399 2820 1491 2851 Nulli
1504 2829 1580 2858 ergo
1593 2820 1680 2859 [cto]
1695 2824 1805 2849 nostre
1819 2819 2066 2848 constitutionis
2080 2823 2140 2848 etc.
2157 2819 2190 2848 Si

1193 2873 1268 2912 quis
1291 2878 1400 2903 autem
1423 2878 1483 2903 etc.
1505 2873 1579 2902 Dat.
1603 2872 1749 2902 Perusii-
1778 2872 1844 2901 1111
1867 2880 1970 2901 nonas
1987 2870 2086 2909 junii.
2106 2879 2192 2900 anno

1195 2935 1292 2956 nono.
1308 2938 1320 2952 ι)
