2423 3487
184 290 239 321 431
909 291 1149 322 REGISTRES
1171 291 1227 321 DE
1249 286 1471 323 GREGOIRE
1494 294 1552 323 IX.
2223 297 2282 328 432

183 356 261 385 iniit
291 356 330 385 de
361 356 542 385 mutuanda
569 356 634 385 sibi
667 365 724 394 pro
757 357 829 394 ipso
865 356 1017 395 episcopo
1048 357 1191 396 quadam

182 408 323 447 pecunie
343 409 542 446 quantitate,
563 409 703 446 receptis
725 409 765 438 ab
787 418 825 439 eo
842 409 964 439 litteris
985 410 1188 448 compositis,

182 460 322 499 predicti
348 461 491 498 episcopi
518 461 663 495 nomine,
690 461 728 491 de
753 466 867 491 mutuo
894 462 1130 498 contrahendo,
1159 468 1191 493 et

182 513 324 551 quadam
341 513 401 542 sub
419 513 490 551 ejus
507 513 617 551 sigillo
631 513 746 543 cedula
762 523 876 547 vacua,
892 515 1069 545 detinenda
1087 516 1189 546 (101166

182 565 248 595 sibi
274 574 372 602 super
392 570 522 603 recepto
545 570 659 595 mutuo
682 567 922 597 testimoniales
944 567 1072 598 litteras
1096 569 1190 598 exhi-

181 617 284 647 beret.
305 618 343 647 Et
362 617 439 647 licet
459 618 667 656 postmodum
689 619 777 649 inter
795 620 903 658 ipsum
924 621 961 650 B.
982 625 1011 650 et
1029 622 1189 660 quosdam

180 669 316 699 nuntios
340 669 419 699 dicti
443 670 605 708 episcopi,
629 671 750 701 falsum
775 677 1020 710 procuratorem
1046 675 1188 704 eundem

178 721 337 752 clericum
354 727 560 757 asserentes,
579 728 650 753 orta
666 725 850 760 contentio,
872 735 970 764 super
987 736 1024 756 eo
1045 728 1132 766 quod
1148 728 1188 757 ab

178 774 250 813 ipso
264 775 302 804 B.
320 775 423 805 dictas
435 775 563 806 litteras
579 781 609 806 et
621 777 771 806 cedulam
787 778 990 816 repetebant,
1009 780 1115 817 sopita
1130 789 1188 818 per

180 850 200 856 ..
218 827 371 858 abbatem
388 828 425 858 de
442 829 584 867 Nigella,
604 830 724 859 balivis
736 830 907 860 karissimi
925 832 959 861 in
976 832 1109 863 Christo
1125 833 1187 863 filii

177 881 283 910 nostri
313 903 330 909 ..
365 880 507 911 illustris
532 882 620 919 regis
651 883 811 916 Navarre,
838 885 968 914 comitis
992 885 1184 924 Campanie,

176 933 404 971 presentibus,
427 934 608 969 extitisset,
634 935 734 973 iidem
760 940 868 966 tamen
895 937 996 966 balivi
1015 938 1055 967 ab
1074 938 1131 968 illo
1147 939 1186 969 de

175 986 394 1024 comparendo
406 996 516 1016 coram
528 988 640 1017 eodem
656 997 731 1026 rege
744 993 832 1019 certo
845 991 986 1020 termino
998 992 1185 1022 cautionem

173 1038 418 1078 fidejussoriam
441 1044 666 1075 extorserun13
688 1051 785 1080 quem
810 1043 941 1073 tandem
963 1044 1003 1073 ad
1023 1045 1094 1083 ejus
1111 1055 1185 1083 pre-

174 1092 318 1122 sentiam
335 1093 556 1128 accedentem,
574 1094 718 1124 vinculis
735 1095 854 1125 ferreis
872 1095 1055 1134 alligatum,
1074 1107 1184 1128 carce-

174 1144 237 1174 rali
249 1145 1183 1188 fecitcustodiemancipari.eideminsupersuspendium

172 1197 422 1233 comminando,
446 1199 540 1237 cujus
563 1204 670 1229 metus
693 1201 883 1236 occasione,
907 1202 998 1232 mille
1018 1213 1075 1241 pro
1096 1213 1129 1234 se
1147 1214 1182 1234 ac

173 1249 255 1289 [pro]
270 1251 410 1280 consilio
425 1260 484 1281 suo
501 1252 660 1282 ducentas
675 1253 777 1283 libras
793 1254 1030 1295 denar[iorum]
1046 1258 1182 1287 fortium

172 1303 204 1333 ei
220 1303 283 1332 fuit
305 1303 461 1334 exhibere
484 1310 633 1340 coactus,
659 1311 687 1336 et
708 1312 855 1344 prestare
880 1314 1030 1346 preterea
1055 1311 1093 1340 de
1117 1321 1182 1341 non

170 1357 349 1394 repetenda
378 1357 450 1395 ipsa
475 1359 614 1395 pecunia
646 1360 850 1396 cautionem3
883 1368 1013 1400 propter
1039 1365 1125 1402 quod
1152 1365 1182 1395 ei

172 1409 355 1439 direximus
379 1411 501 1448 scripta
522 1416 635 1441 nostra
657 1417 708 1441 ut.
734 1422 790 1450 pro
811 1416 996 1445 reverentia
1021 1421 1132 1447 nostra
1151 1422 1182 1447 et

170 1462 296 1493 honore
313 1472 383 1498 suo,
400 1464 589 1493 restitueret
608 1469 637 1494 et
652 1466 783 1495 restitui
802 1467 924 1498 faceret
942 1470 1115 1506 pecuniam
1134 1472 1182 1501 sic

169 1520 343 1550 extortam,
364 1516 401 1546 de
419 1518 572 1554 expensis
590 1523 619 1547 et
637 1518 789 1556 dampnis
802 1530 865 1558 que
882 1527 1013 1560 propter
1028 1523 1089 1553 hoc
1107 1533 1181 1553 sus-

170 1568 355 1604 tinuerant,
379 1570 607 1600 satisfactione
632 1581 776 1609 congrua
795 1573 1026 1611 impendenda,
1048 1580 1078 1605 et
1096 1576 1180 1607 bone

169 1622 330 1652 memorie
347 1646 366 1651 ..
385 1623 579 1653 Belvacensi
595 1624 747 1663 episcopo
760 1626 821 1654 sub
837 1631 924 1656 certa
942 1628 1046 1657 forma
1060 1629 1181 1660 litteris

171 1675 364 1713 apostolicis
386 1675 579 1711 destinatis;
605 1678 698 1715 cujus
721 1678 891 1713 officialis,
923 1681 976 1709 cui
1000 1690 1098 1719 super
1120 1682 1181 1712 hoc

170 1728 383 1757 commiserat
397 1728 483 1757 idem
502 1729 675 1767 episcopus
693 1730 838 1760 totaliter
854 1732 943 1761 vices
961 1742 1048 1763 suas.
1067 1735 1179 1764 eodem

169 1782 273 1817 rege¹
299 1781 333 1809 in
359 1781 449 1811 mille
474 1781 569 1811 libris
592 1783 868 1813 Proveniensium
886 1786 1019 1815 sortium
1043 1797 1099 1825 per
1116 1788 1181 1818 dis-

169 1832 334 1862 finitivam
353 1835 569 1869 sententiam,
589 1836 739 1872 exigente
753 1837 904 1875 justitia.
924 1838 1178 1877 condempnato,

167 1885 205 1915 in
236 1895 430 1924 personam,
463 1896 537 1916 cum
568 1888 779 1918 diffinitivant
811 1899 942 1920 servare
974 1900 1038 1920 11011
1070 1893 1178 1927 vellet,

168 1939 538 1975 excommunicationis,
558 1946 587 1970 et
609 1941 643 1969 in
663 1947 783 1971 terram
800 1952 893 1972 suam
914 1943 1083 1974 interdicti
1103 1955 1180 1975 sen-

168 1992 291 2021 tentias
312 1992 545 2030 promulgavit.
570 1993 719 2032 Cumque
743 2018 762 2023 ..
786 1995 887 2025 abbas
908 1997 1125 2035 Longipontis
1149 2004 1180 2029 et

167 2044 359 2083 conjudices
383 2045 446 2076 5111,
474 2046 622 2084 deputati
645 2052 895 2078 conservatores
919 2058 937 2078 a
962 2050 1058 2080 nobis
1081 2060 1180 2090 super

167 2105 326 2127 concessa
345 2098 392 2133 ei,
410 2102 445 2127 ut
462 2099 594 2135 (11611111,
617 2108 634 2129 a
652 2100 734 2130 Sede
751 2101 941 2138 Apostolica
956 2102 1176 2141 indulgentia,

165 2153 202 2179 ut
221 2149 333 2179 nullus
353 2150 505 2181 videlicet
523 2152 596 2182 sine
620 2153 798 2183 manifesta
821 2158 852 2183 et
870 2155 1062 2185 rationabili
1079 2166 1178 2187 causa

165 2203 202 2232 in
217 2202 328 2241 ipsum
344 2212 380 2232 ac
397 2207 517 2233 terram
534 2205 640 2242 ipsius
660 2207 1013 2237 excommunicationis
1031 2213 1060 2238 et
1078 2210 1177 2240 inter-

165 2255 246 2285 dicti
267 2256 451 2286 sententias
472 2257 589 2287 audeat
614 2258 835 2297 promulgare,
860 2269 920 2289 nec
943 2270 1009 2291 non
1033 2285 1052 2290 ..
1076 2263 1177 2293 abbas

164 2308 272 2339 Vallis
298 2309 428 2339 Secrete
455 2318 491 2339 ac
518 2310 589 2348 ejus
616 2311 756 2348 college,
786 2316 936 2350 pretextu
959 2315 1195 2352 quarumdam,

162 2360 351 2391 litterarum
369 2367 569 2398 nostrarum,
586 2373 668 2402 quas
680 2364 768 2394 idem
780 2374 835 2394 rex
849 2365 1177 2405 diciturimpetrasse

163 2422 265 2452 super
281 2423 318 2444 eo
333 2419 406 2449 eto,
424 2420 459 2444 ut
473 2424 583 2453 511913.
598 2426 703 2455 usque
719 2427 724 2445 :
738 2418 939 2455 proponebat
952 2424 1088 2455 extorta,
1102 2430 1177 2459 pro-

162 2475 295 2497 cessum
311 2468 462 2498 officialis
483 2469 589 2507 ipsius
607 2470 644 2499 de
663 2470 764 2504 facto,
783 2475 817 2500 ut
835 2476 1003 2508 asserunt,
1023 2482 1176 2505 revocas-

163 2525 256 2555 sent,
287 2520 454 2551 instanter
481 2522 637 2560 petebant
673 2532 691 2552 a
720 2524 816 2553 nobis
846 2529 897 2559 ut,
932 2534 996 2555 non
1025 2526 1176 2559 obstante

161 2573 373 2604 revocatione
408 2574 620 2614 hujusmodi,
661 2580 818 2615 tanquam
856 2577 928 2615 ipso
960 2578 1035 2617 jure
1066 2580 1174 2616 nulla,

161 2626 349 2656 faceremus
366 2627 498 2657 easdem
518 2628 702 2658 sententias
726 2638 831 2668 usque
852 2630 892 2659 ad
911 2632 1175 2664 satisfactionem

160 2679 361 2717 condignam
385 2680 614 2719 sollempniter
635 2682 810 2720 publicari.
830 2684 915 2720 Quia
935 2694 1013 2716 vero
1034 2687 1176 2717 eundem

159 2740 274 2770 regem
296 2737 370 2768 etc.‚
389 2737 425 2762 ut
446 2742 562 2771 supra,
581 2743 686 2773 usque
705 2745 711 2763 :
730 2735 899 2766 inclinari.
919 2738 1015 2769 Unde
1039 2739 1175 2770 celsitu-

160 2784 272 2815 dinem
288 2787 301 2805 2
325 2794 421 2816 suam
450 2795 623 2825 rogamus,
648 2787 821 2819 hortamur
846 2794 944 2829 atque
967 2792 1174 2824 consulimus

191 2909 212 2934 ί.
228 2913 278 2935 Ms.
295 2919 303 2934 .·
319 2911 436 2934 eundem
454 2918 556 2942 regem.

188 2953 213 2977 2.
229 2956 280 2978 Ms.
297 2963 304 2977 .·
319 2954 528 2979 cessitudiuem.

1272 362 1308 387 ut
1323 357 1384 388 hac
1401 359 1471 388 vice
1488 359 1526 389 de
1542 360 1694 397 pecunia,
1713 361 1865 399 expensis
1883 370 1919 391 ac
1937 361 2089 400 dampnis
2109 363 2280 401 predictis,

1273 411 1456 440 secundum
1491 412 1639 449 priorum
1668 412 1855 443 litterarum
1887 418 2076 444 nostrarum
2112 419 2277 450 tenorem,

1272 472 1346 493 cum
1363 463 1395 492 id
1411 463 1529 493 honori
1553 473 1612 494 5110
1628 465 1818 501 conveniat,
1835 470 1968 504 propter
1986 467 2073 505 quod
2095 472 2125 497 et
2146 467 2208 497 tibi
2224 477 2278 498 ex-

1271 516 1360 553 pedit
1377 520 1407 546 et
1427 525 1486 546 nos
1500 516 1651 546 volumus
1668 517 1754 556 quod
1775 518 1898 548 nostris
1917 519 2106 557 acquiescat
2127 520 2281 551 exhorta-

1272 567 1418 598 tionibus
1440 572 1470 598 et
1493 569 1644 599 consiliis
1669 569 1788 600 totiens
1813 570 2006 606 inculcatis,
2032 572 2160 602 civibus
2180 573 2278 603 satis-

1271 621 1371 651 faciat
1397 621 1612 659 supradictis,
1634 622 1681 652 ita
1707 623 1793 661 quod
1812 628 1843 653 et
1865 632 1936 659 nos,
1959 625 2016 663 (1111
2040 629 2169 662 gratum
2192 625 2278 664 [hoc]

1270 674 1469 704 habebimus
1485 674 1666 713 plurimum
1684 680 1714 705 et
1729 680 1910 715 acceptum,
1930 686 2001 707 esse
2020 678 2083 716 ipsi
2100 678 2278 709 debeamus

1269 732 1402 765 propter
1423 727 1484 757 hoc
1507 728 1695 766 specialiter
1716 729 1750 758 in
1777 729 1848 759 suis
1869 730 2149 768 oportunitatibus
2173 731 2279 769 magis

1268 780 1469 810 favorabiles
1488 785 1518 810 et
1534 781 1683 819 benigni,
1704 790 1741 811 ac
1756 782 1876 820 prefati
1890 783 2031 812 Romani
2048 783 2088 813 ad
2104 792 2163 814 nos
2180 792 2281 822 super

1270 842 1306 863 eo
1318 833 1438 863 iterare
1451 833 1694 871 querimoniam
1707 843 1771 864 non
1785 839 1955 871 cogantur,
1969 835 2274 875 quibusjustitiam,

1268 886 1303 915 in
1335 895 1399 924 qua
1429 895 1545 916 sumus
1582 886 1737 916 omnibus
1774 887 1939 918 debitores
1970 893 2000 918 et
2031 893 2144 918 contra
2178 898 2278 927 quam

1268 939 1396 968 deferre
1423 938 1523 968 alicui
1546 948 1611 969 non
1640 939 1813 975 debemus,
1841 950 1906 970 non
1933 950 2104 979 possemus
2133 941 2276 972 ulterius

1268 992 1442 1029 denegare.
1459 992 1621 1028 Quocirca
1634 993 1830 1023 mandamus
1847 999 2011 1032 quatenus
2025 995 2148 1024 dictum
2165 1003 2276 1033 regem

1268 1045 1308 1074 ad
1324 1045 1358 1074 id
1375 1045 1534 1075 attentius
1552 1054 1686 1076 moneas
1703 1051 1734 1076 61
1750 1046 1901 1076 inducas.
1919 1048 1992 1077 Dat.
2014 1049 2132 1082 Reate,
2151 1049 2183 1078 II
2201 1047 2278 1078 idus

1263 1098 1352 1137 julii,
1372 1108 1458 1128 anno
1477 1099 1614 1128 decimo.
1635 1111 1647 1124 ι)

1338 1305 1455 1332 :3224

1302 1367 1446 1401 Episcopo
1460 1367 1665 1400 Praenestino,
1680 1368 1840 1402 apostolico
1854 1369 1959 1401 legato,
1975 1371 2136 1394 memorata
2151 1367 2277 1402 epistola

1265 1424 1353 1450 supra
1369 1415 1423 1442 sub
1439 1424 1560 1442 numero
1575 1416 1646 1442 2900
1661 1419 1761 1442 notata
1777 1419 1858 1447 (ann.
1874 1417 1927 1449 tx,
1942 1425 1966 1443 6.
1982 1417 2055 1449 333),
2070 1416 2193 1443 mandat
2206 1424 2275 1450 qua-

1266 1467 1351 1491 tonus
1369 1465 1519 1491 Vitestum
1537 1468 1564 1491 et
1581 1465 1723 1492 Izolinum
1741 1465 1776 1491 (16
1792 1466 1886 1492 Ponte
1908 1465 2023 1498 Carali,
2038 1466 2088 1499 qui
2110 1465 2139 1491 in
2161 1465 2274 1500 episco-

1265 1522 1334 1547 pum
1353 1513 1580 1546 Pcrgameusem
1591 1535 1597 1545 ,
1614 1513 1649 1539 de
1669 1513 1808 1540 mandato
1824 1513 1984 1547 apostolico
2001 1513 2037 1540 ad
2060 1513 2272 1540 monasterium

1266 1563 1393 1589 Sanctae
1409 1563 1592 1596 Euphemiae
1610 1562 1775 1589 Brixiensis
1789 1562 1988 1594 accedentem,
2004 1565 2031 1589 et
2047 1562 2075 1588 in
2094 1562 2156 1595 ojus
2169 1562 2274 1589 conde-

1265 1613 1373 1645 legatos
1388 1620 1453 1637 cum
1469 1612 1576 1645 gladiis
1591 1614 1617 1638 et
1634 1611 1784 1645 lapidibus
1801 1611 1958 1644 irruerant,
1978 1614 2006 1638 ct
2023 1612 2058 1638 R.
2074 1611 2109 1637 (16
2123 1611 2272 1645 Rodengo,

1265 1668 1350 1693 quem
1370 1660 1426 1686 sibi
1444 1660 1522 1686 idem
1539 1660 1707 1694 6915609115,
1725 1660 1761 1686 ad
1783 1660 1861 1686 idem
1881 1660 2056 1686 mandatum
2076 1659 2271 1693 apostolicum

1265 1708 1500 1742 exsequendum,
1518 1708 1730 1740 associaverat,
1747 1709 1956 1739 vulnerarant,
1971 1716 2063 1741 usque
2084 1707 2118 1733 ad
2136 1707 2274 1734 satisfac-

1265 1757 1374 1783 tionem
1399 1757 1575 1790 coudignam
1594 1757 1866 1783 excommunicatos
1888 1756 2022 1787 nuntiem
2046 1756 2089 1783 F..
2107 1755 2273 1789 praedicto-

1264 1814 1328 1832 rum
1346 1805 1455 1832 Yitesti
1471 1811 1495 1831 ot
1513 1805 1615 1832 Izolini
1632 1806 1764 1836 tratrem,
1778 1805 1917 1831 rebellem
1936 1804 1966 1830 in
1987 1805 2035 1836 A.‚
2051 1804 2196 1838 praedicti
2209 1812 2272 1830 mo-

1264 1854 1386 1881 nasterii
1399 1854 1593 1886 abb:1tcm,a‹l
1609 1854 1807 1888 praesentiam
1820 1853 2012 1887 apostolicam
2027 1853 2213 1879 transmittat
2224 1860 2230 1884 ;
2243 1856 2272 1879 et

1264 1906 1437 1938 potestatem
1452 1903 1638 1929 Brixicnsem
1652 1903 1811 1937 compellat
1827 1905 1859 1929 ut
1874 1901 2088 1935 fidejussoriam
2102 1901 2269 1928 cautionem

1264 1960 1351 1986 quam
1369 1960 1384 1978 a
1401 1952 1577 1985 quibusdam
1593 1951 1757 1983 militibus,
1775 1951 1825 1985 qui
1842 1950 1993 1985 praedicto
2009 1950 2144 1984 episcopo
2161 1950 2271 1984 Perga—

1264 2001 1359 2027 meusi
1376 2000 1522 2027 auxilium
1539 2000 1759 2035 praestiterant,
1775 2002 1947 2032 extorserat,
1963 2002 1996 2026 ut
2012 1999 2105 2033 ipsius
2121 1998 2272 2026 mandatis

1263 2052 1409 2084 parerent,
1427 2050 1549 2075 relaxet.
1568 2063 1598 2066 —
1616 2049 1703 2082 (Hm,
1718 2048 1762 2081 18,
1780 2049 1800 2075 f.
1818 2048 1869 2075 175
1886 2051 1923 2080 r⁰;
1940 2056 2010 2074 ann.
2027 2047 2067 2080 X,
2085 2046 2199 2078 c.146.)

1842 1306 1942 1339 Terni,
1959 1306 1994 1333 1‘Y
2009 1306 2109 1340 juillet
2124 1306 2203 1333 1236.

1303 2176 1316 2191 «
1341 2188 1359 2193 ..
1381 2165 1515 2201 episcopo
1536 2163 1729 2199 penestrina,
1751 2162 1916 2199 Apostolice
1935 2162 2020 2191 Sedis
2038 2162 2142 2198 leqczto.
2160 2161 2272 2190 Vene-

1260 2216 1360 2246 rabili
1379 2217 1482 2246 fratre
1506 2220 1618 2245 nostro
1641 2238 1660 2244 ..
1681 2214 1851 2244 Brixiensi
1872 2214 2025 2252 episcopo
2050 2213 2129 2243 olim
2146 2213 2272 2252 accepi-

1260 2278 1334 2299 mus
1352 2269 1529 2298 intimante
1546 2268 1644 2307 quod,
1664 2272 1801 2297 vacante
1818 2267 2021 2297 monasterio
2038 2267 2157 2298 Sancte
2173 2266 2270 2296 Euse-

1260 2322 1325 2352 mie
1362 2321 1568 2356 Brixiensis,
1605 2330 1663 2351 sue
1692 2321 1957 2360 jurisdictionis,
1993 2320 2097 2359 quod,
2136 2323 2271 2358 propter

1260 2375 1423 2405 malitiam
1447 2374 1711 2404 inhabitantium
1733 2374 1768 2403 in
1792 2374 1921 2408 eodem,
1948 2373 2091 2403 nimium
2113 2372 2148 2402 in
2168 2371 2268 2410 spiri-

1260 2428 1406 2458 tualibus
1424 2432 1455 2457 et
1472 2427 1709 2466 temporalibus
1723 2431 1773 2456 est
1789 2426 1986 2464 collapsum,
2004 2424 2160 2455 monachi
2179 2425 2268 2464 ejus-

1259 2482 1333 2512 dem
1357 2484 1553 2519 potestatem
1578 2479 1642 2509 sibi
1668 2479 1863 2518 providendi
1890 2479 1929 2508 de
1955 2478 2072 2508 abbate
2098 2478 2133 2507 in
2157 2477 2267 2516 ipsum

1258 2534 1465 2564 unanimiter
1490 2532 1711 2562 contulerunt.
1739 2531 1819 2568 Qui,
1848 2531 2002 2569 diligenti
2027 2529 2268 2560 deliberatione

1258 2586 1449 2626 prehabita,
1472 2586 1511 2616 de
1532 2585 1651 2615 dilecto
1672 2584 1740 2614 filio
1762 2585 1812 2621 A.‚
1836 2583 1998 2614 monacho
2018 2583 2131 2614 Sancti
2158 2581 2266 2617 Pauli,

1259 2639 1492 2671 Cluniacensis
1509 2638 1646 2674 ordinis,
1665 2638 1736 2667 viro
1758 2627 1895 2676 provido
1917 2641 1947 2667 et
1965 2636 2115 2672 honesto,
2135 2644 2193 2673 per
2209 2643 2269 2664 cu—

1254 2692 1310 2732 jus
1326 2691 1526 2721 industriam
1548 2690 1789 2721 monasterium
1813 2690 1959 2720 creditur
1981 2689 2017 2719 in
2036 2693 2158 2719 statum
2174 2687 2268 2717 debi-

1258 2750 1327 2775 tum
1343 2744 1530 2779 reformari,
1550 2744 1585 2773 in
1602 2748 1767 2782 pastorem
1785 2743 1930 2781 providit
1946 2742 2072 2776 eidem;
2092 2740 2179 2780 quod
2196 2749 2268 2770 om-

1258 2808 1316 2829 nes
1341 2797 1482 2837 predicti
1508 2797 1683 2832 monachi,
1714 2800 1824 2835 preter
1851 2795 2016 2834 quendam
2045 2802 2196 2832 puerum,
2228 2793 2264 2823 F.

1256 2851 1403 2886 nomine,
1428 2850 1485 2889 qui
1507 2850 1548 2880 ad
1567 2850 1674 2888 ipsius
1697 2848 1846 2887 regimen
1867 2855 2065 2886 prepropere
2082 2845 2263 2885 aspirabat,

1255 2903 1442 2934 voluntarie
1462 2906 1691 2941 acceptarunt,
1716 2901 1941 2932 obedientiam
1964 2899 2028 2930 sibi
2052 2903 2083 2930 et
2106 2906 2264 2929 reveren-

1255 2957 1335 2986 tiam
1357 2956 1600 2995 impendentes.
1627 2954 1691 2985 Sed
1715 2954 1804 2985 idem
1825 2955 1874 2989 F.,
1898 2962 1955 2992 per
1983 2961 2018 2983 se
2041 2961 2078 2982 ac
2102 2951 2263 2991 quosdam
