2423 3487
187 272 239 301 111
905 266 1142 298 REGISTRES
1164 264 1219 294 DE
1242 255 1463 293 GREGOIRE
1487 264 1545 292 IX.
2219 262 2275 291 112

189 348 203 363 ι»
229 336 364 370 actoris;
384 335 546 373 siquidem
564 334 603 363 ad
621 334 806 363 elidendam
822 334 919 363 fidem
938 331 1104 370 privilegii
1120 338 1183 359 me-

189 400 202 414 „
228 387 355 418 morati,
371 386 458 416 aliud
472 386 682 424 privilegium
697 386 843 425 ejusdem
859 384 998 415 Romani
1014 382 1184 413 Pontificis

188 453 202 467 »
227 445 258 470 et
276 439 366 469 aliud
385 438 508 468 domini
525 438 702 468 Alexandri
726 447 806 476 pape
830 437 966 467 secundi
983 435 1131 466 exhibuit.
1149 434 1183 463 10

187 505 202 519 ι)
223 492 348 531 judicio
364 500 438 529 pars
458 499 599 520 reorum.
619 490 722 528 Super
739 490 859 528 quibus
876 489 1060 527 privilegiis
1077 491 1107 517 et
1125 492 1185 517 tes-

187 557 201 571 »
227 544 314 573 tibus
330 543 407 572 hinc
431 543 505 571 inde
522 542 688 580 productis
711 551 785 571 cum
808 542 863 571 diu
880 542 997 570 fuisset
1014 541 1048 569 in
1073 544 1184 569 nostra

187 608 201 622 ι»
226 595 392 634 presentia
418 595 572 632 utrinque
599 604 616 623 a
648 595 798 632 partibus
829 594 1010 631 litigatum,
1039 593 1185 630 ipsorum

187 660 200 675 n
225 648 471 686 privilegiorum
495 647 604 676 verbis
627 646 802 684 diligenter
825 646 994 684 inspectis,
1013 654 1050 674 ex
1073 653 1185 673 eorum

225 699 429 737 inspectione
460 698 737 736 deprehendimus
766 699 941 727 manifeste
978 697 1065 735 quod
1098 696 1184 726 idem

224 753 376 781 dominus
400 752 614 781 Innocentius
636 751 809 781 ecclesiam
830 756 859 781 et
878 751 1038 789 hospitale
1061 751 1099 780 de
1121 759 1185 788 quo

224 805 333 842 agitur
348 805 434 834 inter
450 808 572 842 partes,
591 804 629 833 de
647 804 813 833 voluntate
833 808 863 833 et
885 812 1023 833 assensu
1044 802 1185 832 Rolandi

224 862 254 887 et
275 857 417 886 filiorum
440 857 523 894 ejus.
553 856 700 886 Lotliarii
721 862 751 885 et
775 856 973 894 Malaspine.
998 856 1184 885 Baldinocti

223 921 363 951 quoque.
382 911 533 941 Gnidocti
550 915 580 940 et
598 911 802 943 Bticcaniele,
821 911 877 949 qui
894 911 1116 949 predictorum
1131 919 1184 940 ec-

223 964 322 994 clesie
346 968 375 993 et
398 963 571 1002 hospitalis
591 964 785 993 dicebantur
806 964 951 1001 patroni,
971 972 1006 992 ac
1026 963 1184 1001 quicquid

218 1017 304 1056 juris
340 1016 538 1051 habuerant,
579 1026 614 1046 ex
653 1016 871 1054 permissione
908 1016 1026 1054 prefati
1059 1016 1184 1044 domini

221 1069 397 1099 Alexandri
413 1078 504 1107 pape,
516 1069 550 1098 in
562 1069 730 1107 predictis,
743 1069 777 1097 in
795 1078 911 1098 manus
925 1069 1072 1108 ejusdem
1088 1070 1184 1098 Inno-

182 1135 196 1149 »
222 1122 322 1152 centii
345 1122 516 1152 humiliter
538 1123 741 1151 refutarunt.
766 1122 894 1156 Attoni,
920 1122 1022 1160 priori
1046 1121 1183 1151 ecclesie

222 1174 333 1205 Sancti
360 1174 508 1204 Fridiani
536 1175 684 1212 predicti.
713 1179 741 1204 et
765 1175 834 1204 suis
863 1174 1122 1207 successoribus,
1144 1174 1183 1203 ad

221 1227 424 1261 habendum,
459 1227 698 1265 disponendum
731 1232 760 1256 et
793 1227 895 1257 libere
931 1227 1181 1265 possidendum,

219 1281 312 1319 juxta
334 1280 553 1318 predictorum
582 1280 743 1309 nobilium
772 1281 978 1318 petitionem,
1005 1280 1182 1317 apostolica

222 1333 484 1370 dispensatione,
512 1333 692 1362 commisit:
723 1337 871 1362 statuens
897 1337 931 1362 ut
960 1333 1042 1362 nulli
1070 1333 1183 1362 liceret

187 712 200 727 Σ)

185 765 199 779 1)

184 817 198 831 Ἰ)

184 869 198 884 1>

183 925 197 939 ¹)

183 977 197 991 Ἰ)

183 1029 196 1044 1)

182 1082 196 1097 1)

221 1386 355 1415 omnino
372 1385 543 1414 hominum
563 1385 735 1415 ecclesiam
753 1390 781 1415 et
799 1385 961 1423 hospitale
982 1386 1126 1423 predicta
1144 1386 1183 1415 al»

221 1438 427 1467 ordinatione
451 1442 481 1467 et
503 1442 663 1476 potestate
681 1438 787 1476 ipsius
807 1439 944 1468 Actonis
961 1447 997 1468 ac
1014 1448 1184 1468 successo-

223 1500 296 1520 rum
313 1491 383 1529 ejus
400 1490 610 1525 subtrahere,
634 1491 691 1520 sed
711 1500 747 1520 ea
770 1491 878 1529 potius
897 1492 1007 1521 omnia
1023 1491 1184 1521 haberent

221 1548 251 1573 et
280 1543 507 1581 disponerent,
535 1547 629 1581 prout
659 1543 779 1573 melius
809 1544 848 1573 ad
876 1543 1035 1574 honorem
1064 1546 1123 1574 Dei
1153 1551 1181 1575 et

221 1596 367 1626 Ecclesie
384 1601 556 1626 noscerent
580 1597 743 1634 expedire,
764 1602 858 1635 prout
880 1598 913 1626 in
933 1598 1038 1635 ipsius
1058 1598 1183 1628 domini

219 1650 245 1678 Ι,
262 1649 436 1687 privilegio
452 1649 582 1687 plenius
599 1650 796 1680 continetur.
815 1651 1031 1689 Privilegium
1050 1661 1126 1681 vero
1143 1652 1182 1681 ab

219 1705 328 1731 actore
352 1701 535 1731 exhibitum
558 1711 631 1740 pars
653 1703 701 1732 rei
726 1703 898 1733 videbatur
925 1713 1062 1742 arguere
1088 1705 1183 1734 falsi-

221 1754 312 1790 tatis,
335 1764 393 1792 per
416 1754 505 1784 aliud
528 1755 772 1793 p1·ivilegium¹,
791 1756 876 1794 quod
897 1757 1043 1795 ejusdem
1060 1759 1125 1787 Dat.
1146 1767 1181 1787 ac

219 1807 367 1847 ejusdem
384 1808 525 1837 Romani
542 1809 713 1838 Pontificis
730 1809 905 1844 existebat,
924 1819 961 1839 ex
978 1819 1014 1839 eo
1031 1811 1182 1841 videlicet

222 1860 308 1899 quod
329 1860 363 1889 in
385 1860 558 1898 privilegio
578 1861 664 1899 quod
687 1861 726 1890 ad
747 1871 841 1891 suam
863 1862 1090 1893 defensionem
1106 1874 1181 1901 pars

220 1913 269 1943 rei
293 1913 426 1943 duxerat
453 1914 713 1951 producendum,
732 1914 817 1943 idem
836 1916 1005 1945 Romanus
1030 1917 1182 1947 Pontifex

213 1965 269 2004 jus
288 1970 479 2003 patronatus
501 1967 657 2004 predictis
676 1967 843 1997 nobilibus
861 1968 1057 2006 simpliciter
1076 1980 1182 1999 reser-

218 2022 322 2047 varat.
342 2019 381 2047 At
400 2018 433 2047 in
450 2018 624 2056 privilegio
641 2019 726 2057 quod
741 2028 816 2057 pars
833 2020 1027 2050 exhibuerat
1045 2022 1182 2052 ecclesie

219 2071 398 2100 nominate.
416 2076 624 2108 patronatum
646 2072 851 2102 defensionis
870 2073 994 2103 eisdem
1015 2075 1183 2105 nobilibus

202 2123 354 2153 vduxerat
376 2125 628 2159 roscrvamlmm
653 2134 690 2154 ex
711 2134 775 2163 quo
796 2126 970 2155 videbatur
986 2127 1080 2157 innui
1098 2129 1183 2166 quod

220 2180 328 2206 cetera
345 2177 492 2214 patronis
509 2177 617 2207 debita
635 2178 759 2207 eisdem
776 2178 944 2208 nobilibus
961 2188 1018 2217 per
1036 2180 1069 2209 id
1084 2181 1185 2219 privi-

176 1925 191 1939 ἕ
177 1871 192 1886 3
179 1819 194 1834 8
179 1767 194 1781 δ
180 1713 194 1728 Β
179 1661 194 1675 Β
181 1608 196 1623 ὅ
181 1556 195 1570 ὅ
181 1503 195 1518 ³2
181 1451 195 1465 ξ
182 1398 196 1412 ἕ
182 1345 196 1360 δ
182 1293 196 1308 δ
182 1239 196 1254 S
182 1187 196 1201 ὅ

177 2188 191 2203 δ
176 2135 191 2150 :5
177 2082 190 2096 ὅ
176 2029 190 2044 ⁸5
175 1977 190 1992 :9

178 2240 192 2255 S

220 2228 344 2266 legium
370 2229 599 2260 subtraxisset.
626 2230 712 2260 Sane
735 2239 809 2260 cum
831 2231 985 2261 dominus
1009 2242 1092 2271 papa
1112 2234 1184 2271 ipsa

177 2293 192 2308 :5

218 2281 393 2319 privilegia
424 2291 532 2311 coram
568 2283 728 2313 fratribus
758 2284 972 2322 inspexisset,
1007 2290 1184 2324 utrumque

220 2334 431 2372 privilegium
449 2335 650 2373 approbavit,
669 2336 782 2366 dicens
798 2337 1038 2367 nichilominus
1054 2338 1185 2368 honori-

222 2387 388 2416 ficentiam
406 2388 552 2425 patronis
562 2388 705 2418 debitam
720 2398 776 2427 per
793 2389 905 2419 eadem
922 2390 1097 2428 privilegia
1119 2400 1184 2421 non

177 2346 191 2361 ἕ

177 2398 192 2414 ὅ

177 2451 192 2466 υ

224 2440 361 2469 auferri.
380 2441 475 2471 I’nde
496 2450 570 2470 nos,
597 2441 634 2471 dc
657 2443 811 2472 mandato
834 2443 959 2472 domini
976 2453 1071 2481 pape,
1088 2454 1186 2482 super

177 2504 192 2519 ὅ

220 2492 287 2521 hiis
312 2493 465 2522 omnibus:
491 2493 602 2523 habito
630 2494 775 2524 virorum
803 2496 1002 2533 prudentum
1030 2497 1184 2529 consilio,

177 2556 192 2571 5

221 2554 312 2576 cuni,
337 2554 373 2574 ex
394 2550 503 2575 tenore
522 2546 690 2584 privilegii
712 2549 898 2577 Innocentii
917 2557 954 2578 ex
970 2554 1062 2586 partc
1080 2550 1185 2588 ipsius

224 2598 344 2627 actoris
360 2598 498 2634 inducti,
512 2599 633 2629 dictum
649 2601 811 2639 hospitale
828 2601 866 2630 ad
884 2601 1055 2631 ecclesiam
1074 2603 1186 2632 Sancti

221 2651 410 2688 Frigdiani,
443 2652 481 2681 ad
511 2652 714 2689 habendum,
747 2654 988 2692 disponendum
1021 2659 1049 2684 et
1081 2655 1184 2685 libere

178 2608 192 2624 ὅ

178 2662 193 2677 δ

209 2789 230 2814 1.
250 2789 339 2813 Parmi
359 2790 397 2814 les
416 2791 510 2814 lettres
526 2792 716 2816 relativement
735 2794 915 2816 nombreuses
934 2792 1095 2816 d'tnnoeent
1111 2794 1134 2817 11
1152 2801 1185 2817 en

176 2831 274 2856 favour
288 2833 322 2856 de
338 2834 366 2858 S.
384 2834 500 2858 Fredien
516 2835 549 2859 de
566 2836 706 2866 Lucques,
723 2836 866 2866 analysees
881 2826 1012 2867 pafJaff&
1028 2844 1062 2860 ou
1081 2844 1128 2867 par
1142 2845 1185 2861 ses

178 2876 403 2907 continuateurs,
424 2879 451 2908 jo:
472 2885 505 2902 ne
522 2883 619 2903 trouve
640 2888 687 2910 pas
706 2881 744 2903 les
765 2880 837 2904 deux
858 2880 1004 2911 privileges
1023 2881 1096 2904 vises
1117 2882 1185 2905 dans

177 2919 255 2942 l'acte
272 2920 306 2943 du
320 2921 440 2945 cardinal
455 2922 609 2948 Rainerius.

1271 340 1282 354 n
1307 328 1560 366 possidendum,
1585 327 1765 366 apostolica
1788 327 1983 357 auctoritate
2005 327 2184 366 pertineat,
2205 328 2278 358 dic-

1270 392 1282 406 »
1308 384 1376 409 tum
1402 380 1581 418 hospitale,
1608 389 1682 410 cum
1704 379 1915 418 pertinentiis
1941 380 2011 409 suis
2038 379 2218 410 mobilibus
2242 385 2277 410 et

1270 444 1282 457 »
1308 432 1551 467 immobilibus,
1581 432 1689 462 donno
1718 433 1821 466 Bono,
1851 431 1978 461 sindico
2008 435 2039 462 et
2068 433 2275 470 procuratori

1270 496 1282 510 »
1308 484 1446 514 ecclesie
1474 485 1586 514 Sancti
1614 485 1800 522 Frigdiani‚
1826 484 1960 514 nornine
1987 484 2094 522 ipsius
2121 485 2273 521 ecclesie,

1270 548 1282 562 »
1307 537 1582 575 adjudicavimus,
1603 537 1786 567 secundum
1802 541 1949 567 tenorem
1967 537 2121 575 superius
2139 542 2277 568 annota-

1270 601 1282 614 »
1310 593 1392 623 tum,
1423 594 1454 619 et
1483 589 1750 619 Ildihrandinum
1777 590 2029 627 Mezopan[um]‚
2058 594 2125 619 tam
2151 599 2208 628 pro
2238 599 2274 621 se

1269 653 1282 667 »
1307 650 1406 679 quam
1428 642 1654 680 procuratorio
1678 642 1812 672 nomine
1835 642 1990 672 Bonostis
2018 646 2049 672 et
2076 642 2276 678 Marcoaldi⁷

1269 706 1282 720 >›
1308 694 1436 731 nepotis
1460 695 1530 729 sui,
1556 698 1585 724 et
1610 694 1720 732 ipsum
1736 695 1916 724 Bonostem
1932 698 1963 724 et
1985 695 2225 731 Marcoaldum,
2243 700 2276 726 et

1270 758 1282 772 »
1306 746 1495 776 Johannem
1516 747 1662 781 Poetam,
1686 751 1933 785 procuratorem
1958 756 2082 782 eorum,
2107 751 2142 777 ut
2163 747 2275 786 ipsum

1269 811 1282 825 ›>
1307 799 1480 837 hospitale,
1499 808 1573 829 cum
1591 800 1803 837 pertinentiis
1820 800 1890 830 suis
1911 800 2090 830 mobilibus
2110 805 2141 830 et
2157 801 2278 830 immo-

1269 864 1281 878 »
1307 851 1442 886 bilibus,
1468 852 1575 881 eidem
1600 853 1709 882 donno
1736 853 1839 887 Bono,
1867 852 1996 882 sindico
2021 857 2052 882 et
2070 853 2275 891 procuratori

1269 917 1282 931 »
1308 904 1445 934 ecclesie
1476 905 1589 934 Sancti
1614 905 1801 943 Frigdiani,
1829 905 1962 935 nomine
1988 905 2095 944 ipsius
2122 905 2274 941 ecclesie,

1269 970 1281 983 ι)
1307 957 1358 986 vel
1385 956 1481 986 alteri
1507 958 1728 995 procuratori,
1756 958 1949 994 restituant,
1980 958 2273 996 condempnamus.

1269 1022 1281 1036 ›>
1307 1010 1413 1047 Super
1424 1010 1499 1048 jure
1515 1013 1709 1048 patronatus
1726 1010 1904 1049 cujuslibet
1916 1010 2049 1049 justitia
2064 1019 2124 1040 sua
2140 1010 2242 1040 salva.
2259 1022 2275 1037 ι»

1338 1181 1455 1209 2678

1304 1245 1351 1276 R„
1368 1243 1547 1271 subdiacono
1567 1246 1595 1270 et
1617 1244 1770 1278 capellano
1792 1252 1853 1276 suo,
1870 1244 1976 1271 rectori
1992 1228 2172 1277 Medicinae,
2189 1253 2277 1272 man-

1267 1293 1317 1320 dat
1338 1295 1482 1327 quatenus
1503 1293 1656 1325 Pultroni,
1676 1293 1768 1319 militi
1792 1293 1828 1319 de
1847 1293 2000 1327 Bulgaris,
2018 1294 2159 1327 quasdam
2180 1296 2277 1321 terrae

1268 1342 1365 1376 pecias
1382 1350 1453 1375 quas
1469 1341 1550 1368 curia
1570 1341 1740 1368 Medicinae
1755 1345 1857 1368 contra
1873 1342 2038 1375 justitiam,
2058 1345 2090 1369 ut
2108 1342 2273 1375 dicebatur,

1267 1391 1435 1422 detinebat,
1452 1391 1590 1417 restituat
1605 1391 1652 1417 vel
1669 1391 1760 1417 facias
1776 1391 1903 1418 restitui.
1925 1405 1957 1409 -
1978 1392 2064 1423 (Rea.
2082 1391 2125 1424 18,
2147 1392 2167 1418 f.
2184 1391 2218 1419 49
2233 1394 2276 1424 r⁰;

1267 1448 1336 1466 ann.
1353 1440 1405 1472 ix,
1423 1448 1447 1466 c.
1465 1440 1539 1471 144.)
2135 1429 2137 1431 ’

1806 1182 1944 1214 Perouse‚
1960 1182 1992 1208 11
2008 1182 2108 1216 juillet
2124 1182 2202 1209 1235.

1309 1554 1321 1567 «
1338 1542 1384 1575 R„
1403 1541 1587 1570 subdiacono
1603 1546 1628 1570 ec
1645 1541 1801 1578 capellano
1821 1546 1940 1570 nostro.
1960 1542 2072 1570 *rectori
2090 1541 2272 1579 Medic-inst}

1266 1593 1353 1624 Olim
1382 1593 1556 1629 Palu-one,
1583 1593 1689 1623 milite
1715 1593 1752 1623 de
1781 1593 1954 1631 Bulgaris,
1984 1593 2164 1624 constituto
2190 1594 2277 1632 apud

1266 1647 1384 1677 Sedem
1402 1646 1642 1684 Apostolicain‚
1660 1651 1883 1685 conquerente
1900 1646 1987 1685 quod
2003 1647 2095 1676 curia
2111 1647 2277 1677 Medicine

1265 1699 1424 1738 quasdam
1437 1699 1676 1737 possessiones,
1692 1699 1845 1729 videlicet
1856 1699 1938 1728 duas
1947 1699 2052 1737 petias
2064 1703 2162 1732 terre,
2175 1707 2277 1729 unam

1264 1753 1407 1791 positam
1423 1752 1458 1781 in
1478 1752 1644 1782 territorio
1659 1752 1835 1785 Medicine,
1853 1752 1888 1780 in
1904 1751 1974 1781 loco
1989 1752 2045 1790 qui
2063 1751 2184 1782 dicitur
2200 1752 2278 1783 Car-

1265 1810 1396 1844 penam,
1415 1805 1456 1834 ad
1471 1805 1581 1843 ipsum
1600 1805 1638 1834 de
1651 1805 1726 1844 jure
1747 1809 1951 1843 spectantes,
1971 1804 2140 1834 detinebat
2162 1809 2278 1835 contra

1262 1858 1446 1898 justitiam,
1465 1867 1547 1896 quas
1569 1858 1634 1887 sibi
1656 1858 1790 1888 restitui
1811 1857 1985 1888 humiliter
2000 1857 2203 1896 postulabat,
2220 1866 2277 1887 ve-

1266 1911 1409 1942 nerabili
1430 1911 1527 1940 fratri
1549 1915 1660 1941 nostro
1686 1934 1703 1939 ..
1731 1911 1883 1949 episcopo
1907 1914 1938 1940 et
1961 1910 2081 1941 dilecto
2097 1910 2166 1940 filio
2185 1934 2204 1940 ..
2223 1919 2277 1940 ar-

1266 1965 1462 1995 chidiacono
1482 1964 1752 1994 Bononiensibus
1776 1964 1899 1994 nostris
1923 1964 2075 1994 dedimus
2095 1963 2217 1994 litteris
2240 1963 2276 1993 in

1266 2017 1432 2047 mandatis
1449 2022 1495 2052 ut,
1513 2017 1722 2055 inquirentes
1739 2026 1838 2055 super
1854 2017 1914 2046 hoc
1931 2016 2073 2046 sollicite
2090 2016 2275 2052 veritatem,

1267 2080 1330 2109 que
1353 2070 1542 2100 invenirent
1569 2069 1665 2099 nobis
1690 2069 1832 2099 fideliter
1855 2069 2061 2100 intimarent.
2088 2069 2157 2107 Ipsi
2183 2077 2275 2105 vero,

1266 2124 1391 2153 vocatis
1407 2127 1539 2161 propter
1554 2122 1616 2152 hoc
1633 2123 1808 2152 evocandis
1825 2127 1855 2152 et
1874 2122 2015 2160 receptis
2037 2122 2177 2152 testibus
2198 2121 2278 2152 hinc

1266 2176 1343 2206 inde
1363 2176 1548 2214 productis,
1570 2175 1797 2214 inspectisque
1820 2175 2020 2214 quibusdam
2042 2174 2278 2205 instrumentis

1267 2229 1425 2258 exhibitis
1442 2238 1552 2258 coram
1568 2228 1632 2264 eis,
1658 2228 1745 2258 dicta
1760 2228 1909 2266 ipsorum
1932 2228 2066 2258 testium
2089 2236 2164 2257 cuni
2185 2231 2277 2257 tran-

1268 2281 1400 2319 scriptis
1431 2281 1732 2310 instrumentorum
1759 2280 1820 2310 sub
1848 2279 1970 2317 sigillis
1997 2280 2067 2309 suis
2094 2279 2134 2309 ad
2158 2279 2278 2309 Sedem

1266 2333 1491 2372 Apostolicam
1507 2333 1777 2363 transmiserunt.
1801 2333 1884 2363 Cum
1904 2337 2014 2362 autem
2035 2332 2278 2370 inspectionem

1267 2387 1416 2425 ipsorum
1432 2386 1551 2416 dilecto
1572 2386 1640 2416 filio
1656 2390 1769 2416 nostro
1790 2386 1841 2421 O„
1861 2385 1974 2416 Sancti
1994 2384 2124 2415 Nicolai
2145 2385 2180 2414 in
2196 2384 2278 2415 Car-

1268 2450 1341 2470 cere
1363 2440 1517 2469 Tulliano
1540 2440 1678 2469 diacono
1703 2439 1883 2474 cardinali,
1909 2439 2101 2468 duxerimus
2126 2438 2278 2468 commit-

1268 2493 1417 2527 tendam,
1451 2497 1481 2522 et
1514 2492 1602 2522 idem
1631 2491 1832 2527 cardinalis,
1867 2491 2087 2521 consideratis
2121 2489 2278 2520 omnibus

1268 2547 1456 2584 diligenter,
1487 2555 1549 2584 que
1576 2546 1723 2580 invenit,
1753 2545 1849 2575 nobis
1876 2544 2056 2583 prudenter
2081 2549 2111 2574 et
2135 2543 2279 2574 fideliter

1268 2600 1454 2633 retulisset,
1476 2609 1550 2628 cum
1572 2608 1630 2637 per
1648 2598 1818 2637 publicum
1840 2598 2101 2628 instrumentum
2122 2601 2278 2636 appareat

1267 2653 1496 2690 progenitores
1525 2652 1632 2690 ipsius
1657 2653 1691 2681 P.
1718 2651 1899 2689 predictam
1923 2655 2056 2686 terram,
2080 2650 2222 2688 positam
2241 2650 2277 2679 in

1267 2706 1450 2743 Altorol[o]‚
1482 2705 1646 2740 tenuisse,
1678 2704 1853 2734 locationis
1884 2704 1994 2740 titulo,
2027 2713 2045 2733 a
2075 2703 2278 2734 monasterio

1268 2760 1387 2789 Sancte
1416 2759 1519 2788 Marie
1549 2758 1588 2787 de
1617 2757 1744 2795 Regula
1771 2757 1943 2793 Imolensi,
1973 2766 2009 2787 ac
2036 2757 2143 2795 ipsam
2170 2756 2277 2786 fuisse

1268 2811 1433 2849 quondam
1463 2834 1482 2839 ..
1510 2811 1595 2849 patri
1624 2819 1698 2845 suo,
1728 2810 1785 2848 qui
1814 2819 1872 2848 per
1902 2809 2167 2848 Salinguerram,
2198 2813 2278 2839 tunc

1267 2864 1435 2894 Medicine
1448 2869 1620 2898 rectorem,
1637 2863 1750 2893 eadem
1766 2863 1874 2893 suerat
1891 2863 2062 2901 spoliatus,
2077 2872 2135 2901 per
2150 2861 2278 2892 curiam

1270 2917 1433 2947 Medicine
1473 2917 1718 2947 sententialiter
1753 2917 1961 2952 restitutam,
2001 2916 2166 2955 reliquam
2199 2923 2278 2945 vero
