2519 3518
89 279 146 310 109
926 271 1155 310 NEUVIEME
1176 278 1335 310 ANNEE.
2118 287 2172 316 110

87 344 212 380 eidem;
231 348 263 374 et
278 344 326 374 sic
342 344 380 374 de
397 348 442 374 tot
458 344 628 374 laboribus
644 349 675 375 et
691 345 843 383 expensis
861 345 987 375 nullum
1004 345 1093 374 fruc-

89 401 160 427 tum
189 400 266 427 sunt
293 396 454 427 hactenus
482 397 636 427 assecuti.
663 398 770 433 Quare
799 397 893 427 nobis
922 396 1093 426 humiliter

87 448 317 486 supplicarunt
338 452 373 478 ut
393 457 492 487 snper
507 448 568 478 hoc
588 457 769 487 congruum
791 449 973 479 remedium
994 456 1093 486 appo-

89 510 168 531 nere
196 501 418 539 dignaremur.
446 501 531 538 Quia
560 510 636 532 vero
662 501 757 532 nobis
786 510 851 531 non
880 501 1028 531 constitit
1054 500 1092 530 de

88 554 274 592 premissis,
296 554 492 584 mandamus
517 558 692 593 quatenus,
716 554 744 584 si
769 559 819 584 est
840 555 896 589 ita,
923 554 1093 592 premissis

88 605 228 640 litteris,
258 606 468 644 processibus
495 610 525 636 et
548 607 630 636 actis
655 616 718 645 que
744 611 820 636 sunt
846 606 1003 636 ammissa
1028 615 1092 636 non

89 659 310 694 obstantibus,
335 659 459 689 vocatis
482 659 539 698 qui
564 659 689 689 suerint
713 659 888 694 evocandi,
915 659 943 689 si
969 659 1091 688 dictum

90 710 199 741 casale
218 711 304 750 juris
325 711 430 749 ipsius
453 711 646 741 monasterii
667 711 853 741 constiterit
878 712 1038 745 extitisse,
1062 715 1093 741 et

90 763 199 801 ipsum
219 763 400 793 alienatum
418 763 533 793 illicite
545 763 596 793 vel
613 763 818 798 distractum,
838 763 918 793 illud
937 764 977 793 ad
989 764 1044 802 jus
1063 767 1093 793 et

91 815 325 854 proprietatem
346 816 424 845 dicti
446 816 639 846 monasterii
659 815 806 853 legitime
825 817 996 851 revocetis,
1017 824 1094 845 con-

94 867 288 898 tradictores
317 873 378 898 etc.
405 868 511 906 Super
536 868 699 898 fructibus
731 873 839 898 autem
868 869 1029 907 perceptis
1056 876 1093 898 ex

90 919 194 950 casali
209 920 377 959 jamdicto,
395 921 482 959 quod
494 921 622 959 justum
638 921 750 955 suerit,
771 921 988 959 appellatione
1005 924 1094 958 post-

90 973 208 1011 posita‚
225 973 391 1007 statuatis,
405 977 588 1003 statuentes
602 977 663 1003 etc.
676 974 789 1003 Testes
803 978 912 1003 autem
927 977 987 1003 etc.
1001 972 1094 1009 Quod

91 1025 122 1055 si
145 1033 210 1054 non
236 1034 350 1055 omnes
374 1025 473 1064 [etc.]‚
495 1029 530 1054 tu
555 1034 610 1055 ea.
639 1025 742 1055 frater
763 1025 1009 1063 archiepiscope
1031 1028 1092 1054 etc.

90 1077 166 1107 Non
184 1076 335 1107 obstante
351 1077 586 1107 constitutione
602 1077 640 1107 de
657 1077 784 1107 duabus
800 1077 897 1107 dietis
909 1082 982 1106 etc..
1000 1077 1095 1106 dum-

92 1129 188 1159 modo
215 1129 299 1159 ultra
331 1130 461 1159 tertiam
491 1129 541 1159 vel
571 1134 722 1168 quartam
749 1134 810 1160 etc.
841 1131 914 1159 Dat.
947 1129 1093 1162 Perusii,

92 1183 161 1212 IIII
176 1182 250 1212 idus
263 1182 351 1221 julii,
369 1191 456 1212 anno
472 1191 569 1211 nono.
591 1194 604 1208 »

163 1326 279 1355 2622

128 1387 359 1422 Archiepiscopo
378 1388 550 1415 Patracensi
570 1390 599 1415 et
619 1387 810 1421 suffraganeis
833 1388 910 1421 ejus,
926 1402 957 1406 —
975 1396 1042 1414 cum
1063 1387 1093 1413 in

92 1436 269 1470 quibusdam
299 1436 431 1473 ecclesiis
458 1436 676 1463 cathedralibus
703 1436 921 1471 metropolitica
946 1437 1009 1470 Iege
1037 1436 1094 1470 ipsi

90 1484 312 1519 archiepiscopo
326 1485 476 1518 subjectis,
489 1493 546 1511 non
558 1488 666 1517 essent,
678 1485 736 1512 nisi
748 1485 804 1512 duo
816 1486 863 1512 vel
874 1487 943 1517 tres,
960 1485 1094 1512 canonici

92 1533 268 1565 residentes,
291 1535 320 1560 et
342 1533 433 1560 iidem
459 1533 610 1566 canonici,
633 1542 701 1560 cum
725 1533 864 1560 ecelesias
891 1533 969 1567 ipsas
991 1541 1096 1560 vacare

92 1581 292 1615 cont-ingebat,
306 1581 515 1608 convenientes
530 1581 561 1608 in
576 1590 681 1615 unum,
693 1582 747 1608 tali
763 1581 935 1609 condicione
951 1582 982 1608 in
995 1590 1095 1608 eorum

92 1629 222 1664 aliquem
239 1629 527 1664 compromitterent,
542 1633 574 1657 ut
586 1638 662 1657 unus
681 1638 716 1657 ex
730 1630 801 1665 ipsis
818 1630 848 1656 in
864 1630 1033 1664 episcopum
1049 1638 1096 1657 as-

92 1680 268 1711 sumeretur,
292 1678 371 1705 unde
397 1678 486 1705 fiebat
511 1672 602 1712 quod*
617 1679 784 1712 frequenter
808 1678 971 1712 eligebatur
997 1679 1096 1705 minus

93 1726 232 1759 idoneus,
248 1735 315 1753 eum
331 1726 442 1753 ibidem
465 1727 566 1753 nullus
580 1726 703 1753 idoneus
718 1727 882 1757 haberetur,
900 1742 931 1745 —
950 1726 1097 1759 signifieat-

92 1783 125 1802 se
139 1774 273 1802 inhibere
286 1783 323 1802 ne
337 1775 368 1801 id
384 1775 434 1802 fiat
445 1775 480 1801 de
493 1777 598 1802 cetero.
612 1789 643 1793 —
657 1775 744 1807 (Res.
757 1775 801 1807 18,
815 1776 835 1801 f.
850 1775 884 1802 48
897 1778 942 1806 v⁰;
959 1784 1030 1802 ann.
1042 1775 1095 1807 IX,

94 1831 120 1850 c.
136 1823 205 1856 1423
222 1838 254 1841 —
270 1823 402 1851 Monam
418 1823 498 1856 1190,
514 1824 535 1850 f.
552 1823 609 1854 81.)

647 1327 783 1357 Perouse,
799 1326 815 1352 6
830 1326 928 1359 juillet
944 1325 1023 1352 1235.

137 1929 151 1944 α
177 1939 197 1945 ..
224 1917 449 1954 archiepiscopo
472 1917 650 1946 Patracensi
676 1922 701 1946 e!
723 1917 926 1954 sztsl'raqaneis
952 1918 1026 1954 ejus.
1053 1917 1098 1946 Ex

95 1973 187 2007 parte
204 1973 259 1999 tua
272 1987 321 1998 —.
339 1970 412 1999 Dat.
433 1969 575 2003 Perusii,
593 1970 625 1999 11
640 1978 744 1998 nonas
756 1969 846 2007 julii,
864 1978 951 1999 anno
968 1978 1063 1999 nono.
1083 1981 1096 1995 n

168 2113 285 2142 2873

134 2176 230 2204 Priori
246 2179 275 2203 ct
290 2175 421 2210 capitulo
437 2175 539 2202 Sancti
557 2175 689 2201 Fridiani
707 2174 817 2201 Lucani
834 2174 981 2208 significat
994 2183 1024 2201 se
1037 2183 1100 2201 sen-

95 2224 223 2252 tentiam
241 2223 388 2256 Rainerii,
407 2223 532 2250 Sanctae
552 2223 666 2249 Mariae
681 2223 711 2249 in
728 2222 885 2250 Cosmedin
901 2223 1019 2249 diaconi
1037 2231 1100 2250 car-

97 2272 223 2304 dinalis,
246 2272 318 2306 ipsis
343 2271 488 2305 hospitale
511 2271 613 2298 Sancti
638 2271 782 2299 ,Iohannis
803 2271 839 2297 de
864 2271 968 2305 Capite
993 2272 1099 2305 Burgi,

96 2329 185 2355 snper
204 2329 260 2354 quo
281 2320 364 2346 litem
387 2328 453 2346 cum
470 2319 674 2346 Ildibrandino
694 2319 856 2354 Mezopano
875 2322 904 2346 et
923 2320 991 2347 aliis
1011 2320 1101 2347 habe-

98 2369 185 2402 bant,
201 2368 417 2402 adjudicantis,
434 2368 622 2400 confirmare;
644 2368 754 2394 inserto
775 2367 829 2394 sub
847 2376 899 2395 sua
919 2368 999 2395 bulla
1017 2376 1101 2402 prae-

96 2417 196 2444 dictae
207 2416 372 2443 sententiae
385 2419 494 2443 tenore.
507 2430 539 2434 —
551 2416 637 2448 (Rae.
649 2415 694 2447 18,
707 2416 727 2442 f.
737 2415 771 2442 48
781 2418 827 2447 v·';
841 2423 910 2442 ann,
925 2416 977 2449 IX,
990 2424 1014 2442 c.
1027 2416 1101 2447 143.)

655 2114 791 2145 Perouse,
805 2113 821 2140 6
835 2114 934 2147 juillet
949 2113 1028 2140 1235.

142 2523 155 2537 «
176 2511 312 2548 ..priori
333 2516 359 2539 et
381 2510 516 2547 capitulo
532 2509 640 2538 Sancti
654 2508 820 2546 Friydstzni
834 2509 965 2543 Lucani,
983 2509 1103 2538 ordinis

97 2564 200 2592 sancti
214 2564 392 2600 Auyustini.
409 2562 455 2591 Ea
468 2570 531 2600 que
544 2561 670 2600 judicio
685 2578 733 2589 —.
749 2561 820 2591 Dat.
840 2561 982 2595 Perusii,
1000 2562 1032 2591 ΙΙ
1048 2570 1102 2591 no-

100 2624 161 2646 nas
173 2615 262 2655 julii,
281 2624 367 2645 anno
383 2623 481 2645 nono.
500 2626 513 2640 n

172 2758 312 2796 [za-24]
823 2757 857 2783 16
871 2757 936 2790 juin
951 2757 1030 2784 1235.

137 2821 323 2858 [Praedictae
338 2829 407 2848 vero
422 2820 586 2848 sententiae
602 2822 684 2846 tenor
699 2818 768 2845 talis
783 2821 827 2845 est
841 2826 848 2844 :
866 2816 874 2852 ]

143 2929 157 2942 α
189 2917 227 2946 In
256 2915 389 2946 nomine
418 2913 563 2944 Domini.
591 2914 686 2942 Anno
711 2912 882 2942 Dominice
910 2912 1103 2942 Nativitatis
1142 2949 1148 2958 Ι

1177 356 1190 370 n
1215 345 1473 382 M⁰Cc0xxxv,
1526 348 1705 379 indictione
1758 350 1856 385 vlit,
1908 360 2020 381 mense
2063 352 2169 391 junii,

1177 408 1189 422 υ
1214 396 1266 426 die
1292 398 1380 433 XVI,
1407 400 1616 437 pontificatus
1644 401 1769 431 domini
1799 402 1949 440 Gregorii
1984 404 2060 433 noni
2089 414 2172 443 pape

1177 461 1189 475 ι»
1214 458 1300 480 anno
1326 460 1420 481 nono.
1456 453 1648 487 stainei-ius,
1675 454 1887 485 miseratione
1915 456 2026 486 divina
2053 458 2171 488 Sancte

1177 513 1189 527 n
1215 502 1317 532 Mari-2
1343 503 1376 532 in
1404 504 1573 534 Cosinidin
1602 506 1759 536 diaconus
1793 508 1985 543 cardinalis,
2018 510 2172 539 omnibus

1176 566 1189 579 n
1214 554 1273 584 has
1298 555 1425 586 litteras
1451 557 1662 596 inspecturis,
1690 559 1828 589 salutem
1854 561 1887 589 in
1916 562 2066 590 Domino.
2089 562 2172 592 Cum

1177 618 1189 632 n
1214 616 1346 637 causam
1369 618 1431 647 que
1455 610 1642 639 vertebatur
1667 612 1753 641 inter
1775 612 1947 642 ecclesiam
1968 614 2079 643 Sancti
2101 615 2174 644 Fri-

1178 670 1190 684 »
1215 659 1316 689 diani.
1335 671 1372 691 ex
1389 671 1453 691 nna
1471 667 1572 700 parte,
1592 668 1621 692 et
1642 663 1905 695 Ildibrandinum
1923 666 2171 706 Mezopan[urn],

1177 723 1189 737 n
1214 721 1271 750 pro
1299 722 1343 748 se,
1373 718 1402 744 et
1433 716 1656 752 procuratorio
1683 717 1814 746 nomine
1846 718 1999 748 Bonostis
2026 723 2055 747 et
2086 719 2174 748 Mar-

1178 776 1190 789 »
1215 764 1331 795 coaltli.
1361 767 1488 804 nepotis
1516 768 1584 796 sui.
1613 777 1649 797 ex
1678 768 1758 802 alia,
1787 769 1939 798 dominus
1966 780 2047 808 papa
2078 771 2173 800 nobis

1178 828 1190 840 ι)
1215 818 1417 848 commiserit
1433 819 1640 853 audiendam,
1659 821 1807 858 partibus
1825 821 1858 850 in
1879 827 1989 851 nostra
2007 823 2175 860 presentia

1178 879 1190 893 n
1215 870 1420 901 constitutis,
1448 871 1575 900 dminus
1601 872 1726 901 Bonus.
1752 873 1899 902 sindicus
1927 879 1955 903 et
1984 879 2175 912 procurator

1178 932 1190 945 n
1216 920 1353 951 ecclesie
1370 923 1568 960 supradicte.
1586 929 1697 953 contra
1715 924 1990 955 lldiluantlinum.
2008 936 2064 964 pro
2079 936 2124 957 se.
2142 931 2174 956 et

1178 984 1190 997 n
1215 981 1272 1010 pro
1289 973 1364 1003 aliis
1381 984 1518 1012 quorum
1538 976 1669 1006 nomine
1686 978 1906 1014 procuratoris
1924 979 2066 1008 otiiciuin
2086 988 2174 1009 exer-

1178 1036 1191 1050 »
1216 1025 1319 1060 celim,
1338 1026 1485 1056 libellum
1503 1029 1669 1066 proposuit
1686 1029 1720 1058 in
1738 1029 1825 1059 hunc
1843 1030 1972 1060 modum
1992 1041 1998 1059 z

1247 1193 1388 1231 [πυτ-ς]

1212 1255 1356 1290 [Libellus
1371 1267 1387 1285 a
1408 1259 1503 1292 Bono,
1523 1261 1645 1293 syndico
1666 1266 1692 1288 et
1715 1267 1898 1296 procuratore
1914 1264 2053 1290 eeclesiae
2070 1264 2172 1291 Sancti

1176 1305 1310 1332 Fridiani
1342 1307 1452 1334 Lucani
1483 1314 1583 1336 contra
1615 1310 1851 1337 lldibrandinuni
1880 1311 2072 1346 Mezopanum
2108 1321 2175 1346 por-

1176 1353 1294 1388 rectus]

1218 1466 1232 1480 α
1258 1455 1415 1493 Proponit
1443 1456 1572 1487 donnus
1600 1458 1722 1494 Bonus,
1751 1459 1898 1489 sindicus
1926 1465 1957 1490 et
1985 1466 2178 1498 procurator

1219 1506 1356 1537 ecclesie
1384 1508 1496 1538 Sancti
1522 1510 1692 1548 Frigdiani
1719 1512 1884 1549 Lucan[i]‚
1912 1513 2044 1543 nomine
2071 1514 2177 1552 ipsius

1217 1558 1373 1594 ecclesie,
1397 1566 1510 1591 contra
1531 1562 1822 1601 Ildibrandfinum]
1846 1565 2098 1603 Mezopan[um],
2120 1575 2179 1604 pro

1218 1620 1268 1646 se,
1293 1616 1324 1642 et
1345 1615 1571 1651 procuratorio
1596 1616 1729 1646 nomine
1756 1617 1912 1647 Bonostis
1932 1624 1963 1648 et
1983 1619 2177 1654 Marcoaldi,

1218 1658 1347 1703 nepotis
1374 1667 1443 1701 sui,
1471 1672 1586 1706 petens
1616 1668 1789 1699 ecclesiam
1818 1675 1847 1700 et
1875 1670 2036 1709 hospitale
2067 1673 2181 1703 Sancti

1217 1717 1382 1748 Johannis
1410 1719 1448 1749 de
1479 1720 1592 1758 Capite
1620 1721 1738 1759 Burgi,
1770 1731 1843 1751 cum
1872 1723 2082 1761 pertinentiis
2110 1725 2180 1755 suis

1218 1769 1397 1799 mobilibus
1414 1775 1445 1800 et
1463 1771 1705 1808 immobilibus,
1725 1773 1803 1809 sibi,
1825 1775 1958 1804 nomine
1977 1798 1996 1803 ..
2013 1776 2133 1813 prioris
2149 1780 2182 1806 et

1217 1821 1353 1858 capituli
1377 1823 1489 1852 Sancti
1514 1824 1699 1862 Frigdiani,
1724 1825 1852 1863 integre
1873 1827 2024 1862 restitui;
2047 1837 2109 1866 que
2127 1837 2182 1858 cc-

1181 1885 1194 1899 «
1219 1873 1321 1903 clesia
1343 1879 1373 1904 et
1396 1875 1558 1914 hospitale
1586 1877 1625 1906 ad
1650 1877 1824 1908 ecclesiam
1851 1879 1962 1909 Sancti
1986 1881 2180 1917 Frigdiani¹

1181 1937 1194 1952 ιι
1219 1926 1400 1963 pertinent,
1419 1937 1456 1958 ex
1477 1928 1652 1958 donatione
1669 1935 1699 1959 et
1715 1931 1927 1961 concessione
1944 1932 2068 1961 domini
2086 1934 2110 1962 Ι.
2129 1942 2182 1963 se-

1182 1990 1195 2004 «
1220 1978 1335 2013 cundi,
1356 1980 1497 2009 Romani
1513 1982 1700 2017 Pontificis,
1721 1982 1906 2013 volentibus
1923 1989 1953 2014 et
1969 1986 2181 2015 consentien-

1182 2042 1195 2056 α
1220 2030 1309 2061 tibus
1341 2031 1467 2062 scilicet
1493 2033 1654 2063 Ranndo
1682 2038 1713 2063 et
1742 2034 1820 2065 filiis
1849 2036 1934 2071 suis,
1965 2037 2120 2067 Lotliario
2149 2042 2182 2067 et

1183 2095 1196 2109 «
1220 2083 1420 2122 Malaspina,
1439 2085 1642 2121 Baldinocto,
1663 2091 1693 2116 et
1716 2087 1876 2117 Guidocto
1893 2093 1923 2118 et
1939 2089 2145 2119 Buccaniele.
2165 2101 2179 2115 n

1181 1833 1193 1847 Ε
1180 1780 1193 1793 Ω
1180 1728 1193 1743 ἒ
1180 1676 1193 1690 2
1179 1623 1193 1637 ἢ
1179 1570 1192 1584 Ω
1179 1518 1192 1532 R

1223 2203 1236 2217 ε(
1261 2190 1535 2231 Ildjhrand[in]us
1551 2193 1759 2231 Mezopanus,
1776 2202 1834 2232 pro
1850 2199 1936 2228 sect
1956 2194 2023 2225 illis
2041 2204 2182 2234 quorum

1222 2248 1271 2274 est
1286 2249 1488 2282 procurator,
1511 2244 1603 2275 litem
1622 2246 1835 2276 contestando
1855 2247 2035 2285 respondit,
2057 2257 2182 2286 negans

1221 2296 1367 2334 predicta
1384 2305 1460 2327 vera
1477 2306 1560 2332 esse,
1578 2302 1612 2327 ut
1629 2303 1817 2334 narrantur,
1834 2303 1865 2329 et
1880 2299 1959 2329 dicit
1976 2309 2013 2330 ea
2029 2300 2101 2330 fieri
2117 2309 2182 2330 non

1223 2348 1341 2379 debere
1355 2359 1362 2385 ς
1383 2349 1473 2379 salvo
1485 2350 1560 2388 jure
1576 2351 1854 2386 reconventionis,
1872 2352 1913 2381 ad
1928 2352 2102 2383 ecclesiam
2116 2362 2181 2383 non

1221 2402 1408 2439 respondit,
1440 2402 1518 2441 quia
1545 2402 1719 2438 ecclesiam
1749 2412 1815 2434 non
1844 2405 2013 2442 possident
2044 2414 2102 2435 nec
2135 2410 2183 2435 te-

1222 2459 1303 2484 nent
1313 2457 1336 2483 ².

1224 2518 1238 2532 α
1259 2506 1331 2536 Lite
1353 2507 1456 2544 igitur
1477 2516 1588 2537 coram
1609 2508 1704 2538 nobis
1726 2508 1874 2546 legitime
1896 2514 2088 2540 contestata.
2108 2519 2182 2540 cum

1185 2570 1198 2585 n
1222 2567 1281 2596 per
1300 2559 1510 2596 negationem
1531 2560 1634 2598 partis
1652 2566 1811 2591 convente
1827 2562 1904 2600 jura
1922 2562 2028 2600 ipsius
2045 2563 2184 2593 ecclesie

1185 2622 1198 2637 ι)
1223 2610 1339 2641 effecta
1353 2611 1453 2640 dubia
1468 2611 1671 2647 viderentur,
1690 2613 1731 2642 ad
1744 2613 1949 2644 fundandam
1964 2615 2182 2645 intentionem

1185 2675 1199 2689 ι»
1224 2672 1318 2693 suam
1325 2663 1538 2701 privilegium
1551 2664 1676 2694 domini
1686 2666 1872 2695 Innocentii
1883 2667 2030 2701 secundi,
2043 2667 2183 2697 Romani

1185 2727 1199 2742 »
1223 2716 1410 2747 Pontificis.
1436 2720 1465 2745 et
1483 2720 1582 2746 testes
1607 2717 1707 2746 etiam
1728 2718 1880 2755 produxit
1894 2719 1931 2748 in
1946 2719 2092 2749 medium
2105 2728 2182 2757 pars

1184 2465 1198 2479 ὃ
1185 2413 1198 2427 δ
1184 2360 1198 2374 v
1183 2307 1197 2322 ὅ
1184 2255 1197 2269 δ

1217 2833 1237 2858 1.
1256 2833 1293 2857 Le
1313 2835 1436 2862 Regislre
1457 2836 1535 2863 porte
1555 2833 1627 2857 deux
1648 2834 1700 2858 fois
1719 2835 1744 2858 le
1765 2836 1884 2859 membre
1905 2835 1939 2859 de
1958 2836 2056 2865 phrase
2076 2838 2184 2866 integre

1184 2878 1326 2901 restitui...
1341 2878 1438 2900 Sancti
1454 2878 1610 2906 Friydiani.

1214 2919 1238 2944 2.
1254 2920 1276 2944 11
1292 2919 1379 2950 parait
1396 2927 1414 2950 y
1429 2920 1505 2943 avoir
1520 2927 1573 2943 une
1589 2920 1685 2944 lacune
1701 2927 1734 2944 en
1749 2925 1791 2944 cet
1807 2921 1923 2945 endroit.
