2519 3518
0 4 34 30 '⁴⁴0-

135 298 192 330 349
997 288 1183 326 mxOEME
1205 288 1364 326 ANNEE.
2169 295 2226 326 350

136 365 292 396 trecentis
309 365 405 395 libris
423 373 481 403 pro
498 364 725 394 satisfactione
742 364 986 393 subtractorum
1002 361 1139 400 prefatis

134 419 287 457 episeopo
307 421 337 448 et
356 417 506 448 ecclesiis
525 416 672 456 ejusdem
693 416 850 450 diocesis,
875 424 954 454 que,
978 415 1063 445 sicut
1086 422 1141 443 ca-

136 471 248 501 nonici
272 470 410 501 ecclesie
437 470 573 499 Aretine
596 473 766 503 asserunt,
789 473 1011 498 trecentarum
1038 467 1140 496 libra-

135 532 209 553 rum
236 522 414 552 valentiam
441 530 507 552 non
536 522 715 556 excedunt,
741 530 776 550 ac
800 520 964 551 restitutis
986 519 1141 558 primitus

134 575 232 605 dictis
251 574 368 605 castris
383 583 458 605 cum
471 574 605 613 juribus
622 578 651 604 et
666 574 878 612 pertinentiis
895 573 976 608 suis,
998 576 1029 602 et
1045 572 1142 601 abso-

134 627 215 658 lutis
235 627 428 657 hominibus
451 627 640 657 eorumdem
664 630 863 661 castrorum,
890 634 971 664 quos
992 625 1025 654 in
1053 624 1141 654 cives

135 689 213 712 suos
229 684 432 719 receperant,
453 680 493 709 ab
515 679 720 709 habitatione
743 688 802 709 seu
822 678 1002 708 citadantia
1025 677 1142 707 civita-

136 733 190 769 tis,
209 742 245 764 ac
262 732 442 771 compulsis
459 733 498 762 ab
516 733 564 762 eis
580 732 688 762 redire
712 732 751 761 ad
775 736 882 762 castra
901 731 1068 770 jamdicta,
1090 738 1142 760 re-

136 787 328 825 stitutisque
344 786 409 825 ipsi
430 786 569 816 ecclesie
586 786 722 815 Aretine
742 785 920 815 subtractis
939 784 1093 814 omnibus
1113 787 1144 813 et

137 840 267 874 ablatis,
293 849 351 870 nec
379 849 443 869 non
472 843 503 870 et
526 840 696 869 satisfacto
716 838 907 868 memoratis
932 836 1143 867 monasteriis

137 893 176 923 de
191 892 310 923 ablatis
324 892 495 927 omnibus,
514 897 545 922 et
561 891 846 930 promittentibus.
863 890 924 921 sub
944 890 1053 920 debito
1069 898 1143 928 pre-

136 946 208 976 stiti
227 946 420 985 juramenti,
444 945 532 984 quod
553 944 740 975 libertatem
759 944 1017 974 ecclesiasticam
1035 943 1073 973 de
1091 952 1144 973 ce-

136 1002 206 1029 tero
220 998 460 1029 inviolabiliter
476 998 717 1031 observabunt,
733 998 826 1036 juxta
840 998 981 1027 formam
997 995 1144 1026 Ecclesie

138 1052 280 1090 gratiam
302 1051 350 1082 eis
375 1051 595 1081 absolutionis
617 1050 788 1088 impendas
810 1054 841 1080 et
863 1049 989 1080 relaxes
1010 1053 1145 1079 senten-

138 1104 220 1134 tiam
236 1104 418 1134 interdicti.
438 1103 597 1142 Alioquin
621 1103 804 1133 sententias
820 1103 924 1140 ipsas,
943 1102 1027 1131 sicut
1044 1101 1145 1130 ratio-

139 1157 296 1187 nabiliter
319 1160 396 1187 sunt
417 1156 558 1195 prolate,
586 1156 688 1186 facias
709 1156 904 1186 auctoritate
924 1159 1046 1189 nostra,
1065 1154 1144 1184 sub-

138 1213 226 1239 moto
243 1209 475 1248 appellationis
491 1208 677 1243 obstaculo,
696 1217 800 1247 usque
822 1208 861 1237 ad
882 1207 1146 1238 satisfactionem

139 1263 338 1301 condignam
365 1263 505 1293 firmiter
530 1262 712 1292 observari.
742 1262 813 1291 Dat.
845 1260 1008 1295 Viterbii,
1034 1259 1146 1288 idibus

140 1315 266 1354 aprilis,
286 1325 372 1345 anno
389 1316 527 1345 decimo.
548 1327 560 1341 n

209 1505 328 1534 3084
702 1505 835 1537 Viterbe,
850 1506 883 1532 :24
900 1513 977 1532 mars
993 1505 1072 1532 1236.

175 1570 218 1596 De
238 1568 334 1596 Lubes
350 1570 394 1601 (=
414 1568 543 1599 Leubus)
566 1570 594 1595 et
620 1567 723 1595 Sancti
743 1568 914 1600 Vincentii,
938 1567 1145 1595 Cisterciensis

139 1619 169 1645 et
188 1617 492 1645 Praemonstratensis
514 1616 667 1649 ordinum,
692 1616 863 1649 abbatibus,
884 1617 1145 1644 KVratislaviensis

137 1666 297 1699 dioecesis,
321 1669 349 1693 et
367 1665 575 1692 archidiacono
590 1666 836 1692 Wratislaviensi
857 1666 979 1692 mandat
1000 1668 1145 1700 quatenus

139 1715 320 1747 Henricum,
344 1715 449 1741 ducem
465 1714 589 1746 Zlesiae,
607 1715 727 1748 ejusque
740 1714 880 1741 officiales
897 1717 1037 1741 moneant
1056 1717 1089 1741 ut
1109 1714 1146 1742 ab

139 1763 306 1791 innumeris
321 1762 531 1790 vexationibus
547 1762 653 1796 quibus
673 1763 807 1789 homines
827 1763 968 1790 ecclesiae
983 1763 1146 1790 XVratisla-

139 1811 252 1838 viensis
267 1811 447 1845 affligebant,
463 1811 683 1845 conquiescant,
698 1814 725 1837 et
740 1811 874 1837 eamdem
891 1812 1046 1838 ecclesiam
1059 1812 1147 1845 plena

141 1859 279 1888 libertate
291 1860 417 1894 gaudere
431 1859 607 1894 permittant
619 1867 625 1891 ;
643 1860 721 1886 idem
737 1860 797 1886 dux
811 1860 859 1892 G.,
872 1860 1047 1887 canonicum
1059 1860 1147 1887 XVra-

139 1909 356 1940 tislaviensem,
372 1909 403 1935 in
417 1908 559 1935 exsilium
575 1910 749 1942 relegatum,
764 1909 800 1935 ad
817 1909 943 1943 patriam
960 1917 1054 1941 suam,
1066 1909 1147 1936 suffi—

141 1957 234 1984 cienti
249 1956 306 1984 sibi
323 1956 480 1984 securitate
493 1965 639 1989 concessa,
657 1957 752 1983 redire
768 1957 932 1991 permittat.
951 1972 982 1975 —
999 1958 1084 1989 (Bm.
1102 1957 1146 1989 18,

141 2007 161 2033 f.
178 2005 228 2032 141
247 2008 287 2037 r⁰;
304 2013 374 2032 ann.
388 2005 433 2038 X,
455 2013 479 2032 c.
501 2005 554 2037 24;
573 2020 604 2023 —
623 2005 780 2032 Por-rnasr
794 2005 882 2032 10128
893 2006 934 2035 ἕ.)

183 2117 197 2132 ιι
222 2128 241 2134 ..
259 2105 293 2134 dc
308 2106 399 2134 Lubes
415 2110 440 2134 e!
456 2129 473 2134 ..
493 2106 600 2134 Sancti
619 2106 784 2140 Vincentii,
805 2105 1012 2134 cisterciensis
1031 2111 1057 2134 et
1077 2107 1149 2134 Pre-

141 2159 374 2187 manser-atensis
385 2158 542 2192 ordinum,
557 2158 722 2193 abbatibus,
744 2158 1002 2187 ll'ratislaviensis
1013 2159 1149 2195 diocesia

141 2215 169 2240 et
197 2234 215 2239 ..
245 2210 464 2239 archidiacono
491 2210 744 2239 lVratislavz'ensi.
776 2210 850 2240 Lesi
876 2214 907 2240 et
934 2210 1076 2240 ledentis
1099 2228 1148 2239 -.

145 2262 231 2293 Sane
247 2271 285 2292 ex
300 2261 502 2292 venerabilis
518 2262 632 2292 fratris
650 2263 755 2292 nostri
773 2286 793 2292 ..
811 2263 956 2301 episcopi
971 2263 1152 2294 VVratisla-

144 2314 270 2345 viensis
286 2314 495 2344 lamentabili
510 2315 748 2353 conquestione
764 2315 957 2353 collegimus
971 2316 1152 2346 ammiran-

144 2371 204 2404 tes,
223 2367 311 2406 quod
326 2367 448 2397 nobilis
465 2367 516 2396 vir
535 2368 714 2403 Henricus,
733 2367 797 2397 dux
813 2368 931 2403 Zlesie‚
949 2368 1152 2398 annullando

144 2419 437 2451 Wratislaviensis
463 2420 602 2450 ecclesie
626 2420 828 2455 libertatem,
859 2421 953 2460 cujus
977 2425 1152 2459 augmento

142 2481 183 2503 eo
208 2472 341 2503 deberet
365 2472 459 2502 reddi
483 2473 664 2511 propitius,
690 2482 754 2511 quo
781 2473 940 2512 majorem
967 2482 986 2503 a
1013 2474 1154 2504 Domino

145 2525 331 2555 dinoscitur
353 2534 425 2555 esse
449 2525 590 2563 gratiam
614 2529 825 2561 consecutus,
854 2526 989 2556 nuntios
1014 2535 1051 2556 ac
1076 2535 1154 2556 con-

145 2579 352 2609 currentium
379 2579 419 2608 ad
442 2579 552 2617 ipsum
576 2579 746 2617 hospitum
769 2579 980 2609 multitudem
1000 2588 1155 2610 numero-

147 2640 233 2667 sam,
257 2631 292 2661 in
320 2632 427 2662 eundo
456 2636 487 2662 et
512 2632 695 2667 redeundo,
721 2632 761 2661 ab
785 2632 977 2662 hominibus
1000 2632 1156 2662 villarum

147 2684 296 2723 ejusdem
309 2684 447 2714 ecclesie
465 2693 481 2714 a
496 2684 701 2723 paupertatis
716 2685 846 2714 sarcina
860 2693 925 2714 non
938 2685 1092 2720 exclusis,
1107 2694 1156 2715 re-

148 2737 214 2775 cipi
234 2741 265 2767 et
286 2737 321 2766 in
345 2737 545 2767 necessariis
569 2737 724 2767 omnibus
747 2738 935 2776 procurari,
953 2737 1158 2767 voluntatem

147 2789 494 2828 preserendojustitie,
506 2790 762 2829 indifferent[cr]
775 2790 915 2828 precipit
930 2794 959 2820 et
974 2790 1154 2828 compellit3

148 2841 185 2870 in
202 2850 321 2879 penam
340 2842 487 2872 adiciens
505 2847 541 2872 ut
559 2843 611 2873 sui
630 2847 803 2873 venatores
823 2848 851 2872 et
872 2843 1058 2877 falconarii,
1076 2852 1158 2881 quo-

150 2901 225 2922 rum
240 2902 380 2931 magnus
398 2898 444 2924 est
470 2903 644 2926 numerus,
664 2895 756 2925 tenui
776 2899 955 2933 pascantur
971 2894 1159 2924 substantia

151 2953 332 2984 pauperum
349 2946 583 2984 predictorum,
600 2947 667 2986 qui,
687 2947 715 2977 si
732 2948 780 2977 eis
797 2948 898 2986 petita
915 2951 945 2977 et
963 2956 1028 2977 non
1045 2947 1159 2976 habita

1223 361 1429 399 denegarint,
1441 372 1505 393 non
1523 364 1627 394 solum
1647 364 1819 394 verborum
1837 363 2047 393 contumeliis
2064 372 2099 392 ac.
2117 362 2227 393 verbe-

1222 413 1316 444 ribus
1335 415 1535 453 assliguntur,
1555 417 1612 447 scd
1628 417 1710 446 alias
1730 417 1813 446 bona
1830 416 2034 454 diripiuntur
2050 425 2177 450 eorum,
2196 419 2227 446 et

1222 466 1257 495 in
1271 471 1359 497 certa
1373 477 1455 506 pena
1468 469 1575 499 eidem
1589 469 1664 499 duci
1677 469 1915 499 nichilominus
1930 469 2224 507 condempnantur,

1223 519 1375 557 pluribus
1397 530 1434 550 ex
1456 521 1544 551 villis
1566 522 1690 551 eisdem
1708 522 1748 551 oh
1766 522 1825 551 hoc
1842 522 1937 560 quasi
1955 522 1994 551 ad
2013 521 2227 551 solitudinem

1222 572 1376 602 redactis.
1402 573 1489 603 Dicti
1512 575 1611 604 ctiam
1634 574 1796 609 homines,
1816 575 1855 603 ab
1874 574 1987 604 eodem
2011 574 2091 603 duce
2112 574 2146 603 in
2169 582 2228 602 an-

1223 625 1325 661 gariis
1342 635 1405 664 que
1419 628 1532 664 prevocl
1548 631 1578 657 et
1592 637 1687 665 poros
1703 627 1884 665 vulgariter
1901 627 2117 665 appellantur,
2132 634 2229 656 enor-

1222 678 1321 707 miter
1334 682 1447 708 contra
1459 679 1625 717 justitiam
1643 680 1783 717 fatigati,
1799 680 2035 716 agriculturam
2050 688 2085 708 ac
2100 679 2229 708 labores

1225 730 1318 766 alios,
1332 731 1453 769 quibus
1471 731 1535 761 sibi
1553 736 1582 762 et
1600 733 1669 762 suis
1687 732 1825 762 familiis
1839 733 1904 761 vite
1918 731 2107 762 necessaria
2121 731 2229 769 provi-

1224 783 1356 819 debant,
1374 783 1563 823 relinquere
1585 785 1838 824 compelluntur.
1864 786 2004 823 Insuper
2023 785 2085 823 ipsi
2104 784 2230 813 8110Ῐῖ1-

1224 836 1365 866 cialibus
1382 837 1475 867 ducis
1492 838 1638 876 ejusdem
1656 847 1712 876 pro
1727 838 1958 868 construendis
1972 837 2023 867 vel
2037 836 2229 875 reparandis

1225 889 1342 919 castris
1365 889 1502 927 ligneis,
1522 900 1580 921 nec
1600 900 1664 921 non
1681 901 1738 930 pro
1763 891 1949 921 succisione
1973 891 2148 924 silvarum,
2167 898 2231 928 que

1226 942 1323 980 quasi
1341 942 1433 972 labor
1448 947 1626 980 perpetuus
1643 953 1715 973 esse
1732 944 1935 982 proponitur,
1954 943 1988 972 in
2005 943 2140 973 remotis
2156 951 2232 980 par-

1226 994 1314 1024 tibus
1337 994 1440 1024 multo
1465 999 1608 1034 tempore
1630 996 1832 1030 detinentur,
1854 996 1970 1033 punito
1993 995 2137 1033 graviter
2157 994 2232 1033 qui-

1227 1054 1367 1085 cumque
1384 1047 1531 1084 ipsorum
1548 1048 1587 1076 ad
1603 1048 1702 1086 hujus
1719 1048 1909 1086 penalitatis
1926 1056 2024 1086 opera
2040 1056 2104 1077 non
2122 1055 2233 1076 acces-

1227 1099 1308 1129 serit
1332 1103 1496 1129 evocatus.
1525 1101 1679 1130 Preterea
1703 1100 1805 1130 iidem
1831 1101 1903 1139 qui,
1922 1100 2065 1139 propriis
2091 1100 2233 1137 negotiis

1228 1151 1401 1186 abdicatis,
1419 1160 1493 1181 cum
1510 1153 1730 1190 piscatoribus
1747 1153 1840 1182 ducis
1857 1153 2005 1191 ejusdem
2021 1158 2183 1191 coguntur
2198 1153 2233 1182 in

1228 1208 1363 1242 captura
1384 1205 1527 1242 piscium
1546 1205 1710 1241 laborare,
1731 1214 1864 1243 gravem
1886 1206 1922 1235 in
1944 1206 2038 1244 equis
2057 1207 2126 1236 suis
2145 1207 2234 1246 inju-

1228 1257 1312 1286 riam
1336 1257 1508 1295 patiuntur
1529 1268 1534 1285 z
1556 1267 1631 1287 nam
1652 1258 1758 1296 ipsius
1779 1259 1906 1288 nuntii.
1926 1259 2001 1289 illos
2025 1260 2094 1289 suis
2116 1261 2234 1290 usibus

1229 1310 1435 1348 deputantes,
1450 1311 1485 1339 in
1505 1315 1642 1345 tantum,
1657 1315 1814 1350 tanquam
1831 1312 1869 1341 de
1883 1313 2048 1342 constanti
2062 1312 2166 1342 nichil
2179 1313 2235 1342 ha-

1227 1363 1325 1393 bitos.
1346 1363 1488 1401 fatigant
1505 1364 1651 1398 eosdem,
1670 1364 1757 1402 quod
1772 1373 1847 1402 sepe
1864 1374 1919 1402 pre
1937 1365 2048 1395 labore
2064 1366 2234 1395 deficiunt.

1228 1420 1258 1445 et
1278 1416 1475 1454 quandoque
1495 1421 1645 1454 pereunt,
1664 1417 1727 1446 loci
1746 1422 1863 1455 negata
1881 1418 1998 1447 notitia
2014 1418 2049 1447 in
2067 1428 2130 1456 quo
2147 1419 2235 1456 ipsos

1228 1477 1441 1498 ascensorum
1468 1469 1680 1507 parvipensio
1704 1469 1893 1508 dereliquit.
1920 1470 2006 1506 Quid
2030 1470 2142 1500 ultra?
2164 1472 2236 1501 Dux

1226 1521 1316 1551 idem
1331 1526 1362 1551 et
1378 1521 1535 1552 officiales
1553 1522 1606 1551 sui
1624 1526 1690 1552 tam
1706 1522 1829 1553 liberos
1844 1532 1943 1561 quam
1960 1524 2166 1562 ascripticios
2184 1534 2237 1554 ec-

1228 1573 1328 1604 clesie
1347 1574 1535 1612 supradicte
1557 1583 1622 1604 non
1639 1575 1746 1605 solum
1764 1584 1822 1613 pro
1839 1575 2007 1606 voluntate
2025 1577 2186 1615 J'udicant,
2206 1581 2237 1606 et

1227 1620 1429 1665 compellunt
1451 1626 1577 1657 solvere
1598 1628 1797 1666 judicatum,
1816 1629 1917 1658 immo
1938 1630 2027 1666 ipsos
2044 1630 2078 1658 in
2095 1631 2236 1668 sumpti-

1226 1680 1288 1709 bus
1312 1679 1470 1717 propriis,
1500 1684 1806 1719 quantumcumque
1829 1681 1925 1719 longe
1948 1686 2039 1711 extra
2064 1691 2122 1712 sue
2150 1687 2236 1713 terre

1226 1733 1387 1763 terminos
1415 1741 1495 1762 suus
1518 1733 1672 1771 procedat
1695 1734 1875 1769 exercitus,
1897 1735 1992 1773 sequi
2017 1740 2125 1765 castra
2149 1745 2237 1766 com-

1228 1785 1365 1824 pellunt.
1384 1785 1468 1814 Auri
1485 1785 1614 1815 fodinas
1631 1786 1666 1814 in
1683 1786 1785 1815 fundo
1803 1786 2000 1817 constitutas
2017 1788 2155 1818 ecclesie
2173 1789 2237 1818 sibi

1229 1839 1293 1867 dux
1318 1838 1406 1867 idem
1431 1847 1592 1876 usurpare
1619 1843 1741 1868 temere
1767 1847 1832 1868 non
1855 1844 2007 1869 veretur:
2031 1844 2061 1870 et
2084 1844 2149 1870 tam
2167 1841 2237 1878 ipse

1230 1900 1329 1930 quam
1350 1891 1403 1920 sui
1423 1890 1561 1920 clericos
1585 1891 1751 1921 seculares
1767 1896 1798 1921 et
1814 1892 1993 1923 monachos
2009 1901 2046 1923 ac
2062 1902 2238 1924 conversos

1231 1943 1272 1973 ad
1290 1943 1455 1982 judicium
1476 1942 1674 1981 protrahunt
1697 1943 1865 1979 seculare;
1884 1944 1941 1982 qui
1964 1945 1993 1974 si
2015 1950 2236 1983 compareant,

1228 1997 1420 2036 judicantur
1440 2005 1456 2025 a
1475 1996 1570 2026 laicis
1588 1996 1816 2035 etjudicatum
1833 1997 1976 2034 exigitur
1992 1997 2031 2027 ab
2049 1998 2189 2033 eisdem;
2210 1999 2240 2028 si

1231 2058 1308 2079 vero
1328 2057 1394 2078 non
1420 2053 1641 2087 compareant,
1662 2049 1809 2087 ipsorum
1832 2049 1917 2079 bona
1941 2054 2098 2088 tanquam
2123 2056 2240 2080 contu-

1231 2102 1377 2132 macium
1393 2105 1605 2139 occupantur,
1623 2101 1663 2131 ad
1678 2101 1739 2131 hoc
1755 2106 1924 2139 assumpta
1941 2102 2132 2133 diversitate
2149 2104 2241 2133 frau-

1233 2154 1339 2189 dium,
1358 2163 1416 2192 per
1432 2163 1514 2192 quas
1530 2153 1635 2191 possit
1650 2154 1811 2184 indirecte
1830 2154 1914 2189 fieri,
1933 2155 2020 2193 quod
2035 2164 2101 2185 non
2117 2155 2240 2186 directe

1234 2207 1425 2237 conceditur
1441 2206 1626 2244 adimpleri,
1645 2206 1879 2236 canonicorum
1896 2207 2098 2237 secularium
2115 2218 2172 2238 seu
2189 2218 2241 2239 re-

1234 2259 1401 2297 gularium
1425 2259 1613 2289 testimonio
1634 2259 1669 2288 in
1690 2259 1796 2297 ipsius
1819 2260 1912 2289 ducis
1935 2265 1965 2290 et
1991 2270 2127 2291 suorum
2150 2262 2243 2292 curia

1233 2316 1395 2342 recusato.
1419 2311 1605 2342 Canonicos
1622 2312 1722 2342 etiam
1741 2312 1879 2342 ecclesie
1896 2313 2060 2351 sepedicte
2079 2314 2141 2344 dux
2158 2315 2240 2353 ipse,

1235 2364 1325 2394 omni
1344 2365 1418 2404 J'ure
1439 2365 1636 2403 proscripto,
1654 2365 1831 2403 proscribit
1848 2369 1876 2395 et
1894 2365 1927 2394 in
1950 2366 2086 2396 exilium
2106 2367 2241 2405 relegat,

1236 2417 1321 2447 sicut
1337 2421 1425 2455 patet
1442 2417 1477 2446 in
1494 2417 1612 2447 dilecto
1628 2417 1697 2447 filio
1714 2417 1765 2453 G.,
1784 2418 1942 2448 canonico
1958 2419 2241 2455 XX‘ratislax‘iensi,

1236 2471 1323 2508 apud
1339 2470 1457 2501 Sedem
1472 2469 1697 2509 Apostolicam
1713 2470 1906 2506 constituto,
1926 2481 2038 2510 quem,
2052 2473 2127 2503 sine
2145 2482 2243 2503 causa

1236 2523 1438 2559 rationabili,
1452 2523 1576 2553 molliri
1590 2523 1745 2562 precibus
1762 2523 1813 2553 vel
1829 2524 1915 2554 ssecti
1931 2525 2051 2562 pietate
2067 2526 2241 2564 nequiens,

1237 2586 1255 2606 a
1270 2585 1330 2607 sua
1343 2577 1450 2615 patria
1462 2576 1709 2615 p1·ossigavit—.
1726 2577 1799 2606 Dat.
1810 2577 1964 2612 Viterbii,
1974 2579 2074 2608 VIIII
2086 2578 2244 2608 kalendas

1239 2630 1365 2668 aprilis,
1385 2638 1471 2660 anno
1488 2630 1625 2660 decimo.
1644 2642 1656 2655 n

1311 2793 1431 2822 3085

1275 2856 1555 2890 Archipresbytero,
1580 2856 1786 2882 archidiacono
1810 2859 1836 2882 et
1861 2856 2000 2889 magistro
2021 2856 2171 2885 Andreae.
2196 2865 2244 2883 ca-

1242 2905 1347 2931 nonico
1363 2904 1598 2932 Turonensibus.
1617 2905 1737 2931 mandat
1755 2907 1897 2938 quatenus
1914 2912 2031 2930 causam
2051 2908 2180 2931 exortam
2196 2913 2245 2931 su-

1242 2960 1293 2986 per
1309 2953 1426 2979 damnis
1443 2956 1471 2979 et
1487 2953 1606 2986 injuriis
1627 2952 1823 2979 thesaurario.
1841 2952 1950 2978 decano
1971 2956 1997 2978 et
2014 2952 2144 2986 capitulo
2160 2953 2244 2979 Beati

1799 2793 1930 2820 Viterbe.
1947 2794 1982 2820 20
2000 2802 2077 2820 mars
2093 2794 2171 2820 1-236.
