2423 3487
115 285 186 316 1131
837 278 1075 310 REGISTRES
1096 276 1152 306 DE
1174 269 1396 308 GREGOIRE
1418 278 1476 308 IX.
1505 293 1509 296 ·

184 351 303 379 45¹9
607 348 736 382 Anagni,
754 348 768 374 3
785 346 949 381 septembre
966 344 1044 372 1238.

150 412 378 446 Archiepiscopo
395 410 606 444 Burdegalensi
622 413 649 436 et
666 410 800 443 episcopo
814 406 1017 435 Xanctonensi
1032 413 1117 431 man-

116 462 164 487 dat
192 464 345 494 quatenus,
370 475 400 478 —
427 468 491 485 cum
518 458 652 493 proximo
674 458 797 483 instaret
821 455 987 490 passagium
1013 454 1118 480 Terrae

118 509 243 535 Sanctae
259 516 274 534 a
289 516 352 541 rege
368 508 530 538 Navarrae,
547 506 654 532 comite
674 504 866 538 Campaniae,
884 506 911 529 et
929 502 997 528 aliis
1014 500 1118 527 nobili-

117 558 169 584 bus
180 561 206 583 et
217 557 386 591 potentibus
399 556 619 587 ordinatum,-
629 563 641 579 (1
652 556 746 588 legata
759 562 807 580 seu
817 553 875 579 alio
888 552 972 578 modo
983 558 1119 577 concessa

117 614 130 631 ›)
150 614 200 640 pro
232 605 362 631 subsidio
392 605 478 631 Terre
509 604 617 630 Sancte
648 602 679 628 in
713 601 866 636 provincia
896 597 1118 632 Burdegalensi,

119 662 132 680 ›)
149 657 269 688 excepta
286 653 393 680 diocesi
409 651 591 683 Pictavensi‚
604 651 640 677 ad
652 658 822 676 communes
837 656 979 682 expensas
988 646 1118 680 ejusdem

120 711 133 728 ))
148 703 303 734 exercitus,
316 702 351 727 de
362 701 540 727 conscientia
557 708 570 724 1)
586 699 684 726 fratris
695 697 858 729 Willelmi,
869 696 981 723 ordinis
995 696 1118 721 fratrum

119 751 280 778 Minorum.
306 750 398 784 ipsius
423 757 514 783 papae
528 746 761 782 paenitentiarii,
778 745 920 779 colligant
942 747 969 771 et
992 746 1121 774 servent,

119 800 315 834 quantitatem
329 798 497 825 eorumdem
511 798 671 830 legatorum
687 803 736 821 seu
752 794 811 821 alio
823 793 907 820 inodo
919 799 1121 819 concessorum

121 848 191 875 Sedi
206 847 393 881 Apostolicae
412 844 593 879 rescripturi.
612 858 643 861 —-
660 844 746 875 (Res.
763 842 805 873 19,
821 843 841 868 f.
859 841 893 868 49
907 844 944 873 r⁰;
965 849 1034 867 ann.
1053 840 1122 871 XII,

122 906 146 923 c.
166 897 232 928 ‘243;
250 911 282 914 —
298 895 430 921 MOREAU
451 893 529 926 1192,
554 893 573 919 f.
595 892 661 924 175;
679 906 709 909 —
728 892 885 918 POTTnAsr
898 889 1008 919 10651.)

161 1023 174 1037 «
205 1033 224 1040 ..
253 1010 474 1046 archiepiscopo
497 1007 712 1045 thrdeyalensi
738 1011 763 1034 el
802 1028 819 1034 ..
839 1005 973 1042 episcopo
997 1004 1125 1032 ‚I'ancto-

121 1065 216 1094 nensi.
237 1063 318 1093 Cum
329 1062 396 1101 jam
415 1061 563 1099 proximo
577 1077 627 1088 —.
645 1060 716 1089 Dat.
735 1063 770 1087 ut
787 1066 897 1096 supra.
918 1069 930 1082 1>

153 1199 253 1222 452⁰.
269 1209 301 1212 —
319 1195 349 1220 In
367 1193 491 1219 eundem
511 1192 629 1218 modum
648 1212 666 1218 ..
686 1191 847 1216 Tornacensz
864 1192 886 1215 et
902 1209 920 1216 ..
939 1188 1127 1215 samm-acensi

120 1244 248 1277 episcopis
260 1251 310 1277 pro
325 1242 437 1273 eodem,
455 1241 485 1267 in
501 1240 653 1275 provincia
671 1238 821 1266 Remensi.

154 1295 255 1318 452¹.
273 1306 303 1309 —
321 1291 352 1317 In
369 1290 494 1315 eundem
512 1289 630 1315 modum
653 1296 704 1321 pro
725 1286 825 1313 eodeni
849 1307 865 1312 ..
888 1285 1088 1317 archiepiscopo
1103 1287 1125 1309 et

121 1361 140 1368 ..
157 1339 350 1366 archidiacono
367 1337 592 1368 Itt'luricenslbm,
605 1336 635 1363 in
651 1335 803 1370 provincia
816 1334 997 1362 Bituricensi
1010 1336 1037 1360 et
1051 1333 1126 1367 epis-

121 1392 226 1423 copatu
243 1387 408 1415 Anii-iensi.

157 1441 257 1464 4522.
284 1450 316 1454 —
340 1437 370 1462 In
393 1435 518 1461 eundem
543 1434 661 1460 modum
686 1441 736 1466 pro
757 1432 855 1458 eodeni
885 1453 902 1458 ..

124 1487 276 1512 Turonensi
291 1487 315 1510 et
334 1505 351 1511 ..
369 1484 461 1509 abbaci
480 1483 511 1508 de
524 1483 651 1513 Ebronio,
669 1482 699 1508 in
717 1480 871 1515 provincia
884 1480 1058 1511 Turonensi,
1077 1487 1127 1505 cx-

124 1534 218 1568 ceptis
233 1534 290 1560 hiis
309 1541 364 1567 que
380 1540 514 1559 concessa
531 1533 599 1557 sunt
615 1529 708 1557 nobili
724 1529 788 1555 viro
803 1549 821 1555 ..
839 1528 941 1555 comiti
960 1527 1128 1555 Brittannic

929 1431 1127 1464 archiepiscopo

124 1591 175 1618 pro
188 1582 318 1609 subsidio
335 1581 453 1615 imperii
471 1579 625 1606 Romanie.

196 1775 316 1803 4523

161 1838 352 1865 Patriarchae
368 1836 564 1866 Antiocheno,
586 1833 745 1868 apostolico
759 1834 863 1866 legato,
882 1832 1015 1858 concedit
1032 1835 1062 1858 ut
1080 1839 1130 1857 ex-

125 1885 353 1913 communicati<
379 1893 428 1918 pro
454 1883 613 1917 injectione
635 1891 775 1909 manuum
800 1882 830 1908 in
853 1881 973 1907 clericos
998 1881 1129 1907 violenta

619 1772 750 1806 Anagni,
768 1772 783 1798 6
799 1770 964 1805 septembre
981 1770 1058 1796 1238.

124 1935 316 1962 Anticwhiam
331 1942 417 1959 causa
434 1932 679 1966 peregrinationis
695 1940 744 1957 seu
764 1930 970 1963 negotiationis
987 1929 1129 1955 acceden-

125 1984 215 2015 tibus,
239 1992 288 2009 seu
313 1992 362 2017 pro
386 1983 480 2008 salute
505 1981 673 2007 animarum
697 1988 814 2006 suarum
837 1989 852 2005 a
873 1979 1054 2006 Sarracenis,
1079 1987 1128 2004 scu

124 2033 249 2059 Vatacio
274 2032 320 2057 vel
347 2032 459 2057 ,ts-san..
482 2029 686 2058 venientibus,
715 2027 928 2054 absolutionem
959 2027 1130 2061 impendere

126 2083 222 2109 valeat
240 2089 245 2112 ς
263 2080 393 2114 cxvi-ptis
407 2079 468 2105 11115
485 2078 534 2112 11111
551 2079 586 2104 de
602 2077 808 2111 jurisdictione
825 2076 1011 2110 patriarchae
1028 2076 1129 2101 Hiero-

126 2129 494 2163 5011011101ιί11Χ15ῐ11111.-
514 2128 600 2155 (Rau.
616 2126 659 2158 19,
674 2128 693 2151 1'.
710 2126 791 2152 191·“;
808 2133 877 2151 ann.
893 2125 960 2155 XII,
978 2133 1002 2150 c.
1015 2124 1081 2153 ⁶241:
1098 2138 1127 2141 —

128 2180 260 2206 Morte-xc
283 2178 360 2207 1192,
388 2179 406 2203 t.
426 2177 517 2206 157¹.)
836 2173 843 2177 ‘

169 2305 182 2319 «
218 2315 237 2321 ..
270 2292 446 2329 patriarche
475 2291 677 2323 Antiocheno,
711 2289 876 2326 Apostolice
908 2288 992 2317 Sedis
1023 2288 1128 2324 legato.

127 2345 219 2375 Licet
246 2344 439 2373 auctoritate
461 2342 637 2380 legationis
664 2341 723 2371 11111
749 2351 766 2370 a
786 2341 868 2371 Sede
887 2339 1075 2378 Apostolica
1095 2340 1129 2368 in

127 2397 351 2436 patriarchatu
373 2402 427 2426 tuo
448 2395 634 2426 commisse,
655 2403 719 2423 non
740 2393 847 2432 possis
866 2393 1131 2422 excommunica-

127 2451 168 2480 tis
194 2459 251 2488 pro
276 2449 454 2488 injectione
479 2457 637 2477 manuum
660 2447 695 2476 in
722 2447 859 2476 61611605
884 2445 1039 2480 violenta,
1065 2445 1130 2474 nisi

124 2503 192 2532 illis
209 2502 265 2541 (1111
283 2507 359 2531 511111
375 2501 413 2531 (16
427 2500 652 2539 patriarchatu
669 2499 825 2538 predicto,
843 2498 1062 2528 absolutionis
1079 2498 1130 2528 116-

124 2555 279 2585 neficium
309 2554 471 2592 impertiri
499 2563 504 2581 :
529 2553 605 2591 quia
637 2557 745 2581 tamen
776 2551 937 2588 contingit
964 2550 1129 2580 interdum

123 2607 301 2637 nonnullos
317 2606 529 2636 Antiochiam
545 2614 645 2635 causa
661 2603 940 2643 peregrinationis
955 2612 1012 2633 seu
1031 2611 1130 2640 nego—

123 2660 271 2691 tiationis
289 2659 441 2689 accedere
459 2658 603 2692 aliunde,
620 2657 768 2687 volentes
786 2664 960 2694 personam
977 2659 1065 2684 tuam
1080 2655 1130 2684 sa-

121 2723 197 2743 vorc
216 2712 369 2751 prosequi
389 2712 493 2749 gratie
511 2710 679 2749 specialis.
706 2714 735 2740 et
760 2718 817 2747 per
842 2709 903 2738 hoc
926 2708 1002 2738 aliis
1025 2708 1130 2746 provi-

123 2765 493 2804 (1616,[11·1;·5611111111111111
509 2764 704 2794 auctoritate
719 2762 931 2792 concedimus
944 2766 978 2791 ut
992 2761 1127 2795 eisdem,

121 2819 231 2849 6111115
249 2819 305 2857 qui
323 2819 362 2848 ad
379 2823 419 2853 te,
440 2827 498 2856 pro
520 2817 625 2847 salute
645 2816 833 2846 animarum
850 2823 996 2849 suarum,
1019 2823 1036 2843 a
1053 2814 1130 2843 Sar-

157 2945 176 2968 l.
196 2946 269 2968 Avec
286 2945 404 2973 l'iucipil
422 2944 532 2966 inexact
549 2949 554 2965 z
573 2950 583 2964 «
601 2941 678 2965 Licet
694 2944 784 2964 autem
806 2939 959 2970 legationis.
979 2947 990 2961 »

2131 272 2204 303 1132

1198 343 1327 373 racenis
1344 343 1491 379 veniunt,
1517 351 1574 373 seu
1594 341 1732 372 Vatacio
1755 341 1806 371 vel
1827 341 1967 375 Assano,
1986 339 2206 369 absolutionis

1199 396 1339 433 gratiam
1352 396 1445 435 juxta
1460 395 1601 425 formam
1620 394 1768 426 Ecclesie
1787 393 1978 432 impendere
1995 392 2116 428 valeas,
2131 401 2206 422 cum

1199 448 1239 478 ab
1258 448 1306 478 eis
1324 448 1428 478 fueris
1451 447 1653 486 requisitus3
1674 447 1806 487 proviso
1822 446 1909 484 quod
1924 445 2031 484 passis
2047 445 2206 484 injuriam

1199 500 1357 530 satisfieri
1373 500 1477 530 facias
1494 504 1734 538 competentem
1753 498 1820 528 nisi
1837 498 1917 528 adeo
1932 498 2034 528 fuerit
2050 497 2160 535 gravis
2176 501 2208 527 et

1200 554 1345 584 enormis
1362 562 1526 587 excessus,
1545 552 1631 592 quod
1647 552 1765 583 merito
1784 552 1853 581 sint
1872 551 1912 581 ad
1930 551 2048 582 Sedem
2068 551 2208 589 Aposto-

1198 606 1297 636 licam
1314 605 1577 641 transmittendi;
1596 604 1741 644 exceptis
1757 604 1825 634 illis
1843 603 1900 643 qui
1920 604 1958 633 de
1972 602 2207 642 jurisdictione

1201 658 1403 689 venerabilis
1423 658 1537 688 fratris
1559 657 1665 689 nostri
1690 680 1707 686 ..
1738 656 1926 695 patriarche
1945 655 2209 687 Jerosolimitani

1202 711 1343 741 existere
1358 711 1587 741 dinoscuntur.
1606 711 1679 741 Dat.
1698 709 1862 747 Anagnie,
1880 709 1961 739 VIII
1976 708 2051 738 idus
2068 712 2210 746 septem-

1202 763 1282 800 bris,
1305 772 1391 793 anno
1407 763 1612 793 duodecimo.
1629 775 1642 791 n

1276 978 1394 1006 4524

1241 1039 1472 1074 Archiepiscopo
1494 1037 1726 1071 Rothomagensi
1743 1037 1847 1063 scribit
1862 1037 1898 1063 de
1913 1035 1995 1069 gravi
2012 1042 2099 1062 causa
2114 1037 2215 1061 exorta

1206 1090 1284 1116 inter
1297 1088 1433 1115 abbatem
1447 1090 1686 1120 conventumque
1698 1085 1821 1119 Majoris
1832 1084 2007 1111 Monasterii
2024 1082 2214 1114 Turonensis,

1207 1146 1242 1164 ex
1258 1146 1317 1164 una
1336 1140 1427 1171 parte,
1446 1139 1473 1163 et
1495 1136 1633 1164 comitem
1658 1135 1841 1166 Blesensem,
1860 1141 1895 1160 ex
1916 1134 2024 1164 altera;
2041 1132 2091 1166 qui
2107 1139 2215 1157 comes.

1208 1186 1310 1213 fractis
1326 1185 1417 1219 portis
1431 1184 1572 1212 ecclesiae
1586 1183 1716 1217 ejusdem
1733 1181 1905 1209 monasterii
1919 1184 1947 1208 et
1958 1180 2140 1214 imaginibus
2153 1187 2217 1206 cru-

1208 1234 1287 1260 cifixi
1309 1233 1500 1265 conculcatis,
1522 1234 1684 1260 claustrum
1704 1231 1783 1257 infra
1803 1231 1970 1257 clausuram
1992 1236 2142 1255 murorum
2163 1235 2218 1254 nec

1208 1292 1265 1310 non
1289 1283 1363 1309 ostia
1385 1282 1568 1310 officinarum
1594 1281 1757 1314 effregerat,
1780 1282 1819 1312 et,
1842 1279 1920 1305 inter
1937 1278 2012 1305 alias
2033 1276 2216 1308 vexationes,

1208 1332 1312 1359 vinum
1344 1331 1419 1365 quod
1443 1331 1521 1359 idem
1549 1329 1761 1357 monasterium
1790 1328 1867 1362 apud
1893 1327 2068 1354 Auricasam
2094 1328 2139 1358 (z
2163 1326 2218 1353 Or-

1209 1381 1320 1411 chaise)
1331 1383 1359 1407 et
1372 1379 1513 1407 Chosium
1527 1381 1572 1411 (z
1584 1378 1716 1411 Chouzy)
1729 1377 1866 1408 habebat,
1882 1377 1990 1402 fecerat
2001 1374 2109 1402 auferri
2121 1382 2126 1406 ;
2140 1374 2219 1401 unde

1209 1429 1251 1455 eis
1273 1428 1393 1455 mandat
1414 1430 1569 1461 quatenus,
1590 1427 1721 1460 praefato
1740 1425 1848 1451 comite
1868 1426 2036 1458 praestante
2057 1431 2107 1457 pro
2124 1422 2217 1449 mani-

1210 1477 1293 1504 festis
1309 1476 1428 1503 offensis
1442 1475 1597 1503 emendam
1620 1478 1648 1501 et
1669 1482 1718 1508 pro
1739 1473 1838 1500 dubiis
1859 1473 2038 1504 cautionem,
2055 1471 2219 1498 sententias

1211 1524 1530 1553 excommunicationis
1546 1524 1576 1550 in
1594 1531 1658 1549 eum
1674 1532 1706 1549 ea
1722 1521 1874 1549 occasione
1886 1522 1960 1548 latas
1976 1521 2098 1552 relaxet,
2113 1523 2141 1547 et
2152 1528 2219 1547 cau-

1211 1584 1271 1602 sam
1295 1574 1397 1601 audiat
1423 1576 1449 1601 et
1473 1573 1605 1603 decidat:
1628 1571 1759 1605 alioquin
1780 1571 1874 1605 ipsam
1901 1570 1936 1597 ad
1958 1569 2151 1604 apostolicum
2173 1577 2220 1596 re-

1212 1623 1313 1650 mittat
1327 1630 1466 1654 examen;
1484 1621 1559 1655 quod
1574 1621 1598 1647 51
1621 1621 1699 1647 idem
1722 1628 1818 1646 comes
1840 1619 2005 1653 praedictas
2019 1618 2173 1645 emendam
2192 1620 2221 1644 et

1212 1672 1377 1699 cautionem
1399 1671 1478 1698 infra
1498 1672 1637 1704 quattuor
1660 1677 1774 1695 menses
1800 1671 1863 1702 post
1887 1667 1980 1701 ipsius
2005 1666 2221 1700 archiepiscopi

1212 1720 1406 1747 monitionem
1432 1727 1489 1745 non
1519 1717 1711 1752 praestiterit,
1738 1716 1916 1751 praemissas
1943 1715 2106 1742 sententias
2131 1715 2222 1741 faciat.

1212 1777 1302 1802 usque
1323 1768 1359 1794 ad
1375 1767 1609 1794 satisfactionem
1634 1765 1810 1799 condignam
1835 1763 1995 1790 observari.
2019 1778 2050 1781 —
2066 1763 2153 1794 (Rea.
2176 1762 2221 1794 19,

1213 1818 1232 1843 f.
1247 1816 1280 1843 49
1299 1820 1340 1847 1¹⁰3
1357 1824 1426 1842 ann.
1441 1815 1509 1846 XII,
1524 1824 1548 1841 c.
1564 1814 1639 1845 245.)

1710 975 1840 1009 Anagni,
1856 975 1872 1000 7
1887 973 2053 1008 septembre
2063 972 2142 999 1238.

1255 1943 1266 1956 «
1289 1953 1307 1959 ..
1325 1930 1549 1966 archiespicopo
1562 1928 1803 1964 Rothomayensi.
1820 1927 1864 1956 Ex
1879 1930 1970 1965 parte
1985 1926 2107 1957 nobilis
2123 1926 2222 1956 viri..

1213 1983 1343 2013 comitis
1360 1982 1531 2012 Blescnsis
1550 1981 1614 2010 suit.
1633 1980 1836 2018 propositum
1853 1988 1963 2009 coram
1981 1978 2077 2008 nohis
2094 1978 2181 2018 quod
2201 2001 2221 2008 ..

1213 2036 1314 2065 abbas
1344 2040 1374 2064 et
1407 2038 1589 2064 conventus
1620 2033 1755 2071 Majoris
1783 2032 1977 2062 Monasterii
2004 2031 2218 2068 Turonensis,

1213 2092 1400 2118 asserentes
1429 2087 1570 2116 cundem
1599 2086 1752 2115 comitem
1783 2085 1943 2123 quasdam
1970 2085 2053 2123 ipsis
2079 2084 2222 2124 injurias

1213 2141 1379 2175 intulisse,
1402 2145 1466 2170 tam
1483 2140 1517 2168 in
1535 2139 1644 2178 ipsum
1661 2147 1758 2177 quam
1776 2139 1810 2167 10
1827 2137 1989 2168 familiam
2004 2146 2040 2167 ac
2051 2137 2178 2167 balivos
2190 2142 2222 2167 et

1214 2194 1373 2233 quosdam
1390 2194 1428 2223 de
1445 2192 1639 2222 hominibus
1656 2191 1737 2226 suis,
1754 2191 1901 2230 ejusdem
1917 2191 2101 2225 occasione,
2115 2190 2222 2229 primo

1214 2247 1254 2277 ab
1274 2272 1292 2277 ..
1312 2246 1446 2276 officiali
1463 2245 1661 2279 Turonensi,
1683 2244 1878 2287 auctoritate
1894 2243 2072 2279 ordinaria,
2092 2252 2222 2273 excom-

1214 2300 1463 2334 municationis,
1483 2308 1519 2328 ac
1537 2298 1742 2337 postmodum
1761 2297 1800 2328 ab
1819 2320 1839 2326 ..
1858 2297 1975 2326 abbate
1992 2296 2104 2326 Sancti
2120 2296 2222 2326 Nico—

1213 2354 1258 2384 lai
1275 2353 1525 2391 Andegavensis
1547 2357 1576 2382 et
1600 2351 1735 2389 collegis
1752 2351 1833 2385 suis,
1854 2349 2143 2380 conservatoribus
2158 2349 2222 2387 pri-

1216 2406 1411 2444 vilegiorum
1449 2414 1584 2435 suorum
1615 2414 1632 2434 a
1663 2404 1746 2436 Sede
1775 2403 1979 2442 Apostolica,
2017 2407 2053 2432 ut
2089 2402 2221 2438 dicitur,

1214 2459 1391 2497 deputatis,
1410 2458 1461 2488 vel
1478 2457 1701 2495 subde-legatis
1718 2457 1877 2495 ipsorum,
1891 2456 1924 2485 in
1937 2456 2060 2485 dictum
2078 2455 2223 2486 nobilem

1214 2520 1251 2541 ac
1275 2511 1356 2541 alios
1379 2511 1586 2549 supradictos
1612 2509 1975 2544 excommunicationis,
1994 2509 2078 2539 etin
2103 2513 2223 2539 terram

1214 2564 1320 2602 ipsius
1346 2564 1477 2593 comitis
1500 2563 1670 2593 interdicti
1695 2556 1846 2592 fecerunt
1869 2562 2052 2592 sententias
2077 2561 2223 2600 promul-

1214 2617 1295 2654 gari.
1318 2617 1426 2653 Quare
1443 2617 1505 2646 fuit
1532 2616 1627 2646 nobis
1653 2615 1826 2645 humiliter
1847 2614 2067 2653 supplicatum
2084 2619 2131 2649 ut,
2149 2623 2221 2644 cuni

1215 2679 1313 2708 super
1322 2669 1389 2699 hiis
1403 2679 1460 2707 pro
1475 2670 1596 2708 (10111115
1611 2673 1687 2699 51101
1702 2669 1814 2699 66(16111
1829 2668 1993 2699 sententie
2005 2667 2222 2706 promulgate,

1214 2727 1300 2752 stare
1317 2722 1481 2752 mandatis
1495 2722 1642 2752 Ecclesie
1656 2721 1697 2751 sit
1712 2726 1858 2760 paratus,
1875 2720 2017 2750 relaxari
2033 2720 2137 2750 dictas
2151 2729 2224 2751 sen-

1213 2775 1335 2804 tentias
1351 2775 1596 2805 mandaremus.
1619 2776 1816 2805 Procurator
1833 2782 1909 2803 vero
1925 2773 2147 2811 predictorum
2165 2773 2222 2803 ab·

1212 2827 1298 2857 batis
1329 2832 1360 2857 et
1387 2832 1569 2858 conventus
1597 2827 1767 2866 proposuit
1794 2835 1832 2857 ex
1857 2826 1994 2856 adverso
2020 2825 2116 2864 quod,
2143 2825 2222 2856 licet

1211 2880 1378 2918 prefatum
1394 2880 1634 2910 monasterium
1649 2879 1756 2909 eidem
1773 2878 1885 2909 comiti
1898 2878 1933 2907 in
1950 2878 2041 2908 nullo
2057 2887 2095 2908 ex
2110 2878 2221 2908 debito

1212 2936 1375 2968 teneatur,
1393 2933 1481 2963 idem
1498 2937 1608 2963 tamen
1624 2941 1744 2967 comes,
1759 2931 2025 2970 procurationem
2036 2930 2220 2961 indebitam
