2423 3487
147 319 203 349 337,
870 307 1108 339 REGIs'rREs
1131 305 1186 335 DE
1209 298 1431 336 GREGOIRE
1454 307 1513 336 lx.
2186 305 2242 335 335

149 384 324 415 doluimus,
343 386 369 410 et
392 380 533 417 amplius·
551 379 665 415 utique
685 377 888 407 doleremus,
908 375 972 403 nisi
991 373 1152 403 sciremus

149 437 235 475 quod
251 436 310 463 1100
329 442 438 463 amore
452 432 581 470 justitie
599 434 799 468 paterentur,
820 438 855 458 ac.
875 428 1059 465 legeremus
1078 425 1153 455 illos

149 497 220 518 esse
244 488 370 518 beatos,
399 485 453 522 qui
478 483 741 521 persecutionem
763 485 894 519 propter
912 479 1077 518 justitiam
1101 487 1153 516 pa-

151 541 288 569 tiuntur.
314 539 394 568 Cum
420 537 523 571 enim,
545 536 629 565 sicut
655 535 761 564 dictus
785 534 957 571 episcopus
985 531 1153 570 proposuit

149 601 258 621 0010111
278 591 383 620 nobis.
402 590 471 627 ipse
491 598 560 619 rex,
579 588 750 617 occasione
773 586 944 625 cujusdam
965 583 1120 614 maleficii
1137 592 1155 612 a

150 644 347 682 quibusdam
372 642 500 670 civibus
520 640 779 670 sselvacensilms
799 638 983 669 commissi,
1009 637 1047 666 ad
1073 636 1155 665 civi-

150 702 248 726 tatem
270 697 373 733 ipsam
392 704 464 724 cum
483 694 596 723 multis
614 693 750 723 armatis
772 697 802 722 et
823 691 1022 721 communiis
1045 699 1156 719 acces-

150 751 263 782 sisset,
285 753 312 778 et
333 748 480 786 prefatus
498 747 670 784 episcopus
688 746 820 775 offerret
840 745 945 774 01110111
966 743 1051 782 quod
1068 744 1156 773 sace-

149 807 197 833 ret
215 812 270 840 per
285 801 411 830 balivos
426 809 514 829 suos.
527 800 619 838 juxta
637 798 829 836 spialitatem
845 797 949 834 culpe,
966 796 1156 835 hujusmodi

148 855 348 885 maleficium
375 852 559 885 emendari,
588 850 782 888 suppliciter
809 849 980 888 postulans
1006 852 1058 881 01,
1083 857 1157 877 curn

148 909 218 947 ipse
236 917 270 937 ac
289 907 538 945 predecessores
562 905 632 943 ejus
650 904 682 932 in
705 903 818 933 eadem
837 902 969 931 civitate
988 901 1021 930 in
1042 901 1157 938 singu-

148 962 197 991 los
217 961 340 991 civium
361 963 389 988 et
408 959 441 987 in
459 966 573 987 omnes
590 965 721 986 omnem
740 964 874 994 prorsus
888 954 1156 993 jurisdictionem

149 1014 320 1046 haberent,
340 1017 368 1042 et
387 1021 424 1041 011
438 1011 581 1040 fuissent
596 1020 651 1048 per
665 1018 698 1039 se
714 1018 749 1039 ac
767 1008 892 1038 balivos
908 1017 984 1037 5005
997 1008 1157 1036 hactenus

149 1068 202 1097 usi
219 1066 366 1105 pacifice,
387 1074 426 1094 ne
440 1065 550 1102 ipsum
564 1067 593 1093 et
612 1062 749 1092 eandem
765 1061 937 1091 ecclesiam
950 1060 1081 1099 justitia
1098 1068 1158 1089 sua

150 1127 181 1152 et
204 1119 439 1160 jurisdictione
469 1116 660 1155 hujusmodi
682 1115 838 1153 spoliaret
861 1125 866 1143 :
894 1114 1061 1152 predictus
1089 1121 1155 1142 rex.

149 1174 303 1213 precibus
324 1177 354 1202 et
373 1169 672 1209 supplicationibus
690 1168 837 1207 ejusdem
857 1167 1001 1205 episcopi
1020 1175 1084 1195 non
1102 1165 1159 1195 ad-

149 1227 274 1259 missis,
298 1225 385 1255 ultra
408 1223 498 1253 mille
523 1227 554 1252 et
577 1222 776 1261 springentos
800 1221 906 1258 ipsius
932 1220 1077 1249 civitatis
1100 1218 1159 1248 ho-

150 1280 258 1310 mines
282 1278 353 1316 capi
376 1277 469 1311 10011,
494 1275 653 1314 quosdam
672 1283 763 1307 vero,
783 1273 839 1311 qui
862 1273 901 1302 ad
922 1271 1068 1301 bannum
1088 1271 1159 1310 ejus

151 1343 215 1363 0011
236 1335 406 1364 venerant,
426 1328 629 1359 exbannivit,
650 1331 690 1361 01,
710 1326 926 1364 quorumdam
941 1325 1053 1354 domos
1073 1324 1160 1353 circa

150 1385 270 1424 viginti
287 1383 412 1413 destrui
432 1382 570 1412 faciens,
585 1380 742 1418 quosdam
764 1378 936 1416 suspendit
953 1378 985 1406 in
1002 1377 1159 1415 patibulis

151 1444 182 1469 et
209 1438 249 1467 ad
277 1435 537 1473 redemptionem
564 1432 741 1462 nonnullos
765 1430 923 1468 compulit
948 1439 985 1459 ex
1013 1429 1156 1463 eisdem,

150 1493 260 1530 ipsum
277 1498 407 1528 quoque
426 1487 627 1525 episcopum,
646 1485 724 1524 quia
742 1485 805 1514 sibi
820 1484 1028 1521 octingentas
1044 1483 1158 1517 libras,

151 1542 395 1583 procurationis
415 1540 564 1573 nomine,
584 1547 648 1568 non
672 1537 808 1572 exolvit,
827 1537 959 1566 civitate
982 1536 1068 1573 ipsa,
1088 1535 1161 1565 red-

154 1598 278 1627 ditibus
295 1600 325 1625 et
341 1593 555 1633 proventibus
574 1592 613 1621 ad
631 1600 705 1621 eum
722 1595 752 1620 et
769 1590 942 1620 ecclesiam
961 1598 1052 1619 suam
1069 1597 1161 1626 spec-

154 1650 313 1684 tantibus,
332 1647 475 1685 exceptis
490 1645 603 1683 paucis
620 1643 811 1677 mobilibus,
830 1642 994 1680 spoliavit.
1012 1642 1161 1680 Cumque

154 1712 253 1741 super
270 1701 370 1731 tantis
387 1699 521 1738 injuriis
538 1698 577 1727 ad
594 1696 797 1735 provinciale
814 1695 991 1725 concilium
1008 1695 1162 1724 lacrima-

153 1757 213 1786 bili
235 1755 408 1794 questione
434 1752 555 1786 delata,
580 1750 781 1780 venerabilis
807 1749 909 1778 frater
933 1753 1044 1778 noster
1070 1772 1086 1777 ..
1110 1758 1163 1777 ar-

154 1809 384 1847 chiepiscopus
402 1805 578 1836 Rernensis
595 1808 625 1833 et
643 1803 845 1840 suffraganei
866 1803 928 1833 5111,
950 1806 1089 1831 tractatu
1107 1811 1163 1831 su—

154 1873 211 1901 per
227 1862 294 1891 hiis
310 1860 423 1889 habito
440 1857 604 1895 diligenti,
623 1864 813 1894 quanquam
828 1856 951 1884 sactum
969 1859 1056 1884 esset
1071 1858 1164 1884 noto-

154 1917 256 1948 rium,
276 1911 483 1943 venerabiles
507 1911 626 1939 fratres
650 1913 779 1938 nostros
806 1931 822 1936 ..
851 1907 1122 1939 Lzun‘tunensmn,
1143 1930 1163 1936 ..

154 1968 457 2000 Cathalaunensem
476 1968 506 1993 01
525 1987 543 1991 ..
563 1962 840 1993 Suessionensem
860 1961 1041 1998 0015011005,
1061 1960 1100 1989 011
1116 1960 1163 1989 10-

155 2020 354 2061 quirendum
373 2024 437 2048 tam
457 2017 495 2046 de
509 2017 582 2055 jure
599 2024 696 2053 quam
713 2014 847 2053 injuriis
864 2014 1086 2052 predictorum
1100 2013 1164 2051 epi-

156 2075 245 2113 scopi
266 2077 297 2103 et
320 2071 473 2105 ecclesie,
494 2069 532 2098 ad
558 2068 725 2097 civitatem
749 2067 903 2100 eandem,
923 2070 953 2095 et
977 2066 1016 2095 ad
1041 2066 1164 2095 (100110-

156 2128 304 2158 tiandum
340 2125 410 2162 regi
445 2123 531 2161 quod
568 2121 647 2151 illuc
687 2124 818 2158 propter
855 2119 914 2148 1100
953 2119 1162 2153 accederent,

155 2180 309 2211 duxerint
328 2176 542 2207 destinandos
562 2185 567 2202 :
589 2174 688 2203 iidem
714 2172 874 2210 episcopi,
895 2171 1082 2210 injunctum
1100 2171 1165 2200 sibi

155 2234 347 2264 mandatum
367 2229 506 2259 1111011101·
523 2231 738 2265 exequentes,
760 2225 884 2255 vocatis
906 2225 972 2253 hiis
992 2224 1048 2263 qui
1072 2228 1165 2253 erant

156 2287 203 2316 ibi
220 2295 257 2315 ex
281 2288 371 2323 parte
395 2282 498 2319 regis,
524 2285 555 2310 et
578 2280 723 2313 civibus,
745 2287 781 2307 ac
800 2278 960 2316 inquisita
983 2277 1165 2315 superbiis

156 2337 414 2377 diligentissime
441 2334 592 2367 veritate,
624 2331 878 2370 inquisitionem
905 2330 944 2359 ab
969 2330 1016 2359 eis
1045 2330 1165 2359 factam

156 2393 217 2423 sul)
241 2390 362 2428 sigillis
388 2386 530 2426 propriis
557 2385 596 2415 ad
624 2384 802 2414 concilium
825 2387 1046 2421 reportarunt.
1070 2383 1165 2413 Unde

157 2456 228 2477 cum
244 2445 291 2475 eis
305 2444 343 2473 de
358 2440 530 2480 premissis
543 2448 600 2477 per
612 2437 867 2475 inquisitionem
878 2436 1024 2465 habitam
1040 2436 1166 2474 liquido

156 2498 377 2530 constitisset,
398 2493 524 2532 pluries
546 2501 604 2530 per
621 2490 781 2529 quosdam
798 2498 835 2519 ex
858 2489 940 2527 ipsis
958 2489 1098 2518 eundem
1114 2498 1167 2519 rc-

157 2561 229 2591 00111
246 2551 444 2580 monuerunt
461 2544 620 2575 attentius
635 2548 669 2572 ut
683 2542 858 2581 jamdictos
872 2541 1061 2579 episcopum
1077 2546 1107 2571 ct
1119 2550 1166 2571 ec-

157 2587 291 2637 clesiam
310 2602 485 2632 restituere
507 2599 712 2636 dignaretur.
731 2596 793 2625 Sed
811 2604 884 2625 cum
902 2595 987 2633 apud
1004 2603 1167 2624 memora-

160 2665 225 2689 tum
252 2665 363 2694 regem
384 2655 531 2692 ipsorum
556 2650 716 2680 instantia
743 2648 933 2678 0011010005
955 2647 1165 2685 profecisset,

157 2714 278 2742 iterum
304 2710 501 2745 congregato
527 2703 678 2738 concilio,
703 2702 742 2732 ab
764 2701 932 2731 universis
957 2704 987 2729 01
1012 2699 1165 2737 singulis,

158 2768 290 2802 excepto
307 2761 453 2800 predicto
468 2756 694 2791 Laudunensi,
711 2755 767 2794 qui
784 2758 862 2784 tunc
878 2753 1033 2791 temporis
1048 2752 1168 2781 absens

158 2822 238 2853 erat,
257 2815 444 2845 condictum
462 2811 569 2841 extitit
586 2815 616 2840 et
633 2809 845 2847 promissum,
862 2806 958 2845 quod,
979 2805 1043 2834 nisi
1061 2805 1168 2833 dictus

158 2881 212 2901 rex
238 2870 326 2899 int'ra
352 2865 536 2896 vindemias
562 2863 710 2901 proximo
738 2866 814 2891 tunc
842 2863 1018 2898 soquentes
1041 2858 1168 2895 cpisco-

158 2932 235 2963 pum
253 2926 283 2952 et
300 2919 473 2951 ecclesiam
494 2916 696 2947 restituisset
713 2914 856 2948 eosdem,
876 2922 912 2942 ex
931 2917 1006 2941 tunc
1026 2912 1169 2940 Remen-

159 2977 205 3008 sis
224 2973 394 3014 provincia
413 2974 654 3008 supponeretur
672 2965 898 2997 ecclesiastico
922 2963 1113 2997 interdicto,
1137 2966 1167 2992 et

1237 371 1275 399 011
1294 371 1488 409 jamdictum
1506 381 1616 409 regem
1639 380 1752 401 010005
1771 371 1909 400 insimul
1930 372 2138 403 accedentes.
2158 371 2243 409 apud

1236 423 1344 461 ipsum
1363 429 1396 453 ut
1419 425 1582 462 premissa
1601 425 1795 461 corrigeret,
1815 424 1940 454 crebris
1958 425 2243 454 exhortationihus

1236 476 1449 511 instite1·unt;
1468 486 1532 515 quo
1549 477 1581 506 in
1599 477 1701 515 priori
1720 477 1902 509 voluntate,
1922 486 1979 507 seu
1999 477 2107 515 potius
2125 477 2244 506 00100-

1237 532 1302 558 tate
1321 529 1475 561 11010010,
1494 529 1581 559 idem
1598 529 1882 567 archiepiscopus,
1902 530 2095 559 auctoritate
2112 529 2246 559 concilii

1238 582 1303 610 sibi
1320 582 1393 611 data
1411 587 1441 611 et
1459 582 1600 619 propria,
1620 582 1741 619 elapsis
1759 582 1937 611 vindemiis
1955 586 1983 611 et
2001 582 2125 611 octavis
2146 582 2245 612 etiam

1238 634 1394 663 Omnium
1419 635 1629 669 Sanctorum,
1657 634 1697 663 ad
1716 644 1797 672 quas
1818 634 1882 663 fuit
1906 635 2111 672 postmodum
2137 634 2245 664 termi-

1239 696 1301 716 nus
1319 691 1522 725 prorogatus,
1540 687 1751 717 interdictum
1766 687 1798 715 in
1813 696 1883 717 51111,
1900 691 1930 717 01
1943 687 2066 724 singuli
2081 687 2245 725 cpiscopo-

1239 749 1327 773 rum,
1348 739 1387 768 ad
1406 739 1596 768 mandatum
1614 739 1743 777 ipsius.
1771 740 1803 768 in
1829 740 1898 768 suis
1918 740 2106 769 diocesihus
2132 749 2246 777 posue-

1239 796 1327 826 ruut,
1346 792 1489 829 exceptis
1508 792 1755 821 wilei-altilibus
1773 792 1931 822 fratribus
1950 792 2072 821 nostris
2091 815 2109 820 ..
2128 792 2247 822 Novio-

1239 845 1347 874 mensi
1367 845 1534 882 episcopo,
1556 845 1628 883 qui,
1648 849 1773 874 mutata
1794 845 1827 873 in
1846 846 2049 875 contrarium
2067 845 2245 879 voluntate,

1239 897 1348 935 ipsum
1374 897 1408 926 in
1435 906 1493 927 sua
1520 897 1643 927 diocesi
1667 907 1787 935 ponere
1817 907 1881 927 non
1910 898 2052 933 curavit,
2078 902 2109 927 et
2134 898 2247 928 eodem

1241 950 1466 984 Laudunensi,
1486 950 1553 988 qui,
1573 954 1608 979 ut
1628 950 1751 979 dictum
1771 955 1819 979 est
1841 951 2005 988 superius,
2028 951 2148 980 absens
2165 955 2245 981 erat.

1240 1005 1363 1034 Verum
1394 1003 1470 1041 quia
1501 1003 1646 1041 capitula
1673 1003 1914 1033 cathedralium
1940 1004 2154 1033 ecclesiarum
2183 1005 2248 1034 Re-

1240 1056 1366 1085 mensis
1383 1056 1551 1094 provincie
1573 1060 1687 1085 contra
1708 1056 1922 1086 interdictum
1942 1057 2085 1094 positum
2109 1057 2249 1095 quibus-

1241 1109 1315 1138 ‹lani
1332 1109 1442 1138 causis
1466 1109 1630 1147 expressis
1657 1109 1696 1138 ad
1718 1109 1835 1139 Sedem
1857 1109 2079 1147 Apostolicam
2104 1109 2248 1148 appella-

1242 1165 1333 1195 runt,
1355 1161 1475 1190 iterum
1499 1166 1696 1198 congregato
1721 1161 1876 1195 concilio,
1904 1171 1977 1191 cum
2001 1167 2190 1200 speraretur
2211 1162 2249 1192 de

1241 1218 1524 1251 transgressorum
1550 1214 1837 1244 animadversione
1866 1215 2087 1249 tractandum,
2111 1215 2250 1253 quibus-

1242 1266 1315 1295 dam
1332 1266 1537 1295 instantibus
1555 1267 1593 1295 ad
1614 1266 1827 1296 relaxandum
1851 1267 2064 1297 interdictum
2083 1267 2169 1306 quod
2185 1267 2250 1305 ipsi

1242 1323 1419 1357 posuerant
1444 1323 1473 1348 01
1500 1324 1682 1351 servarant„
1706 1320 1914 1357 supradictus
1935 1320 2108 1358 episcopus
2132 1320 2251 1350 1301νο-

1242 1372 1352 1401 censis
1371 1381 1479 1401 coram
1504 1372 1574 1409 ipso
1597 1372 1737 1401 concilio
1762 1382 1800 1402 ne
1823 1373 2035 1402 interdictum
2055 1373 2175 1410 ipsum,
2194 1382 2251 1412 pro

1243 1435 1276 1455 se
1294 1429 1322 1455 et
1342 1425 1482 1455 ecclesia
1498 1435 1557 1454 sua
1574 1426 1716 1463 positum
1735 1431 1763 1455 01
1788 1431 1955 1455 servatum
1980 1426 2019 1455 ab
2044 1426 2141 1464 ipsis,
2161 1426 2251 1456 nulla

1243 1478 1308 1507 sibi
1331 1482 1361 1507 et
1385 1477 1523 1508 ecclesie
1547 1487 1604 1507 suc
1627 1478 1855 1508 satisfactione
1878 1479 2029 1522 impensa
2050 1478 2100 1508 vel
2116 1479 2252 1509 restitu-

1243 1531 1333 1560 tione
1352 1531 1449 1565 facta,
1468 1530 1672 1560 relaxaretur
1690 1530 1730 1560 ab
1748 1530 1807 1565 eis,
1824 1531 1941 1560 Sedem
1958 1531 2179 1569 Apostolicam
2195 1541 2252 1570 ap-

1244 1584 1393 1622 pellavit,
1420 1592 1453 1613 50
1476 1588 1506 1613 01
1535 1584 1671 1613 00011001
1696 1583 1886 1619 ecclesiam,
1913 1588 1943 1613 01
1965 1584 2177 1615 interdictum
2195 1594 2252 1623 pro

1245 1637 1383 1667 ecclesia
1407 1637 1479 1675 ipsa
1497 1637 1616 1675 latum,
1642 1641 1673 1666 et
1698 1641 1820 1666 statum
1845 1637 1879 1666 in
1905 1647 1968 1676 quo
1992 1642 2061 1667 erat
2082 1638 2252 1675 negotium

1244 1691 1441 1732 protectioni
1459 1690 1635 1728 apostolice
1651 1691 1876 1728 supponendo.
1891 1692 1932 1720 At
1950 1691 2061 1726 iidem,
2078 1691 2183 1729 ipsius
2201 1700 2253 1729 ap-

1245 1744 1422 1782 pellatione
1445 1747 1647 1781 contempta,
1672 1743 1836 1781 prefatum
1859 1744 2089 1779 interdictum,
2114 1744 2148 1773 in
2170 1744 2254 1782 ipso-

1246 1806 1319 1826 rum
1343 1796 1487 1834 episcopi
1511 1800 1539 1825 et
1564 1796 1702 1826 ecclesie
1727 1805 1824 1833 grave
1844 1796 2079 1835 prejudicium,
2098 1797 2136 1827 110
2156 1797 2252 1832 sacto,

1246 1858 1321 1879 cum
1337 1849 1375 1879 de
1391 1850 1465 1888 jure
1483 1849 1705 1887 nequiverint,
1720 1848 1927 1884 relaxarunt;
1946 1850 2175 1888 propterquod
2190 1859 2254 1880 me-

1246 1906 1392 1932 moratus
1419 1902 1603 1940 episcopus.
1629 1902 1663 1930 in
1686 1902 1799 1931 multis
1822 1902 2003 1938 laboribus,
2029 1902 2198 1933 dotorihus
2224 1907 2256 1933 et

1248 1955 1400 1994 expensis
1419 1954 1639 1993 personaliter
1656 1955 1694 1984 ad
1709 1954 1931 1993 Apostolicam
1948 1955 2063 1985 Sedem
2082 1956 2252 1991 accedens,

1248 2008 1343 2038 nobis
1361 2017 1425 2037 non
1443 2008 1567 2046 absque
1582 2007 1683 2037 multa
1699 2008 1806 2037 cordis
1821 2008 2043 2038 amaritudine
2058 2008 2257 2047 supplicavit

1247 2065 1282 2090 ut
1301 2070 1399 2099 super
1418 2061 1517 2090 tantis
1542 2060 1612 2089 suis
1629 2065 1660 2089 et
1676 2060 1814 2090 ecclesie
1836 2060 1980 2098 predicte
2005 2061 2162 2099 periculis
2186 2070 2256 2091 ma-

1248 2123 1325 2143 num
1344 2122 1506 2151 apponere
1523 2113 1747 2150 dignaremur.
1766 2114 1833 2143 Nos
1851 2123 1938 2151 ergo,
1958 2114 2037 2143 moti
2054 2116 2256 2153 compassio-

1248 2167 1300 2197 nis
1318 2165 1491 2196 affectibus
1509 2175 1586 2203 erga
1600 2174 1665 2200 eos,
1683 2165 1854 2203 cupientes
1874 2170 1937 2195 tam
1955 2166 2018 2195 sibi
2034 2176 2132 2205 quani
2149 2167 2255 2198 eidem

1247 2219 1385 2250 ecclesie
1403 2228 1459 2257 per
1479 2219 1565 2247 viani
1586 2218 1676 2256 pacis
1697 2218 1823 2248 salubri
1844 2219 1989 2248 remedio
2008 2219 2189 2257 provideri,
2207 2220 2257 2249 di-

1246 2273 1368 2302 lectum
1388 2272 1493 2301 tilium
1513 2271 1708 2309 magistrum
1734 2271 1892 2310 P[etrum]
1914 2271 1953 2301 de
1970 2271 2185 2308 Collemedio,
2207 2281 2256 2302 ca-

1247 2326 1415 2364 pellanum
1433 2329 1599 2359 nostrum,
1620 2324 1823 2362 prepositum
1841 2324 1953 2354 Sancti
1971 2324 2167 2360 Audomari,
2189 2334 2257 2355 rne-

1248 2378 1408 2408 diatorem
1438 2377 1525 2407 inter
1554 2377 1644 2415 ipsos
1674 2382 1705 2407 01
1732 2376 1936 2414 5000(11011101
1963 2385 2074 2414 regem
2103 2377 2257 2408 duximus

1248 2430 1483 2468 deputandum,
1495 2429 1611 2459 dantes
1629 2429 1693 2459 sibi
1710 2429 1832 2459 nostris
1850 2429 1971 2459 litteris
1984 2429 2018 2458 in
2031 2429 2208 2466 mandatis,
2222 2434 2258 2460 ut

1248 2492 1360 2522 pacem
1379 2483 1466 2512 inter
1483 2491 1548 2518 eos,
1571 2482 1599 2512 si
1616 2486 1737 2520 posset,
1758 2482 1940 2511 secundum
1964 2482 2073 2512 datam
2096 2482 2126 2522 ei
2149 2491 2168 2512 a
2189 2483 2258 2512 Deo

1248 2535 1469 2575 prudentiam,
1489 2536 1701 2570 reformaret,
1721 2535 1807 2573 quod
1823 2535 1851 2563 si
1870 2545 1887 2563 a
1903 2535 1994 2573 pacis
2013 2539 2153 2565 tractat-u
2169 2535 2259 2566 infra

1250 2594 1315 2619 tres
1332 2597 1463 2618 menses
1481 2597 1544 2617 non
1566 2592 1676 2625 posset
1693 2579 1864 2617 concordia
1884 2587 2068 2626 provenire,
2090 2591 2183 2623 tune,
2201 2597 2258 2618 vo-

1249 2642 1332 2671 catis
1349 2641 1525 2671 evocandis
1542 2644 1572 2670 et
1591 2640 1754 2679 inquisita
1775 2644 1805 2670 et
1824 2640 1955 2678 cognita
1979 2640 2017 2670 de
2034 2640 2211 2682 interdicto
2228 2644 2260 2671 et

1250 2695 1359 2725 causis
1379 2704 1436 2732 pro
1453 2693 1574 2732 quibus
1588 2694 1732 2731 positum
1750 2693 1867 2728 extitit,
1891 2702 1949 2723 000
1973 2701 2038 2722 non
2057 2692 2258 2723 relaxatione

1250 2748 1372 2786 105105,
1392 2751 1422 2777 01
1443 2746 1631 2784 supradicte
1653 2746 1790 2776 ecclesie
1809 2756 1844 2775 ac
1868 2746 2096 2784 episcoporum
2119 2750 2149 2775 ct
2170 2746 2260 2784 capi·-

1251 2801 1394 2830 tuloruni
1411 2798 1689 2837 appellationibus
1712 2803 1742 2828 et
1766 2798 1841 2828 aliis
1863 2798 1971 2836 ipsum
1996 2798 2164 2835 negotium
2181 2807 2260 2828 con-

1251 2852 1468 2891 tingentibus,
1494 2851 1689 2889 diligentius
1711 2851 1859 2886 veritate,
1881 2860 1943 2889 que
1963 2851 2140 2886 inveniret,
2164 2850 2259 2880 nobis

1252 2906 1321 2936 suis
1344 2905 1463 2934 litteris
1483 2904 1624 2933 fideliter
1644 2904 1825 2934 intimaret.
1846 2904 1909 2934 Sed
1935 2908 2111 2942 antequam
2134 2904 2259 2942 imponi

1252 2959 1328 2988 11015
1360 2957 1491 2995 negotio
1524 2957 1700 2995 potuisset,
1726 2961 1926 2986 memoratus
1959 2956 2147 2994 episcopus,
2175 2955 2262 2985 sicut
