2519 3518
87 325 145 357 453

88 391 212 430 scripta
226 391 420 421 mandamus
432 393 595 429 quatenus
612 398 710 428 super
723 389 886 428 presentis
903 387 1086 422 electionis,

89 447 132 479 et,
150 444 179 474 si
195 443 374 481 capitulum
395 442 503 480 ipsum
523 441 679 475 voluerit,
701 441 800 471 etiam
822 450 919 479 super
941 440 1088 470 declara-

88 495 190 526 tionis
217 495 363 533 negotio,
392 494 515 524 vocatis
545 494 601 532 qui
629 494 753 524 suerint
782 494 939 524 evocandi
969 498 1000 524 et
1029 502 1088 523 au-

89 547 168 578 ditis
187 547 266 577 hinc
281 547 358 576 indo
375 546 567 585 propositis,
585 554 717 576 causam
736 546 824 575 infra
840 550 980 584 quatuor
994 554 1088 575 men-

89 608 143 630 ses
165 603 238 638 post
259 599 502 637 susceptionem
522 598 743 636 presentium,
766 598 794 627 si
814 598 852 627 de
873 598 1014 636 partium
1032 606 1088 627 vo-

89 651 216 682 luntate
233 651 441 689 processerit,
458 650 522 680 fine
538 650 696 680 canonico
709 650 911 685 terminetis3
929 650 1088 680 facientes

89 708 152 734 etc.
170 703 327 742 Alioquin
344 704 448 741 ipsam
466 703 668 733 sufficienter
685 703 881 732 instructam
897 702 936 731 ad
953 711 1088 732 examen

89 755 305 795 apostolicum
327 755 518 791 remittatis,
536 755 658 794 prefixo
674 755 823 793 partibus
839 756 924 792 [etc.,
944 763 1048 793 usque
1066 756 1088 792 :]

89 812 334 847 representent.
362 807 448 846 quod
470 807 596 846 justum
623 807 708 846 [etc.‚
732 816 836 845 usque
863 808 883 844 2]
906 811 1086 845 receptui-e.

88 861 163 890 Non
182 860 390 890 obstantibus
409 859 530 889 litteris
546 868 628 898 quas
647 860 736 897 prlor
758 864 789 889 et
810 863 990 889 conventus
1007 859 1088 890 Can-

90 913 278 942 tuarienses
301 912 341 941 ad
362 935 380 940 ..
401 912 551 941 abbatem
573 911 611 941 de
635 911 726 941 Bello
751 915 782 941 et
803 911 944 949 collegas
969 911 1087 949 ipsius,

89 974 190 1004 super
203 965 277 1003 jure
293 965 378 1003 quod
395 964 645 995 Cantuariensis
662 964 928 1002 archiepiscopus
947 964 980 993 in
1001 964 1090 994 ordi-

91 1018 225 1048 natione
246 1017 411 1047 Roffcnsis
429 1016 566 1047 ecclesie
580 1017 701 1046 habere
717 1016 920 1054 proponitur,
935 1016 1090 1045 dicuntur

91 1079 112 1100 a
127 1070 210 1101 Sede
226 1070 412 1108 Apostolica
428 1070 634 1108 impetrasse.
653 1069 746 1105 Quod
764 1069 793 1099 si
814 1077 878 1099 non
897 1077 1010 1098 omnes
1027 1072 1088 1099 etc.

92 1123 166 1152 Dat.
185 1123 297 1157 Reate,
317 1123 383 1152 IIII
401 1121 558 1151 kalendas
578 1121 720 1159 augusti,
742 1130 827 1150 anno
844 1121 980 1150 decimo.
1000 1133 1013 1146 ι»

163 1311 278 1340 3282
715 1310 809 1342 Rieti,
826 1310 842 1336 6
857 1312 924 1337 aout
940 1310 1018 1336 1236.

127 1373 356 1407 Archiepiscopo
369 1372 507 1399 Thebano
523 1373 551 1398 et
564 1370 755 1404 suffraganeis
769 1371 842 1404 ejus,
853 1386 884 1389 —
898 1371 999 1398 audito
1015 1371 1091 1405 quod

93 1421 152 1456 ipsi
162 1421 198 1447 ab
206 1420 311 1448 abbate
320 1423 347 1446 et
357 1422 502 1446 conventu
514 1419 616 1446 Sancti
626 1418 725 1445 Mileti
735 1418 770 1444 de
779 1418 993 1451 Cheremelen.,
1001 1419 1091 1445 Athe-

93 1461 206 1497 niensis
221 1468 371 1500 dioecesis,
389 1467 449 1501 qui,
465 1466 519 1494 sub
535 1467 711 1494 Graecorum
727 1466 859 1493 dominio
875 1467 962 1499 plena
977 1475 1092 1501 sempor

93 1518 230 1545 libertate
249 1516 354 1549 gavisi,
376 1523 432 1541 non
451 1515 544 1541 solum
566 1514 787 1541 immunitatem
809 1514 1010 1540 omnimodam
1030 1523 1092 1541 me-

93 1567 227 1595 ruerant,
245 1572 346 1591 verum
363 1563 451 1590 etiam
468 1563 503 1590 de
518 1562 668 1597 imperiali
681 1570 798 1589 camera
813 1562 1014 1596 percipiebant
1030 1571 1092 1590 cer-

94 1616 159 1641 tum
176 1612 323 1639 redditum
338 1611 508 1644 annuatim,
525 1611 671 1644 indebite,
687 1611 764 1637 sicut
784 1611 904 1644 quidam
924 1610 960 1637 de
977 1619 1093 1637 eorum-

95 1661 163 1688 dem
179 1660 294 1688 abbatis
309 1663 337 1686 et
352 1662 514 1687 conventus
532 1659 683 1691 iratribus,
704 1659 740 1686 ad
764 1658 869 1685 Sedem
891 1659 1092 1692 Apostolicam

93 1708 246 1741 destinati,
256 1707 406 1742 conquesti
425 1710 518 1740 crant,
533 1707 689 1741 exigebant
702 1706 842 1739 decimas,
859 1709 919 1733 tam
933 1706 969 1733 de
985 1715 1093 1740 posses-

68 1753 70 1755 *
93 1756 227 1784 sionibus
243 1755 352 1782 habitis
368 1758 436 1782 ante
451 1755 610 1782 concilium
627 1755 771 1788 generale,
786 1763 873 1788 quam
890 1754 925 1781 de
941 1755 1093 1788 possessio-

94 1805 182 1832 nibus
198 1804 233 1831 ab
246 1804 288 1830 eis
303 1806 367 1838 post
379 1803 456 1830 idem
471 1803 629 1830 concilium
642 1803 807 1837 acquisitis,
820 1811 890 1836 quas
904 1802 992 1829 iidem
1004 1802 1094 1830 abbas

94 1855 125 1880 et
137 1854 298 1879 conventus
312 1851 341 1877 in
358 1851 487 1885 ipsorum
500 1851 713 1885 archiepiscopi
729 1853 758 1877 et
769 1851 831 1884 ejus
845 1850 1092 1883 suffraganeorum

94 1900 276 1928 dioecesibus
303 1899 490 1931 obtinebant,
512 1913 543 1917 —-
567 1899 689 1925 mandat
712 1901 856 1932 quatenus
878 1898 913 1925 de
936 1898 1095 1932 praedictis

95 1947 327 1983 possessionibus
345 1949 414 1974 ante
437 1948 630 1973 memoratum
651 1946 811 1973 concilium
831 1946 1000 1980 acquisitis,
1024 1954 1095 1980 quas

96 1995 241 2031 praedicti
258 1996 361 2022 iratres
379 1995 480 2021 Sancti
501 1994 600 2021 Mileti
622 1994 748 2029 propriis
767 1993 904 2020 manibus
924 1995 975 2020 aut
994 2001 1095 2027 sump-

97 2043 178 2071 tibus
193 2043 380 2075 excolebant,
397 2043 494 2069 nullas
510 2042 546 2070 ab
566 2042 607 2069 eis
623 2042 752 2068 decimas
768 2041 905 2075 exigant;
922 2049 1008 2075 super
1025 2041 1096 2068 reli-

97 2093 164 2127 quis
176 2100 245 2119 vero
257 2092 380 2118 decimis
394 2093 571 2125 componant
583 2091 783 2118 amicabiliter
796 2099 862 2117 cum
877 2090 1002 2121 eisdem:
1020 2090 1096 2124 quod

97 2141 124 2168 si
137 2148 223 2175 super
235 2140 345 2167 eisdem
359 2139 482 2166 decimis
495 2139 569 2173 juris
582 2139 696 2173 aliquid
708 2138 831 2165 credunt
844 2146 873 2165 se
887 2138 1003 2171 habere,
1015 2140 1097 2172 pote-

97 2192 168 2216 runt
179 2196 274 2216 coram
290 2188 364 2215 Sede
377 2188 548 2222 Apostolica
560 2187 674 2221 assequi
688 2187 821 2221 justitiae
834 2187 1096 2221 complementum.

98 2237 234 2270 —(R1·:o.
251 2236 295 2268 18,
312 2235 397 2262 [182
413 2238 452 2267 ¹⁸⁰3
469 2243 538 2262 ann.
555 2235 599 2268 X,
613 2243 638 2262 e.
655 2235 729 2264 177.)

141 2347 155 2363 α
180 2358 200 2364 ..
219 2336 442 2372 archiepiscopo
461 2335 595 2364 Thebano
615 2339 641 2363 et
660 2335 860 2371 suffraganeis
880 2335 952 2371 ejus.
979 2333 1098 2364 Dilecti

99 2388 163 2418 filii
183 2411 203 2417 ..
221 2387 321 2417 abbas
345 2405 393 2415 —.
421 2388 494 2417 Dat.
513 2387 628 2421 Reate,
646 2387 726 2416 VIII
748 2386 823 2416 idus
847 2386 994 2424 augusti,
1013 2395 1099 2416 anno

100 2441 240 2470 decimo.
262 2452 274 2465 »

137 2569 240 2594 8263.
261 2580 292 2584 -—
309 2566 341 2592 In
356 2565 480 2592 eundem
500 2564 630 2597 modum,
647 2572 696 2598 pro
719 2564 841 2596 eisdem,
862 2584 879 2590 ..

100 2616 259 2643 Atheniensi
273 2617 295 2640 et
311 2615 492 2646 saffrayanet's
507 2615 576 2646 ejtcs.

138 2667 241 2691 3264.
263 2677 295 2681 —
317 2663 348 2689 In
370 2662 494 2689 eundem
516 2661 646 2694 modum,
663 2669 714 2695 pro
729 2661 851 2694 eisdem,
869 2681 887 2687 ..
902 2660 1100 2694 archiepiscopo

102 2712 298 2739 Gorititliiensi.

901 2563 1100 2596 archiepiscopo

175 2895 292 2923 32135.
676 2892 771 2925 Rieu,
788 2891 822 2918 27
836 2891 936 2925 juillet
951 2891 1029 2918 1236.

139 2956 250 2983 Abbati
268 2955 370 2983 saneti
385 2955 505 2988 Albani,
516 2954 606 2989 priori
621 2954 657 2981 de
668 2951 838 2988 Mertoufia]
855 2955 884 2981 et
896 2953 1102 2980 archidiacono

945 314 1130 352 ΒΙΧΙΕΜΕ
1152 313 1311 351 ANNEE.
2110 321 2164 349 454

1171 386 1274 414 Sancti
1300 386 1409 413 Albani
1435 386 1597 413 committit
1621 385 1838 412 terminandam
1865 394 1980 412 causam
2011 386 2114 420 prioris
2137 389 2165 412 et

1169 437 1330 461 conventus
1343 434 1523 461 Roiiensium
1536 437 1636 461 contra
1647 433 1898 467 archiepiscopum
1909 434 2164 466 Cantuaricnsem,

1170 483 1219 516 qui
1236 482 1393 516 quamdam
1414 485 1526 516 partem
1544 481 1718 508 victualium
1736 486 1896 507 conventus
1913 482 2041 515 ejusdem
2055 503 2062 513 ‚
2078 482 2168 506 sancti

1170 530 1294 556 Andreae
1313 531 1439 555 exenium
1460 530 1656 564 appellatam,
1677 530 1732 556 sibi
1757 538 1821 555 cum
1844 530 1912 556 aliis
1934 530 2073 556 eeclesiae
2097 530 2167 556 Rot-

1172 579 1272 611 tensis,
1285 586 1377 613 nuper
1389 579 1512 612 pastoris
1526 578 1668 611 regimine
1679 578 1848 609 destitutae,
1859 577 1941 604 bonis
1953 577 2167 612 episcopalibus

1171 627 1346 661 usurpabat,
1363 630 1392 653 et
1407 627 1520 653 eosdem
1536 626 1661 660 priorem
1680 630 1915 659 conventumque
1932 626 2034 652 multis
2049 625 2168 651 damnis

1171 677 1199 701 et
1214 675 1332 708 injuriis
1347 674 1502 701 afficiebat.
1521 688 1551 692 —
1568 674 1654 703 (Hm.
1672 673 1720 705 18,
1740 674 1758 699 i.
1777 673 1826 700 182
1843 677 1882 703 1·⁰;
1905 682 1973 699 ann.
1994 673 2032 704 X,
2054 682 2078 698 c.
2098 672 2166 703 178,

1171 736 1204 741 —
1220 724 1257 749 cf.
1272 729 1367 755 supra,
1385 726 1413 748 n⁰
1429 722 1520 753 3261.)

1213 821 1225 835 «
1239 809 1286 847 [..]
1297 809 1638 842 abbatiscznctialmmi,
1652 808 1809 844 [..]priori
1821 808 1986 836 (ΙεΜει-(οη.
1999 812 2025 835 et
2036 829 2042 834 .
2052 829 2057 834 .
2067 807 2168 835 archi-

1171 861 1298 890 diacono
1312 862 1418 890 Sancti
1433 861 1554 895 Albani,
1569 861 1789 888 Lincoluiensis
1802 865 1827 888 e!
1850 860 2062 887 tt'intoniensis
2077 859 2170 887 dioce-

1171 923 1250 942 sam.
1267 914 1311 942 Ex
1327 917 1450 951 parte..
1466 912 1584 950 prioris
1599 917 1628 941 ct
1643 916 1823 941 conventus
1839 911 2003 940 Itoffensis
2019 910 2168 944 ecclesie,

1171 966 1298 996 ordinis
1318 965 1423 995 sancti
1440 965 1628 994 Benedicti.
1648 965 1709 993 suit
1728 964 1929 1001 propositum
1945 972 2053 992 corani
2076 962 2170 992 nobis

1173 1017 1269 1056 quod,
1287 1026 1360 1047 cum
1378 1016 1460 1046 bone
1475 1016 1630 1046 memorie
1645 1015 1845 1049 Gundult'us,
1864 1015 2028 1044 ltoiiensis
2045 1015 2172 1052 episco-

1172 1078 1244 1108 pus,
1262 1068 1398 1107 capituli
1413 1069 1465 1098 sui
1479 1068 1652 1098 accedente
1665 1076 1840 1101 consensu,
1854 1067 2090 1096 deliberatione
2103 1075 2173 1104 pro-

1173 1122 1248 1151 vida
1260 1121 1430 1151 statuisset
1441 1121 1526 1159 quod
1539 1121 1678 1159 quedam
1691 1129 1766 1158 pars
1784 1119 1974 1149 victualium
1992 1124 2172 1149 conventus

1173 1174 1336 1213 ejusdem,
1354 1182 1452 1211 quam
1471 1173 1577 1202 sancti
1593 1172 1722 1202 Andree
1741 1172 1893 1201 exenium
1913 1171 2098 1209 appellavit,
2117 1181 2174 1209 per

1173 1225 1362 1263 episcopum
1387 1224 1444 1262 qui
1469 1232 1525 1261 pro
1549 1228 1691 1261 tempore
1712 1223 1810 1256 soret,
1830 1222 1891 1257 vel,
1910 1223 1937 1252 si
1961 1232 2034 1252 eum
2059 1223 2173 1252 alu-:sse

1174 1277 1393 1314 contingeret,
1422 1284 1479 1313 per
1506 1275 1647 1313 priorem
1677 1279 1707 1304 et
1734 1275 1870 1309 fratres,
1900 1274 1933 1303 in
1961 1275 2174 1304 resectionem

1174 1337 1355 1367 pauperum
1369 1332 1399 1358 et
1410 1327 1576 1366 hospitum
1593 1327 1723 1356 infesto
1737 1327 1883 1365 ejusdem
1898 1327 2001 1356 sancti
2017 1326 2055 1355 ad
2070 1327 2174 1364 ipsam

1175 1381 1348 1411 ecclesiam
1372 1379 1626 1413 confluentium,
1646 1379 1857 1416 expendatur,
1878 1383 1908 1408 et
1932 1383 2089 1407 statutum
2114 1378 2175 1407 hu-

1172 1433 1317 1472 jusmodi
1332 1432 1526 1462 auctoritate
1543 1430 1720 1469 apostolica
1737 1431 1837 1459 suerit
1851 1430 2099 1459 confirmatum:
2116 1439 2177 1459 nu-

1175 1498 1232 1526 per
1255 1487 1395 1517 ecclcsia
1413 1486 1484 1524 ipsa
1499 1485 1641 1523 pastoris
1658 1485 1817 1522 regimine
1834 1485 2006 1518 destituta,
2023 1485 2099 1523 quia
2122 1493 2176 1514 ve-

1178 1539 1336 1570 nerabilis
1351 1539 1454 1568 irater
1466 1543 1577 1567 noster
1595 1560 1613 1565 ..
1631 1537 1883 1567 Cantuariensis
1897 1537 2176 1575 archiepiscopus,

1176 1592 1238 1622 loci
1258 1590 1543 1629 metropolitanus,
1562 1589 1751 1628 hujusmodi
1771 1589 1934 1619 exenium.
1953 1598 1989 1618 ae
2006 1589 2033 1617 si
2051 1589 2178 1626 specia-

1175 1645 1252 1674 liter
1279 1644 1318 1674 ad
1345 1644 1533 1682 episcopum
1562 1642 1756 1680 pertineret,
1786 1641 1850 1671 sihi
1877 1650 1951 1670 cuni
1979 1641 2054 1671 aliis
2084 1641 2177 1671 bonis

1177 1696 1419 1736 episcopalibus
1441 1695 1632 1733 usurpabat,
1651 1703 1803 1724 asserens
1826 1694 1984 1732 quosdam
2006 1694 2178 1723 Rotl'enscs

1178 1750 1346 1788 episcopos
1360 1748 1443 1778 illud
1458 1748 1493 1776 in
1509 1747 1659 1777 absentia
1675 1746 1870 1784 percepisse,
1884 1756 1918 1775 ac
1934 1746 2048 1775 audire
2063 1745 2179 1775 nolens

1177 1802 1326 1836 eosdem,
1344 1804 1562 1839 proponentes
1584 1799 1684 1837 quod,
1705 1798 1885 1828 secundum
1909 1798 2179 1827 constitutionem

1177 1854 1256 1883 dicti
1282 1853 1427 1891 episcopi
1452 1856 1483 1882 et
1505 1851 1787 1881 contii-mationem
1812 1850 2041 1888 apostolicam.
2063 1850 2102 1879 ad
2125 1860 2178 1880 eos

1177 1906 1351 1943 disponere
1377 1904 1415 1934 de
1441 1904 1526 1934 dicto
1551 1904 1666 1933 exenio
1691 1903 1891 1941 pertinebat,
1916 1907 2010 1940 prout
2037 1908 2180 1940 tempore

1178 1958 1261 1988 bone
1278 1957 1434 1987 memorie
1451 1956 1622 1994 Stephani,
1638 1955 1880 1993 predecessoris
1895 1955 1958 1989 sui,
1975 1955 2093 1984 fecisse
2109 1963 2180 1983 nos-

1177 2015 1306 2045 cuntur,
1325 2010 1389 2047 ipsi
1406 2013 1551 2038 nostram
1569 2008 1773 2038 audientiam
1789 2007 2007 2045 appellarunt.
2032 2007 2094 2037 Sed
2111 2007 2180 2036 dic-

1179 2068 1230 2092 tus
1263 2061 1547 2099 archiepiscopus,
1579 2069 1693 2090 eorum
1725 2059 1944 2097 appellatione
1975 2064 2177 2096 contempta,

1179 2123 1277 2153 quam
1299 2113 1424 2152 pluries
1446 2113 1658 2143 innovarunt,
1681 2112 1839 2150 quasdam
1859 2111 1953 2141 villas
1972 2120 2084 2141 eorum
2103 2111 2182 2140 fecit

1180 2176 1236 2205 per
1260 2166 1451 2195 violentiam
1473 2164 1608 2203 spoliari
1633 2164 1727 2193 bonis
1750 2163 1894 2193 inventis
1917 2163 2055 2193 ibidem.
2077 2163 2181 2193 occidi

1180 2219 1319 2257 quedam
1341 2217 1513 2252 animalia,
1531 2222 1562 2246 et
1581 2216 1663 2246 alias
1680 2216 1727 2245 cis
1744 2216 1885 2253 dampna
1903 2215 2016 2253 gravia
2038 2220 2068 2245 et
2094 2215 2183 2254 inju-

1179 2271 1246 2300 rias
1267 2270 1419 2308 irrogari.
1447 2270 1486 2299 Et
1507 2277 1697 2308 quanquam
1723 2268 1753 2297 ei
1777 2268 1932 2297 offerrent
1960 2268 2047 2306 quod
2075 2268 2181 2305 parati

1181 2328 1274 2353 erant
1292 2328 1379 2353 stare
1398 2322 1466 2361 juri
1483 2330 1592 2351 coram
1607 2329 1814 2359 quocumque
1831 2320 2054 2350 ecclesiastico
2071 2320 2182 2359 judice

1181 2375 1394 2414 competenti,
1412 2375 1499 2404 idem
1525 2379 1650 2408 tamen,
1670 2382 1726 2411 pro
1740 2382 1809 2402 *sue
1834 2372 2012 2403 voluntatis
2033 2373 2180 2408 arbitrio,

1182 2438 1246 2458 non
1270 2432 1458 2466 acceptans,
1480 2427 1537 2457 sed
1557 2426 1789 2457 afflictionibus
1813 2426 2005 2456 afflictiones
2029 2434 2183 2455 accumu-

1182 2480 1270 2515 lans,
1300 2485 1427 2510 tantum
1456 2479 1618 2517 depressit
1648 2479 1798 2512 eosdem,
1827 2478 1912 2516 quod
1943 2487 2042 2515 super
2070 2478 2183 2507 eodem

1182 2533 1298 2563 exenio
1320 2533 1431 2563 subire
1455 2531 1603 2562 seculare
1625 2531 1788 2570 judicium
1812 2535 1889 2560 sunt
1913 2530 2036 2564 coacti,
2062 2530 2095 2558 in
2119 2539 2182 2568 quo

1183 2585 1261 2614 dicti
1283 2585 1372 2623 prior
1391 2589 1421 2614 et
1442 2588 1622 2614 conventus
1641 2583 1839 2612 contrariam
1856 2591 1890 2611 se
1907 2586 2090 2620 queruntur
2107 2590 2183 2610 sen-

1183 2638 1319 2667 tentiam
1346 2641 1546 2675 reportasse.
1572 2636 1666 2665 nobis
1693 2634 1864 2663 humiliter
1889 2633 2111 2671 supplicantes
2136 2637 2180 2666 ut,

1183 2698 1256 2719 cum
1272 2689 1462 2728 hujusmodi
1478 2697 1576 2718 causa
1591 2692 1737 2725 spectare
1750 2686 1788 2715 ad
1803 2686 1909 2715 sorum
1922 2685 2183 2714 ecclesiasticum

1183 2742 1384 2777 dinoscatur,
1403 2741 1527 2771 nullam
1543 2739 1744 2773 denuntiari,
1764 2743 1919 2776 tanquam
1936 2746 1953 2766 a
1970 2746 2034 2766 non
2053 2745 2182 2774 compe-

1183 2795 1265 2824 tenti
1281 2794 1392 2833 judice
1410 2794 1525 2827 latam,
1543 2792 1723 2830 predictam
1739 2790 1955 2823 sententiam.
1973 2794 2002 2819 et
2020 2789 2068 2818 cis
2084 2789 2183 2818 satis-

1183 2846 1256 2876 fieri
1274 2846 1313 2876 de
1331 2846 1434 2876 illatis
1452 2845 1602 2883 dampnis
1620 2848 1650 2873 et
1666 2842 1819 2879 irrogatis
1836 2841 1970 2879 injuriis
1986 2841 2178 2873 faceremus.

1183 2899 1268 2934 Quia
1287 2907 1362 2928 vero
1379 2898 1473 2927 nobis
1490 2906 1554 2926 non
1572 2895 1718 2925 constitit
1735 2894 1772 2923 de
1789 2893 1970 2931 premissis,
1989 2892 2181 2921 mandamus

1184 2954 1348 2988 quatenus
1366 2968 1404 2971 —
1421 2958 1568 2983 causam,
1587 2948 1615 2977 si
1638 2947 1676 2976 de
1699 2945 1841 2984 partium
1863 2943 2028 2973 voluntate
2052 2951 2182 2981 proces-
