2519 3518
134 253 171 283 13
976 248 1384 287 NssuvmnnzAxxssn.
2189 265 2222 293 Μ

130 323 223 351 statu
248 319 396 358 ejusdem
423 318 487 348 loci
513 328 571 357 per
597 328 654 349 vos
681 319 812 357 plenius
841 321 949 350 effecti
978 322 1140 350 fuerimus

133 371 304 402 certiores.
331 370 494 401 Volumus
520 375 671 409 preterea
697 376 727 401 et
749 372 944 402 mandamus
969 373 1072 412 quod,
1102 373 1140 402 ad

133 424 327 454 mandatum
346 427 511 458 vestrum,
529 423 664 453 interim
687 428 753 454 tres
774 424 824 453 vel
845 430 986 463 quatuor
1002 434 1141 464 persone

133 477 262 509 idonee,
284 476 313 506 si
328 476 480 506 videritis
499 476 662 514 expedire,
683 477 864 506 secundum
883 478 1056 508 facultates
1073 487 1142 508 mo-

132 528 274 559 nasterii
298 528 438 566 sepesati
456 528 661 566 recipiantur
683 528 815 558 ibidem.
843 530 979 560 Proviso
999 531 1142 568 pruden-

134 585 184 612 ter
201 590 241 611 ne
259 581 421 611 beneficia
444 580 668 610 ecclesiastica
693 581 733 610 ad
754 581 840 611 idem
860 583 1034 612 cenobium
1050 592 1142 621 spec-

133 633 239 664 tantia
251 633 324 663 sine
339 637 448 663 vestro
465 633 604 662 consilio
621 637 652 663 et
665 642 829 663 consensu
843 634 883 664 ab
900 634 1016 665 abbate
1034 635 1142 665 medio

133 690 280 724 tempore
298 686 513 715 conferantur
527 686 666 723 prefato.
684 686 950 717 Contradictores
968 692 1028 717 etc.
1050 688 1142 724 Quod

132 739 164 768 si
188 747 254 768 non
281 746 396 768 omnes
422 742 502 773 etc.;
522 738 732 776 indulgentia
759 740 853 769 Sedis
876 740 1063 778 Apostolice
1085 749 1142 779 per

132 802 235 832 quam
257 796 309 828 tu,
334 792 382 822 fili
401 792 520 828 abhas,
539 802 556 822 a
572 794 760 831 cognitione
781 803 957 825 causarum
973 799 1142 834 exemptus

132 855 208 876 esse
231 845 368 881 diceris,
396 854 462 875 non
488 846 651 876 obstante.
673 847 747 876 Dat.
768 847 911 882 Perusii,
930 849 959 878 V
982 847 1142 878 kalendas

131 898 262 937 aprilis,
281 907 368 928 anno
384 906 482 929 nono.
503 910 516 925 »

205 1084 322 1112 2489

171 1146 288 1180 Sigei-0,
311 1145 453 1173 canonico
474 1146 647 1178 Leodiensi,
671 1146 849 1173 subdiacono
869 1155 934 1179 suo,
953 1147 1088 1181 indulget
1112 1151 1144 1174 ut

131 1204 202 1223 cum
216 1195 384 1230 praebenda
403 1203 491 1229 quam
508 1195 539 1222 in
554 1195 710 1222 Leodiensi
724 1196 849 1222 ecclesia
867 1196 1034 1229 obtinebat,
1051 1197 1144 1223 eecle—

131 1244 210 1271 siam
226 1244 262 1271 de
275 1243 366 1271 Curte
380 1243 484 1271 Sancti
502 1243 658 1278 Stephani,
674 1252 762 1278 quam
776 1252 806 1270 se
816 1244 914 1278 ipsum
929 1245 1069 1272 canonice
1081 1253 1144 1279 pro—

134 1292 263 1328 ponebat
290 1292 449 1326 adeptum,
476 1292 603 1319 retinere
629 1293 738 1319 valeat.
762 1307 794 1311 —
817 1293 904 1325 (RES.
929 1293 978 1325 18,
1001 1294 1022 1320 t.
1047 1293 1082 1320 10
1103 1296 1143 1326 r⁹;

130 1350 204 1369 ann.
219 1341 272 1374 IX,
287 1349 312 1368 c.
329 1340 368 1373 6.)

695 1086 836 1118 Perouse,
851 1086 885 1113 29
901 1094 978 1113 mars
992 1086 1070 1113 1235.

177 1455 190 1470 «
207 1443 326 1481 Siyero,
346 1443 493 1472 canonico
507 1443 673 1477 Leodiensi,
690 1443 874 1472 subdiacono
890 1447 1004 1472 nostro.
1023 1443 1146 1479 Quam-

133 1495 186 1525 vis
205 1499 242 1525 ut
264 1494 377 1533 plures
400 1512 449 1524 —.
471 1496 546 1525 Dat.
570 1495 720 1530 Perusii,
748 1496 816 1526 IIII
833 1495 993 1526 kalendas
1012 1495 1144 1534 aprilis,

130 1557 222 1578 anno
237 1556 336 1578 nono.
355 1559 369 1575 1>

207 1733 327 1761 2430

173 1795 338 1828 Bernardo,
354 1795 510 1822 Anieiensi
524 1796 673 1830 episcopo,
689 1795 836 1829 significat
851 1804 881 1822 se
894 1797 1066 1823 confirmare
1080 1805 1146 1823 sen—

133 1842 263 1870 tentiam
280 1851 297 1869 a
313 1842 483 1874 Sinibaldo,
500 1842 583 1869 tituli
600 1842 703 1869 Sancti
720 1843 873 1870 Laurentii
889 1843 919 1869 in
936 1843 1048 1871 Lucina
1066 1853 1146 1878 pres-

135 1891 241 1925 bytero
259 1891 420 1923 cardinali,
437 1894 465 1918 et
483 1891 520 1918 ab
533 1891 673 1925 Aegidio,
695 1891 872 1918 Sanctorum
894 1892 1017 1920 Cosmae
1037 1896 1063 1919 et
1086 1894 1146 1920 Da-

137 1939 232 1967 miani
248 1939 371 1966 diacono
387 1939 543 1971 cardinali,
558 1940 704 1973 prolatam
719 1940 749 1966 in
765 1948 851 1966 causa
868 1949 942 1974 quae
957 1940 1034 1967 inter
1047 1941 1143 1975 ipsum

134 1989 307 2023 episcopum
324 1991 353 2015 et
373 1988 529 2015 eeclesiam
545 1988 752 2020 Aniciensem,
769 1997 804 2014 ex
825 1997 883 2015 una
898 1992 995 2023 parte,
1017 1993 1045 2016 et
1065 1990 1146 2017 Mat-

135 2038 234 2065 thiam
249 2037 394 2065 Guidonis
407 2038 551 2069 Marron.,
569 2038 665 2064 civem
688 2038 870 2070 Romanum,
886 2046 921 2064 ex
936 2039 1042 2071 altera,
1060 2047 1146 2074 super

137 2087 314 2121 quibusdam
335 2086 479 2121 pecuniae
494 2086 620 2112 summis
639 2086 819 2119 vertebatur,
837 2086 920 2113 mille
937 2087 1020 2113 libris
1037 2088 1145 2114 Pruvi—

136 2135 276 2163 nensium
304 2135 340 2162 de
367 2135 478 2162 Senatu
498 2144 515 2162 a
534 2138 721 2169 procuratore
746 2135 888 2168 praedicti
910 2135 1039 2169 episcopi
1061 2144 1146 2170 prae-

136 2184 218 2212 dicto
231 2184 380 2211 Matthiae
397 2184 542 2212 Guidonis
560 2184 691 2210 Marron.
713 2184 879 2215 solvendis
897 2184 1006 2211 inserto
1022 2185 1076 2212 sub
1094 2193 1146 2212 sua

135 2233 222 2262 bulla
232 2233 451 2268 praedictorum
463 2233 661 2259 cardinalium
674 2232 838 2259 sententiae
849 2235 958 2259 tenore.
968 2247 998 2250 —
1007 2234 1092 2264 (Rae.
1101 2233 1144 2266 18,

138 2282 160 2309 f.
174 2282 210 2309 10
223 2285 264 2315 r⁰;
281 2290 350 2309 ann.
366 2282 419 2314 IX,
436 2291 460 2308 e.
475 2283 514 2313 7.)

693 1735 834 1767 Perousc,
851 1735 885 1761 30
903 1743 980 1762 mars
995 1735 1074 1762 1235.

181 2396 195 2411 «
219 2383 414 2423 B[ernardo],
441 2384 574 2420 episcopo
594 2383 765 2411 Aniciensi.
788 2381 919 2410 Dudum
942 2381 1020 2417 tihi,
1044 2382 1148 2412 frater

137 2436 304 2475 episcope,
323 2440 355 2466 et
378 2435 502 2465 Mathie
519 2433 709 2473 Guidonfis]
727 2435 884 2468 Marron.,
904 2434 968 2464 civi
985 2435 1145 2470 Romano,

140 2490 176 2519 in
193 2493 307 2519 nostra
324 2489 493 2527 presentia
511 2487 717 2522 constitutis,
739 2490 770 2516 et
791 2496 890 2524 super
905 2496 942 2516 eo
959 2487 1045 2525 quod
1060 2487 1147 2517 idem

138 2541 286 2572 Mathias
317 2541 449 2580 petebat
480 2540 680 2571 sententiam
716 2548 732 2568 a
769 2538 876 2568 felicis
910 2539 1147 2569 recordationis

140 2595 289 2625 Honorio
305 2603 399 2632 papa,
418 2593 650 2632 predecessore
665 2596 786 2627 nostro,
802 2595 831 2621 et
847 2591 1022 2621 arbitrium
1035 2601 1052 2621 a
1063 2592 1147 2622 hone

139 2647 300 2678 memorie
331 2646 482 2684 Pelagio,
513 2644 697 2675 Albanensi
731 2644 900 2682 episcopo,
935 2653 1033 2682 super
1057 2644 1148 2674 mille

142 2700 321 2738 nongentis
359 2699 526 2736 octoginta
568 2698 716 2736 quinque
754 2696 850 2726 libris
889 2697 1148 2726 Pruvinensium

141 2753 282 2783 Francie
299 2757 330 2783 et
346 2751 600 2791 quadringentis
620 2759 655 2779 ac
679 2750 791 2779 decem
811 2749 931 2778 marcis
948 2749 1148 2787 sterlinguo-

141 2815 217 2836 rum
241 2805 367 2844 prolata
392 2813 450 2842 pro
473 2813 508 2834 se
530 2804 564 2833 in
588 2802 747 2836 solidum,
775 2801 960 2831 executioni
984 2802 1147 2836 mandari,

141 2857 331 2888 volentibus
362 2856 549 2887 adinvicem
574 2855 723 2892 litigare,
748 2854 884 2883 dilectos
909 2854 995 2883 filios
1019 2858 1148 2884 nostros

141 2910 370 2945 sinibaldum,
396 2909 484 2939 tituli
505 2908 618 2939 Sancti
639 2907 810 2937 Laurentii
828 2907 862 2935 in
881 2906 1004 2936 Lucina
1021 2906 1149 2944 presbi-

1223 325 1339 353 terum,
1361 328 1390 353 et
1408 324 1570 361 Egidium,
1590 326 1782 356 Sanctorum
1800 327 1916 358 Cosrnc
1935 333 1963 357 et
1983 329 2134 358 Damiani
2151 330 2222 359 dia-

1223 382 1340 404 conum
1368 377 1566 412 cardinales,
1594 380 1818 409 concessimus
1848 380 2023 411 auditores.
2052 382 2131 418 Qui,
2163 382 2221 412 lite

1223 435 1331 456 coram
1362 429 1409 457 eis
1446 429 1591 467 legitime
1625 436 1823 467 contestata,
1858 433 1937 463 visis
1969 434 2217 470 instrumentis,

1223 480 1414 518 scripturis,
1443 482 1691 520 probationibus
1716 489 1745 514 ct
1771 486 2037 515 confessionibus
2066 487 2219 524 partium,

1223 540 1283 562 nec
1301 542 1366 562 non
1383 538 1413 563 et
1430 535 1582 565 omnibus
1603 536 1677 565 aliis
1693 537 1733 566 ad
1749 546 1881 567 causam
1902 539 2142 576 pertinentibus
2163 550 2221 570 no-

1223 585 1397 621 minatam,
1421 597 1483 625 que
1509 591 1559 623 tu,
1583 589 1684 617 sratcr
1706 590 1866 628 episcope,
1890 592 2005 629 primo,
2031 596 2059 621 ct
2083 592 2222 622 dilectus

1223 637 1312 668 filius
1328 639 1519 669 VVillelmus
1541 641 1578 670 de
1602 642 1716 677 Polio,
1738 648 1927 680 procurator
1945 648 2019 674 tuus
2036 649 2065 674 et
2083 645 2220 675 ecclesie

1223 691 1425 721 Aniciensis.
1457 694 1680 731 postmodnm,
1709 704 1745 724 ex
1779 701 1867 733 parte
1900 706 1978 732 una,
2012 702 2040 727 et
2074 698 2221 735 prefatus

1223 744 1378 779 Mathias,
1397 754 1434 775 ex
1451 746 1568 781 altera,
1586 756 1765 785 proponere
1783 758 1817 777 ac
1835 750 1970 787 probare
1987 751 2144 786 curastis,
2163 760 2222 781 au-

1224 797 1301 827 ditis
1324 802 1355 828 et
1377 798 1507 836 plenius
1532 799 1724 835 intellectis,
1750 802 1868 839 partim
1893 812 1950 840 pro
1974 803 2059 833 dicto
2086 804 2221 839 Mathia,

1223 850 1342 887 partim
1354 859 1412 888 pro
1422 851 1547 888 prefato
1559 852 1738 889 willelmo,
1751 858 1961 891 procuratore
1976 859 2029 885 tuo
2044 861 2074 885 et
2085 855 2223 886 ecclesie

1224 902 1429 940 supradicte,
1448 907 1502 933 tuo
1519 908 1549 933 et
1568 904 1672 942 ipsius
1689 905 1827 936 ecclesie
1844 907 1992 942 nomine,
2013 908 2221 938 diffinitivam

1224 956 1423 985 sententiam
1446 957 1663 994 protulerunt.
1685 959 1752 988 Nos
1772 959 1874 995 igitur
1893 960 2073 998 predictam
2089 965 2224 991 senten-

1224 1007 1319 1043 tiam,
1342 1018 1360 1038 a
1382 1009 1620 1046 prenominatis
1641 1011 1865 1042 cardinalibus
1886 1013 2128 1044 rationabiliter
2148 1023 2223 1052 pro-

1223 1060 1415 1098 mulgatam,
1436 1062 1529 1100 cujus
1546 1066 1692 1093 tenorem
1709 1063 1746 1093 de
1760 1064 1858 1094 verbo
1875 1065 1915 1094 ad
1931 1065 2065 1095 verbum
2082 1066 2221 1096 fecimus

1225 1113 1395 1148 annotari,
1422 1114 1616 1145 auctoritate
1638 1115 1815 1153 apostolica
1837 1117 2070 1148 confirmamus
2093 1123 2123 1148 et
2149 1127 2223 1157 pre—

1225 1167 1330 1196 sentis
1358 1167 1472 1205 scripti
1498 1168 1680 1205 patrocinio
1707 1170 1960 1200 communimus.
1985 1171 2091 1201 Tenor
2114 1176 2223 1202 autem

1224 1218 1296 1257 ipse
1313 1219 1388 1249 talis
1406 1223 1454 1249 est
1472 1229 1479 1248 t

1298 1403 1437 1440 [2491]

1264 1465 1436 1500 [sinibaldi.
1450 1468 1530 1494 tituli
1544 1468 1646 1495 Sancti
1661 1469 1812 1496 Laurentii
1826 1470 1854 1495 in
1867 1470 1980 1496 Lucina
1992 1470 2153 1504 presbyteri
2166 1479 2226 1497 car-

1227 1514 1352 1547 dinalis,
1370 1518 1398 1542 et
1417 1515 1549 1549 Aegidii,
1568 1516 1743 1543 Sanctorum
1765 1517 1886 1545 Cosmae
1907 1521 1934 1545 et
1953 1518 2091 1545 Damiani
2109 1519 2224 1545 diaconi

1228 1562 1398 1596 cardinalis,
1414 1565 1561 1591 sententia
1577 1565 1607 1591 in
1623 1573 1709 1592 causa
1723 1574 1795 1599 quae
1811 1566 1888 1593 inter
1902 1566 2062 1593 Matthiam
2081 1566 2224 1593 Guidonis

1227 1611 1370 1642 Marron.,
1392 1613 1488 1640 civem
1513 1614 1695 1647 Romanum,
1717 1623 1752 1641 ex
1774 1623 1832 1641 una
1857 1618 1952 1649 parte,
1976 1619 2003 1642 et
2026 1616 2224 1647 Bernardum,

1226 1655 1417 1688 Aniciensem
1435 1662 1602 1697 episcopum
1613 1684 1619 1695 ‚
1636 1665 1664 1690 et
1679 1663 1868 1690 Anieiensem
1885 1663 2037 1691 ecclesiam
2047 1686 2053 1696 ,
2070 1672 2104 1691 ex
2118 1665 2208 1692 altera
2218 1687 2224 1694 ,

1227 1719 1314 1745 super
1329 1711 1505 1745 quibusdam
1520 1712 1644 1739 summis
1656 1713 1796 1746 pecuniae
1807 1713 1991 1745 vertebatur,
2009 1722 2062 1747 qua
2080 1714 2223 1741 sententia

1227 1759 1437 1794 pronuntiatur
1453 1760 1537 1787 mille
1553 1760 1642 1787 libras
1656 1761 1886 1788 Pruvinensium
1903 1761 1938 1787 de
1959 1762 2069 1788 Senatu
2089 1771 2103 1788 a
2124 1770 2226 1796 procu—

1227 1810 1322 1835 ratore
1338 1808 1480 1842 praedicti
1498 1808 1625 1843 episcopi
1649 1809 1796 1843 praedicto
1817 1809 1963 1836 Matthiae
1987 1810 2129 1837 (luidonis
2145 1810 2227 1837 Mar-

1227 1865 1289 1883 ron.
1307 1866 1367 1884 esse
1380 1856 1557 1891 solvendas]

1754 1407 1888 1440 Pe'rouse,
1903 1408 2063 1441 17janvie1·
2076 1408 2153 1435 1235.

1269 1969 1282 1983 (ι
1307 1958 1346 1986 In
1370 1957 1503 1987 nomine
1525 1957 1659 1987 Domini
1683 1958 1795 1987 Nostri
1819 1958 1925 1988 Jhesu
1947 1958 2084 1989 Christi.
2108 1961 2224 1989 Amen.

1230 2021 1243 2035 »
1267 2010 1364 2039 Anno
1377 2009 1571 2039 Nativitatis
1584 2010 1731 2048 ejusdem
1742 2010 2003 2045 M⁰CC⁰XXXV⁰,
2017 2012 2227 2049 pontificatus

1230 2074 1243 2088 1>
1268 2062 1393 2092 domini
1424 2063 1577 2100 Gregorii
1608 2072 1689 2101 pape
1717 2064 1815 2093 VIIII
1845 2072 1930 2093 anno
1959 2068 2089 2098 octavo,
2121 2065 2227 2094 indic-

1230 2127 1243 2141 »
1267 2115 1357 2145 tione
1372 2116 1470 2150 VIII,
1491 2124 1604 2145 mense
1624 2115 1786 2154 januarii,
1805 2115 1856 2145 die
1871 2116 1978 2145 XVII.
1997 2116 2078 2146 Cum
2094 2125 2226 2146 causam

1230 2180 1243 2194 »
1269 2177 1332 2206 que
1343 2167 1532 2197 vertebatur
1543 2168 1630 2197 inter
1643 2167 1802 2197 Mathiam
1815 2168 2002 2206 Gnid[onis]
2015 2169 2169 2205 Marron.,
2184 2169 2226 2199 ci-

1230 2232 1244 2247 »
1269 2229 1341 2250 vem
1357 2221 1553 2255 Romanum,
1570 2229 1606 2250 ex
1621 2224 1712 2258 parte
1725 2229 1801 2255 una,
1817 2225 1847 2250 et
1859 2221 2075 2256 Bernardum,
2093 2230 2226 2251 venera-

1231 2284 1244 2299 »
1268 2272 1370 2302 bilem
1382 2272 1582 2311 episcopum,
1596 2277 1627 2302 et
1639 2272 1811 2303 ecclesiam
1826 2273 2049 2308 Aniciensem,
2063 2283 2099 2303 ex
2112 2273 2224 2310 altera,

1231 2337 1244 2351 »
1270 2334 1369 2364 super
1386 2325 1477 2355 mille
1499 2325 1690 2364 quingentis
1711 2329 1742 2355 et
1758 2325 1998 2364 quinquaginta
2014 2325 2108 2356 libris
2127 2326 2228 2356 bono-

1231 2390 1244 2404 »
1270 2387 1342 2407 rum
1358 2382 1388 2408 et
1399 2377 1556 2416 legalium
1572 2377 1854 2416 Pruvinen[sium]
1867 2378 2015 2412 Francia,
2029 2383 2059 2408 et
2074 2379 2228 2408 trecentis

1231 2442 1244 2456 »
1269 2434 1300 2460 et
1322 2429 1563 2468 quinquaginta
1579 2425 1699 2459 marcis
1719 2429 1894 2464 bonorum,
1914 2438 2070 2459 novorum
2093 2435 2121 2459 et
2139 2430 2228 2468 lega-

1232 2495 1244 2509 »
1269 2482 1351 2512 lium
1369 2482 1642 2519 sterlinguorum,
1662 2482 1695 2511 in
1715 2491 1780 2511 una
1796 2486 1903 2520 parte,
1923 2491 1958 2511 ac
1977 2482 2228 2520 quadringentis

1231 2548 1245 2562 »
1270 2540 1301 2565 et
1318 2535 1453 2573 triginta
1470 2535 1616 2573 quinque
1635 2534 1729 2564 libris
1746 2534 1905 2564 bonorum
1926 2539 1955 2564 et
1971 2534 2127 2572 legalium
2146 2536 2228 2565 Pru-

1233 2600 1245 2614 »
1268 2588 1482 2625 vinen[sium}
1502 2587 1656 2621 Francie,
1678 2595 1735 2624 pro
1751 2591 1855 2616 sorte,
1877 2591 1907 2616 et
1924 2587 2091 2624 sexaginta
2109 2587 2228 2616 marcis

1232 2654 1245 2668 »
1269 2641 1441 2671 honorum.
1456 2648 1613 2669 novorum
1630 2644 1659 2669 et
1671 2638 1827 2677 legalium
1841 2638 2109 2676 sterlinguorum.
2122 2639 2227 2669 trede-

1233 2706 1245 2720 »
1270 2694 1334 2723 cim
1348 2693 1463 2723 solidis
1480 2696 1509 2721 et
1524 2697 1664 2730 quatuor
1677 2691 1868 2728 sterlinguis
1886 2700 1941 2728 pro
1955 2700 2063 2720 marca
2082 2691 2227 2729 qualibet

1232 2760 1245 2774 >2
1271 2746 1514 2785 computandis.
1545 2753 1602 2783 pro
1629 2744 1779 2782 dampnis
1804 2748 1833 2773 et
1857 2744 2023 2781 expensis.
2051 2744 2083 2772 in
2112 2743 2225 2773 altera.

1233 2812 1246 2826 1)
1272 2808 1370 2837 super
1387 2798 1507 2836 quibus
1529 2797 1681 2826 omnibus
1706 2796 1798 2834 petiit
1822 2796 1908 2825 idem
1932 2795 2072 2825 Mathias
2094 2801 2227 2826 senten—

1234 2864 1246 2878 »
1271 2852 1351 2881 tiam
1368 2860 1386 2880 a
1404 2851 1486 2879 bone
1507 2849 1663 2879 memorie
1684 2848 1815 2878 domino
1832 2848 1977 2877 Honorio
1993 2857 2073 2886 papa
2090 2852 2119 2877 et
2139 2848 2228 2878 arbi-

1234 2917 1247 2931 »
1272 2904 1372 2933 trium
1390 2912 1407 2932 a
1427 2903 1508 2931 bone
1525 2901 1680 2931 memorie
1698 2900 1847 2937 Pelagio.
1866 2900 2030 2938 quondam
2047 2900 2228 2930 Albanensi
