<?xml version="1.0" encoding="UTF-8"?>
<!DOCTYPE html PUBLIC "-//W3C//DTD XHTML 1.0 Transitional//EN"
    "http://www.w3.org/TR/xhtml1/DTD/xhtml1-transitional.dtd">
<html xmlns="http://www.w3.org/1999/xhtml" xml:lang="en" lang="en">
 <head>
  <title>
</title>
<meta http-equiv="Content-Type" content="text/html;charset=utf-8" />
  <meta name='ocr-system' content='tesseract 3.04.00' />
  <meta name='ocr-capabilities' content='ocr_page ocr_carea ocr_par ocr_line ocrx_word'/>
</head>
<body>
  <div class='ocr_page' id='page_1' title='image "./lesregistresdale02cathuoft_0211.png"; bbox 0 0 2519 3518; ppageno 0'>
   <div class='ocr_carea' id='block_1_1' title="bbox 121 298 2212 342">
    <p class='ocr_par' dir='ltr' id='par_1_1' title="bbox 121 298 2212 342">
     <span class='ocr_line' id='line_1_1' title="bbox 121 298 2212 342; baseline 0 -5"><span class='ocrx_word' id='word_1_1' title='bbox 121 306 178 337; x_wconf 89' lang='lat'>381</span> <span class='ocrx_word' id='word_1_2' title='bbox 979 298 1166 336; x_wconf 77' lang='lat' dir='ltr'><strong>DIXIEME</strong></span> <span class='ocrx_word' id='word_1_3' title='bbox 1187 298 1348 336; x_wconf 80' lang='lat' dir='ltr'>ANNEE.</span> <span class='ocrx_word' id='word_1_4' title='bbox 2152 309 2212 342; x_wconf 78' lang='lat'>382</span> 
     </span>
    </p>
   </div>
   <div class='ocr_carea' id='block_1_2' title="bbox 122 373 1126 454">
    <p class='ocr_par' dir='ltr' id='par_1_2' title="bbox 122 373 1126 454">
     <span class='ocr_line' id='line_1_2' title="bbox 122 373 1126 408; baseline -0.002 -7"><span class='ocrx_word' id='word_1_5' title='bbox 122 373 202 401; x_wconf 79' lang='lat' dir='ltr'>inter</span> <span class='ocrx_word' id='word_1_6' title='bbox 216 373 379 401; x_wconf 90' lang='lat' dir='ltr'>Henricum</span> <span class='ocrx_word' id='word_1_7' title='bbox 389 394 395 406; x_wconf 89' lang='lat'>,</span> <span class='ocrx_word' id='word_1_8' title='bbox 412 381 508 407; x_wconf 82' lang='lat' dir='ltr'>regem</span> <span class='ocrx_word' id='word_1_9' title='bbox 528 373 691 408; x_wconf 83' lang='lat' dir='ltr'>Anglorum</span> <span class='ocrx_word' id='word_1_10' title='bbox 701 395 708 406; x_wconf 88' lang='lat'>,</span> <span class='ocrx_word' id='word_1_11' title='bbox 722 376 751 401; x_wconf 90' lang='lat' dir='ltr'>et</span> <span class='ocrx_word' id='word_1_12' title='bbox 765 374 930 402; x_wconf 84' lang='lat' dir='ltr'>Johannam</span> <span class='ocrx_word' id='word_1_13' title='bbox 941 395 947 407; x_wconf 88' lang='lat'>‚</span> <span class='ocrx_word' id='word_1_14' title='bbox 964 373 1057 400; x_wconf 85' lang='lat' dir='ltr'>filiam</span> <span class='ocrx_word' id='word_1_15' title='bbox 1078 381 1126 400; x_wconf 91' lang='lat' dir='ltr'>co-</span> 
     </span>
     <span class='ocr_line' id='line_1_3' title="bbox 125 413 1126 454; baseline -0.002 -5"><span class='ocrx_word' id='word_1_16' title='bbox 125 421 208 449; x_wconf 84' lang='lat' dir='ltr'>mitis</span> <span class='ocrx_word' id='word_1_17' title='bbox 238 413 446 454; x_wconf 61' lang='lat' dir='ltr'>pontivensis,</span> <span class='ocrx_word' id='word_1_18' title='bbox 479 423 662 448; x_wconf 87' lang='lat' dir='ltr'>contractum</span> <span class='ocrx_word' id='word_1_19' title='bbox 688 422 804 448; x_wconf 86' lang='lat' dir='ltr'>nullum</span> <span class='ocrx_word' id='word_1_20' title='bbox 833 430 894 449; x_wconf 86' lang='lat' dir='ltr'>esse</span> <span class='ocrx_word' id='word_1_21' title='bbox 919 421 1067 448; x_wconf 79' lang='lat' dir='ltr'>nuntient.</span> <span class='ocrx_word' id='word_1_22' title='bbox 1094 435 1126 439; x_wconf 97' lang='lat'><strong>—</strong></span> 
     </span>
    </p>
   </div>
   <div class='ocr_carea' id='block_1_3' title="bbox 121 468 1021 502">
    <p class='ocr_par' dir='ltr' id='par_1_3' title="bbox 121 468 1021 502">
     <span class='ocr_line' id='line_1_4' title="bbox 121 468 1021 502; baseline 0 -6"><span class='ocrx_word' id='word_1_23' title='bbox 121 469 211 502; x_wconf 71' lang='lat' dir='ltr'>(Rae.</span> <span class='ocrx_word' id='word_1_24' title='bbox 227 468 272 502; x_wconf 91' lang='grc'>18,</span> <span class='ocrx_word' id='word_1_25' title='bbox 288 469 308 496; x_wconf 86' lang='lat' dir='ltr'>f.</span> <span class='ocrx_word' id='word_1_26' title='bbox 325 468 377 496; x_wconf 84' lang='lat'>152</span> <span class='ocrx_word' id='word_1_27' title='bbox 390 472 428 501; x_wconf 78' lang='lat' dir='ltr'>r⁰;</span> <span class='ocrx_word' id='word_1_28' title='bbox 444 477 514 496; x_wconf 84' lang='lat' dir='ltr'>ann.</span> <span class='ocrx_word' id='word_1_29' title='bbox 528 469 568 502; x_wconf 89' lang='lat' dir='ltr'>X,</span> <span class='ocrx_word' id='word_1_30' title='bbox 582 478 607 496; x_wconf 88' lang='lat' dir='ltr'>c.</span> <span class='ocrx_word' id='word_1_31' title='bbox 624 469 672 502; x_wconf 86' lang='grc'>63;</span> <span class='ocrx_word' id='word_1_32' title='bbox 688 484 719 488; x_wconf 95' lang='grc'>-</span> <span class='ocrx_word' id='word_1_33' title='bbox 736 470 892 497; x_wconf 50' lang='lat' dir='ltr'>Por-masa*</span> <span class='ocrx_word' id='word_1_34' title='bbox 910 469 1021 500; x_wconf 75' lang='grc'>10149.)</span> 
     </span>
    </p>
   </div>
   <div class='ocr_carea' id='block_1_4' title="bbox 119 567 1130 1922">
    <p class='ocr_par' dir='ltr' id='par_1_4' title="bbox 119 567 1130 1922">
     <span class='ocr_line' id='line_1_5' title="bbox 165 567 1128 608; baseline 0.002 -11"><span class='ocrx_word' id='word_1_35' title='bbox 165 580 179 596; x_wconf 73' lang='grc' dir='ltr'><strong>α</strong></span> <span class='ocrx_word' id='word_1_36' title='bbox 197 567 245 608; x_wconf 89' lang='lat'>[..]</span> <span class='ocrx_word' id='word_1_37' title='bbox 255 570 407 607; x_wconf 83' lang='lat' dir='ltr'>preposito</span> <span class='ocrx_word' id='word_1_38' title='bbox 422 569 638 606; x_wconf 80' lang='lat' dir='ltr'>Beverlacensi‚</span> <span class='ocrx_word' id='word_1_39' title='bbox 658 571 852 600; x_wconf 81' lang='lat' dir='ltr'>Eboracensis</span> <span class='ocrx_word' id='word_1_40' title='bbox 866 570 1000 606; x_wconf 83' lang='lat' dir='ltr'>diocesis,</span> <span class='ocrx_word' id='word_1_41' title='bbox 1019 575 1044 599; x_wconf 81' lang='lat' dir='ltr'>et</span> <span class='ocrx_word' id='word_1_42' title='bbox 1060 579 1128 599; x_wconf 83' lang='lat' dir='ltr'>ma-</span> 
     </span>
     <span class='ocr_line' id='line_1_6' title="bbox 119 622 1129 661; baseline 0.001 -10"><span class='ocrx_word' id='word_1_43' title='bbox 119 622 228 660; x_wconf 79' lang='lat' dir='ltr'>9istris</span> <span class='ocrx_word' id='word_1_44' title='bbox 246 622 278 651; x_wconf 89' lang='lat' dir='ltr'>P.</span> <span class='ocrx_word' id='word_1_45' title='bbox 296 622 331 651; x_wconf 82' lang='lat' dir='ltr'>de</span> <span class='ocrx_word' id='word_1_46' title='bbox 346 623 525 660; x_wconf 78' lang='lat' dir='ltr'>Columpna,</span> <span class='ocrx_word' id='word_1_47' title='bbox 547 623 736 658; x_wconf 77' lang='lat' dir='ltr'>carnotensi,</span> <span class='ocrx_word' id='word_1_48' title='bbox 758 628 784 652; x_wconf 86' lang='lat' dir='ltr'>et</span> <span class='ocrx_word' id='word_1_49' title='bbox 803 624 936 661; x_wconf 76' lang='lat' dir='ltr'>Huqoni,</span> <span class='ocrx_word' id='word_1_50' title='bbox 951 624 1061 653; x_wconf 82' lang='lat' dir='ltr'>Pisano</span> <span class='ocrx_word' id='word_1_51' title='bbox 1077 632 1129 652; x_wconf 86' lang='lat' dir='ltr'>ca-</span> 
     </span>
     <span class='ocr_line' id='line_1_7' title="bbox 122 675 1129 710; baseline 0.002 -6"><span class='ocrx_word' id='word_1_52' title='bbox 122 675 255 710; x_wconf 77' lang='lat' dir='ltr'>nonicis,</span> <span class='ocrx_word' id='word_1_53' title='bbox 277 675 416 704; x_wconf 78' lang='lat' dir='ltr'>Parisius</span> <span class='ocrx_word' id='word_1_54' title='bbox 431 677 701 705; x_wconf 81' lang='lat' dir='ltr'><em>commorantibus.</em></span> <span class='ocrx_word' id='word_1_55' title='bbox 719 675 911 706; x_wconf 83' lang='lat' dir='ltr'>Exultamus</span> <span class='ocrx_word' id='word_1_56' title='bbox 931 677 965 706; x_wconf 91' lang='lat' dir='ltr'>in</span> <span class='ocrx_word' id='word_1_57' title='bbox 987 676 1129 706; x_wconf 89' lang='lat' dir='ltr'>Domino</span> 
     </span>
     <span class='ocr_line' id='line_1_8' title="bbox 122 727 1128 767; baseline 0.002 -10"><span class='ocrx_word' id='word_1_58' title='bbox 122 727 222 766; x_wconf 85' lang='lat' dir='ltr'>quod,</span> <span class='ocrx_word' id='word_1_59' title='bbox 240 727 311 767; x_wconf 90' lang='lat' dir='ltr'>ejus</span> <span class='ocrx_word' id='word_1_60' title='bbox 327 728 491 763; x_wconf 87' lang='lat' dir='ltr'>timorem,</span> <span class='ocrx_word' id='word_1_61' title='bbox 510 729 568 767; x_wconf 90' lang='lat' dir='ltr'>qui</span> <span class='ocrx_word' id='word_1_62' title='bbox 583 733 633 758; x_wconf 88' lang='lat' dir='ltr'>est</span> <span class='ocrx_word' id='word_1_63' title='bbox 648 729 783 759; x_wconf 90' lang='lat' dir='ltr'>initium</span> <span class='ocrx_word' id='word_1_64' title='bbox 802 729 976 767; x_wconf 80' lang='lat' dir='ltr'>sapientie,</span> <span class='ocrx_word' id='word_1_65' title='bbox 997 729 1128 759; x_wconf 86' lang='lat' dir='ltr'>carissi-</span> 
     </span>
     <span class='ocr_line' id='line_1_9' title="bbox 122 779 1129 820; baseline 0.002 -11"><span class='ocrx_word' id='word_1_66' title='bbox 122 788 198 810; x_wconf 91' lang='lat' dir='ltr'>mus</span> <span class='ocrx_word' id='word_1_67' title='bbox 213 779 249 810; x_wconf 92' lang='lat' dir='ltr'>in</span> <span class='ocrx_word' id='word_1_68' title='bbox 267 780 400 811; x_wconf 87' lang='lat' dir='ltr'>Christo</span> <span class='ocrx_word' id='word_1_69' title='bbox 416 780 506 811; x_wconf 83' lang='lat' dir='ltr'>filius</span> <span class='ocrx_word' id='word_1_70' title='bbox 526 785 639 811; x_wconf 89' lang='lat' dir='ltr'>noster</span> <span class='ocrx_word' id='word_1_71' title='bbox 660 781 842 817; x_wconf 86' lang='lat' dir='ltr'>Henricus,</span> <span class='ocrx_word' id='word_1_72' title='bbox 867 791 923 812; x_wconf 83' lang='lat' dir='ltr'>rex</span> <span class='ocrx_word' id='word_1_73' title='bbox 947 781 1129 820; x_wconf 75' lang='lat' dir='ltr'>Anglornm</span> 
     </span>
     <span class='ocr_line' id='line_1_10' title="bbox 122 831 1128 871; baseline 0.002 -10"><span class='ocrx_word' id='word_1_74' title='bbox 122 831 277 868; x_wconf 86' lang='lat' dir='ltr'>illustris,</span> <span class='ocrx_word' id='word_1_75' title='bbox 293 832 419 863; x_wconf 84' lang='lat' dir='ltr'>habens</span> <span class='ocrx_word' id='word_1_76' title='bbox 435 842 491 871; x_wconf 90' lang='lat' dir='ltr'>pre</span> <span class='ocrx_word' id='word_1_77' title='bbox 506 833 785 869; x_wconf 81' lang='lat' dir='ltr'>oculis,lihenter,</span> <span class='ocrx_word' id='word_1_78' title='bbox 803 834 887 863; x_wconf 86' lang='lat' dir='ltr'>sicut</span> <span class='ocrx_word' id='word_1_79' title='bbox 903 833 1128 864; x_wconf 75' lang='lat' dir='ltr'>intelleximus</span> 
     </span>
     <span class='ocr_line' id='line_1_11' title="bbox 124 884 1129 924; baseline 0 -9"><span class='ocrx_word' id='word_1_80' title='bbox 124 888 156 915; x_wconf 85' lang='lat' dir='ltr'>et</span> <span class='ocrx_word' id='word_1_81' title='bbox 173 884 365 923; x_wconf 82' lang='lat' dir='ltr'>gaudemus.</span> <span class='ocrx_word' id='word_1_82' title='bbox 383 885 527 915; x_wconf 81' lang='lat' dir='ltr'>declinat</span> <span class='ocrx_word' id='word_1_83' title='bbox 546 885 586 915; x_wconf 84' lang='lat' dir='ltr'>ab</span> <span class='ocrx_word' id='word_1_84' title='bbox 602 885 669 916; x_wconf 89' lang='lat' dir='ltr'>hiis</span> <span class='ocrx_word' id='word_1_85' title='bbox 693 895 755 924; x_wconf 87' lang='lat' dir='ltr'>que</span> <span class='ocrx_word' id='word_1_86' title='bbox 772 886 893 915; x_wconf 85' lang='lat' dir='ltr'>samam</span> <span class='ocrx_word' id='word_1_87' title='bbox 915 886 1081 916; x_wconf 84' lang='lat' dir='ltr'>maculant</span> <span class='ocrx_word' id='word_1_88' title='bbox 1098 890 1129 916; x_wconf 90' lang='lat' dir='ltr'>et</span> 
     </span>
     <span class='ocr_line' id='line_1_12' title="bbox 124 936 1128 975; baseline 0 -8"><span class='ocrx_word' id='word_1_89' title='bbox 124 936 244 967; x_wconf 88' lang='lat' dir='ltr'>salutis</span> <span class='ocrx_word' id='word_1_90' title='bbox 260 937 394 975; x_wconf 87' lang='lat' dir='ltr'>pariunt</span> <span class='ocrx_word' id='word_1_91' title='bbox 412 937 659 968; x_wconf 75' lang='lat' dir='ltr'>detrimentum.</span> <span class='ocrx_word' id='word_1_92' title='bbox 678 938 784 972; x_wconf 77' lang='lat' dir='ltr'>Unde,</span> <span class='ocrx_word' id='word_1_93' title='bbox 803 947 877 968; x_wconf 88' lang='lat' dir='ltr'>cum</span> <span class='ocrx_word' id='word_1_94' title='bbox 893 938 1015 968; x_wconf 85' lang='lat' dir='ltr'>dudum</span> <span class='ocrx_word' id='word_1_95' title='bbox 1033 939 1128 968; x_wconf 85' lang='lat' dir='ltr'>nohi-</span> 
     </span>
     <span class='ocr_line' id='line_1_13' title="bbox 122 989 1128 1023; baseline 0.001 -4"><span class='ocrx_word' id='word_1_96' title='bbox 122 989 189 1020; x_wconf 89' lang='lat' dir='ltr'>lem</span> <span class='ocrx_word' id='word_1_97' title='bbox 205 989 379 1020; x_wconf 88' lang='lat' dir='ltr'>mulierem</span> <span class='ocrx_word' id='word_1_98' title='bbox 395 990 594 1023; x_wconf 83' lang='lat' dir='ltr'>Johannam.</span> <span class='ocrx_word' id='word_1_99' title='bbox 613 994 724 1020; x_wconf 85' lang='lat' dir='ltr'>natam</span> <span class='ocrx_word' id='word_1_100' title='bbox 741 991 862 1021; x_wconf 87' lang='lat' dir='ltr'>nobilis</span> <span class='ocrx_word' id='word_1_101' title='bbox 877 991 940 1021; x_wconf 91' lang='lat' dir='ltr'>viri</span> <span class='ocrx_word' id='word_1_102' title='bbox 959 1015 977 1020; x_wconf 80' lang='lat'>..</span> <span class='ocrx_word' id='word_1_103' title='bbox 997 991 1128 1021; x_wconf 90' lang='lat' dir='ltr'>comitis</span> 
     </span>
     <span class='ocr_line' id='line_1_14' title="bbox 124 1042 1129 1082; baseline 0.001 -11"><span class='ocrx_word' id='word_1_104' title='bbox 124 1042 354 1077; x_wconf 89' lang='lat' dir='ltr'>Pontivensis,</span> <span class='ocrx_word' id='word_1_105' title='bbox 379 1043 542 1081; x_wconf 78' lang='lat' dir='ltr'>jnraverit</span> <span class='ocrx_word' id='word_1_106' title='bbox 569 1043 688 1073; x_wconf 88' lang='lat' dir='ltr'>ducere</span> <span class='ocrx_word' id='word_1_107' title='bbox 719 1043 753 1072; x_wconf 91' lang='lat' dir='ltr'>in</span> <span class='ocrx_word' id='word_1_108' title='bbox 782 1052 933 1078; x_wconf 81' lang='lat' dir='ltr'>uxorem,</span> <span class='ocrx_word' id='word_1_109' title='bbox 963 1052 1037 1073; x_wconf 87' lang='lat' dir='ltr'>cnm</span> <span class='ocrx_word' id='word_1_110' title='bbox 1064 1052 1129 1082; x_wconf 85' lang='lat' dir='ltr'>qua</span> 
     </span>
     <span class='ocr_line' id='line_1_15' title="bbox 123 1095 1127 1134; baseline 0.001 -10"><span class='ocrx_word' id='word_1_111' title='bbox 123 1095 346 1134; x_wconf 86' lang='lat' dir='ltr'>postmodum,</span> <span class='ocrx_word' id='word_1_112' title='bbox 365 1095 540 1126; x_wconf 86' lang='lat' dir='ltr'>destinatis</span> <span class='ocrx_word' id='word_1_113' title='bbox 557 1096 596 1125; x_wconf 87' lang='lat' dir='ltr'>ad</span> <span class='ocrx_word' id='word_1_114' title='bbox 610 1096 715 1134; x_wconf 90' lang='lat' dir='ltr'>ipsam</span> <span class='ocrx_word' id='word_1_115' title='bbox 733 1096 971 1134; x_wconf 80' lang='lat' dir='ltr'>sollempnibus</span> <span class='ocrx_word' id='word_1_116' title='bbox 988 1097 1127 1131; x_wconf 85' lang='lat' dir='ltr'>nuntiis,</span> 
     </span>
     <span class='ocr_line' id='line_1_16' title="bbox 124 1147 1129 1187; baseline 0.002 -11"><span class='ocrx_word' id='word_1_117' title='bbox 124 1147 386 1180; x_wconf 79' lang='lat' dir='ltr'>matrimonium,</span> <span class='ocrx_word' id='word_1_118' title='bbox 413 1152 573 1186; x_wconf 89' lang='lat' dir='ltr'>quantum</span> <span class='ocrx_word' id='word_1_119' title='bbox 591 1149 655 1178; x_wconf 79' lang='lat' dir='ltr'>fuit</span> <span class='ocrx_word' id='word_1_120' title='bbox 668 1149 703 1178; x_wconf 91' lang='lat' dir='ltr'>in</span> <span class='ocrx_word' id='word_1_121' title='bbox 726 1149 808 1187; x_wconf 85' lang='lat' dir='ltr'>ipso,</span> <span class='ocrx_word' id='word_1_122' title='bbox 830 1149 991 1178; x_wconf 80' lang='lat' dir='ltr'>contraxit</span> <span class='ocrx_word' id='word_1_123' title='bbox 1012 1159 1018 1177; x_wconf 91' lang='lat'><strong>:</strong></span> <span class='ocrx_word' id='word_1_124' title='bbox 1041 1157 1129 1178; x_wconf 89' lang='lat' dir='ltr'>corn-</span> 
     </span>
     <span class='ocr_line' id='line_1_17' title="bbox 124 1199 1130 1239; baseline 0.001 -10"><span class='ocrx_word' id='word_1_125' title='bbox 124 1203 217 1238; x_wconf 90' lang='lat' dir='ltr'>perto</span> <span class='ocrx_word' id='word_1_126' title='bbox 241 1199 373 1230; x_wconf 87' lang='lat' dir='ltr'>tandem</span> <span class='ocrx_word' id='word_1_127' title='bbox 398 1200 484 1238; x_wconf 88' lang='lat' dir='ltr'>quod</span> <span class='ocrx_word' id='word_1_128' title='bbox 514 1201 627 1230; x_wconf 86' lang='lat' dir='ltr'>eadem</span> <span class='ocrx_word' id='word_1_129' title='bbox 657 1210 695 1231; x_wconf 80' lang='lat' dir='ltr'>ex</span> <span class='ocrx_word' id='word_1_130' title='bbox 721 1205 860 1239; x_wconf 87' lang='lat' dir='ltr'>utroque</span> <span class='ocrx_word' id='word_1_131' title='bbox 888 1201 990 1231; x_wconf 87' lang='lat' dir='ltr'>latere</span> <span class='ocrx_word' id='word_1_132' title='bbox 1020 1201 1130 1239; x_wconf 90' lang='lat' dir='ltr'>ipsum</span> 
     </span>
     <span class='ocr_line' id='line_1_18' title="bbox 124 1253 1130 1292; baseline 0 -9"><span class='ocrx_word' id='word_1_133' title='bbox 124 1256 243 1291; x_wconf 85' lang='lat' dir='ltr'>quarto</span> <span class='ocrx_word' id='word_1_134' title='bbox 259 1253 561 1291; x_wconf 79' lang='lat' dir='ltr'>consanguinitatis</span> <span class='ocrx_word' id='word_1_135' title='bbox 586 1253 688 1291; x_wconf 79' lang='lat' dir='ltr'>gradu</span> <span class='ocrx_word' id='word_1_136' title='bbox 707 1254 880 1291; x_wconf 84' lang='lat' dir='ltr'>contingit,</span> <span class='ocrx_word' id='word_1_137' title='bbox 896 1258 1027 1292; x_wconf 88' lang='lat' dir='ltr'>propter</span> <span class='ocrx_word' id='word_1_138' title='bbox 1043 1253 1130 1292; x_wconf 85' lang='lat' dir='ltr'>qnod</span> 
     </span>
     <span class='ocr_line' id='line_1_19' title="bbox 124 1305 1129 1344; baseline 0 -10"><span class='ocrx_word' id='word_1_139' title='bbox 124 1313 200 1335; x_wconf 88' lang='lat' dir='ltr'>cum</span> <span class='ocrx_word' id='word_1_140' title='bbox 216 1305 289 1343; x_wconf 88' lang='lat' dir='ltr'>ipsa</span> <span class='ocrx_word' id='word_1_141' title='bbox 304 1314 370 1334; x_wconf 90' lang='lat' dir='ltr'>non</span> <span class='ocrx_word' id='word_1_142' title='bbox 386 1309 512 1343; x_wconf 86' lang='lat' dir='ltr'>poterat</span> <span class='ocrx_word' id='word_1_143' title='bbox 528 1305 600 1335; x_wconf 89' lang='lat' dir='ltr'>sine</span> <span class='ocrx_word' id='word_1_144' title='bbox 616 1305 741 1336; x_wconf 89' lang='lat' dir='ltr'>lesione</span> <span class='ocrx_word' id='word_1_145' title='bbox 758 1307 844 1336; x_wconf 83' lang='lat' dir='ltr'>fame</span> <span class='ocrx_word' id='word_1_146' title='bbox 861 1315 898 1336; x_wconf 87' lang='lat' dir='ltr'>ac</span> <span class='ocrx_word' id='word_1_147' title='bbox 915 1306 1024 1335; x_wconf 89' lang='lat' dir='ltr'>anime</span> <span class='ocrx_word' id='word_1_148' title='bbox 1040 1305 1129 1344; x_wconf 90' lang='lat' dir='ltr'>peri-</span> 
     </span>
     <span class='ocr_line' id='line_1_20' title="bbox 124 1356 1126 1396; baseline 0 -9"><span class='ocrx_word' id='word_1_149' title='bbox 124 1356 199 1387; x_wconf 86' lang='lat' dir='ltr'>culo</span> <span class='ocrx_word' id='word_1_150' title='bbox 212 1358 461 1387; x_wconf 83' lang='lat' dir='ltr'>matrimonium</span> <span class='ocrx_word' id='word_1_151' title='bbox 473 1366 713 1393; x_wconf 88' lang='lat' dir='ltr'>consummare,</span> <span class='ocrx_word' id='word_1_152' title='bbox 726 1362 861 1394; x_wconf 86' lang='lat' dir='ltr'>mutato,</span> <span class='ocrx_word' id='word_1_153' title='bbox 877 1367 951 1388; x_wconf 91' lang='lat' dir='ltr'>cum</span> <span class='ocrx_word' id='word_1_154' title='bbox 965 1358 1126 1396; x_wconf 76' lang='lat' dir='ltr'>sapiente,</span> 
     </span>
     <span class='ocr_line' id='line_1_21' title="bbox 125 1410 1128 1445; baseline -0.001 -4"><span class='ocrx_word' id='word_1_155' title='bbox 125 1410 276 1445; x_wconf 87' lang='lat' dir='ltr'>consilio,</span> <span class='ocrx_word' id='word_1_156' title='bbox 295 1410 502 1440; x_wconf 85' lang='lat' dir='ltr'>carissimam</span> <span class='ocrx_word' id='word_1_157' title='bbox 518 1410 552 1439; x_wconf 92' lang='lat' dir='ltr'>in</span> <span class='ocrx_word' id='word_1_158' title='bbox 571 1410 704 1441; x_wconf 89' lang='lat' dir='ltr'>Christo</span> <span class='ocrx_word' id='word_1_159' title='bbox 721 1411 823 1441; x_wconf 82' lang='lat' dir='ltr'>filiam</span> <span class='ocrx_word' id='word_1_160' title='bbox 838 1411 1047 1445; x_wconf 88' lang='lat' dir='ltr'>Alienoram,</span> <span class='ocrx_word' id='word_1_161' title='bbox 1068 1420 1128 1440; x_wconf 90' lang='lat' dir='ltr'>na-</span> 
     </span>
     <span class='ocr_line' id='line_1_22' title="bbox 125 1461 1128 1496; baseline 0.001 -5"><span class='ocrx_word' id='word_1_162' title='bbox 125 1465 192 1491; x_wconf 85' lang='lat' dir='ltr'>tam</span> <span class='ocrx_word' id='word_1_163' title='bbox 207 1461 330 1491; x_wconf 86' lang='lat' dir='ltr'>nobilis</span> <span class='ocrx_word' id='word_1_164' title='bbox 346 1461 410 1490; x_wconf 81' lang='lat' dir='ltr'>viri</span> <span class='ocrx_word' id='word_1_165' title='bbox 428 1484 445 1490; x_wconf 92' lang='lat'>..</span> <span class='ocrx_word' id='word_1_166' title='bbox 465 1461 595 1491; x_wconf 90' lang='lat' dir='ltr'>comitis</span> <span class='ocrx_word' id='word_1_167' title='bbox 612 1462 798 1496; x_wconf 80' lang='lat' dir='ltr'>Provincie,</span> <span class='ocrx_word' id='word_1_168' title='bbox 817 1462 883 1492; x_wconf 87' lang='lat' dir='ltr'>sibi</span> <span class='ocrx_word' id='word_1_169' title='bbox 897 1463 1128 1492; x_wconf 87' lang='lat' dir='ltr'>matrimonia-</span> 
     </span>
     <span class='ocr_line' id='line_1_23' title="bbox 123 1510 1125 1554; baseline 0.001 -10"><span class='ocrx_word' id='word_1_170' title='bbox 123 1514 202 1545; x_wconf 86' lang='lat' dir='ltr'>liter</span> <span class='ocrx_word' id='word_1_171' title='bbox 221 1514 396 1552; x_wconf 85' lang='lat' dir='ltr'>copulavit.</span> <span class='ocrx_word' id='word_1_172' title='bbox 418 1515 486 1544; x_wconf 83' lang='lat' dir='ltr'>Nos</span> <span class='ocrx_word' id='word_1_173' title='bbox 504 1510 618 1552; x_wconf 84' lang='lat' dir='ltr'>igitur,</span> <span class='ocrx_word' id='word_1_174' title='bbox 643 1515 684 1544; x_wconf 86' lang='lat' dir='ltr'>ad</span> <span class='ocrx_word' id='word_1_175' title='bbox 706 1515 982 1553; x_wconf 82' lang='lat' dir='ltr'>supplicationem</span> <span class='ocrx_word' id='word_1_176' title='bbox 1003 1516 1125 1554; x_wconf 86' lang='lat' dir='ltr'>ipsius,</span> 
     </span>
     <span class='ocr_line' id='line_1_24' title="bbox 123 1566 1129 1606; baseline 0.001 -9"><span class='ocrx_word' id='word_1_177' title='bbox 123 1566 212 1597; x_wconf 83' lang='lat' dir='ltr'>fame</span> <span class='ocrx_word' id='word_1_178' title='bbox 231 1575 290 1597; x_wconf 90' lang='lat' dir='ltr'>sue</span> <span class='ocrx_word' id='word_1_179' title='bbox 312 1567 346 1596; x_wconf 93' lang='lat' dir='ltr'>in</span> <span class='ocrx_word' id='word_1_180' title='bbox 367 1566 428 1596; x_wconf 89' lang='lat' dir='ltr'>hac</span> <span class='ocrx_word' id='word_1_181' title='bbox 446 1572 536 1605; x_wconf 89' lang='lat' dir='ltr'>parte</span> <span class='ocrx_word' id='word_1_182' title='bbox 557 1571 695 1605; x_wconf 84' lang='lat' dir='ltr'>paterna</span> <span class='ocrx_word' id='word_1_183' title='bbox 713 1567 938 1598; x_wconf 78' lang='lat' dir='ltr'>sollicitudine</span> <span class='ocrx_word' id='word_1_184' title='bbox 956 1569 1129 1606; x_wconf 87' lang='lat' dir='ltr'>providere</span> 
     </span>
     <span class='ocr_line' id='line_1_25' title="bbox 123 1618 1128 1660; baseline 0.003 -12"><span class='ocrx_word' id='word_1_185' title='bbox 123 1618 287 1654; x_wconf 82' lang='lat' dir='ltr'>volentes,</span> <span class='ocrx_word' id='word_1_186' title='bbox 317 1627 391 1648; x_wconf 92' lang='lat' dir='ltr'>cum</span> <span class='ocrx_word' id='word_1_187' title='bbox 414 1619 636 1658; x_wconf 86' lang='lat' dir='ltr'>jurisjurandi</span> <span class='ocrx_word' id='word_1_188' title='bbox 662 1619 779 1658; x_wconf 86' lang='lat' dir='ltr'>religio</span> <span class='ocrx_word' id='word_1_189' title='bbox 806 1621 977 1651; x_wconf 77' lang='lat' dir='ltr'>vinculum</span> <span class='ocrx_word' id='word_1_190' title='bbox 1002 1621 1128 1660; x_wconf 85' lang='lat' dir='ltr'>iniqui-</span> 
     </span>
     <span class='ocr_line' id='line_1_26' title="bbox 123 1671 1129 1712; baseline 0.003 -11"><span class='ocrx_word' id='word_1_191' title='bbox 123 1671 201 1702; x_wconf 65' lang='lat' dir='ltr'>tatis</span> <span class='ocrx_word' id='word_1_192' title='bbox 219 1680 292 1702; x_wconf 86' lang='lat' dir='ltr'>esse</span> <span class='ocrx_word' id='word_1_193' title='bbox 309 1681 374 1701; x_wconf 90' lang='lat' dir='ltr'>non</span> <span class='ocrx_word' id='word_1_194' title='bbox 393 1672 519 1708; x_wconf 83' lang='lat' dir='ltr'>debeat,</span> <span class='ocrx_word' id='word_1_195' title='bbox 539 1673 732 1703; x_wconf 87' lang='lat' dir='ltr'>discretioni</span> <span class='ocrx_word' id='word_1_196' title='bbox 749 1677 857 1703; x_wconf 83' lang='lat' dir='ltr'>vestre</span> <span class='ocrx_word' id='word_1_197' title='bbox 873 1683 932 1712; x_wconf 90' lang='lat' dir='ltr'>per</span> <span class='ocrx_word' id='word_1_198' title='bbox 949 1674 1129 1712; x_wconf 88' lang='lat' dir='ltr'>apostolica</span> 
     </span>
     <span class='ocr_line' id='line_1_27' title="bbox 120 1724 1128 1764; baseline 0.002 -9"><span class='ocrx_word' id='word_1_199' title='bbox 120 1724 245 1763; x_wconf 86' lang='lat' dir='ltr'>scripta</span> <span class='ocrx_word' id='word_1_200' title='bbox 271 1724 467 1754; x_wconf 87' lang='lat' dir='ltr'>mandamns</span> <span class='ocrx_word' id='word_1_201' title='bbox 495 1729 675 1764; x_wconf 87' lang='lat' dir='ltr'>quatenus,</span> <span class='ocrx_word' id='word_1_202' title='bbox 703 1726 731 1756; x_wconf 93' lang='lat' dir='ltr'>si</span> <span class='ocrx_word' id='word_1_203' title='bbox 758 1726 851 1756; x_wconf 83' lang='lat' dir='ltr'>vobis</span> <span class='ocrx_word' id='word_1_204' title='bbox 879 1727 1066 1757; x_wconf 86' lang='lat' dir='ltr'>constiterit</span> <span class='ocrx_word' id='word_1_205' title='bbox 1089 1727 1128 1757; x_wconf 89' lang='lat' dir='ltr'>dc</span> 
     </span>
     <span class='ocr_line' id='line_1_28' title="bbox 122 1777 1128 1817; baseline 0.003 -11"><span class='ocrx_word' id='word_1_206' title='bbox 122 1777 307 1815; x_wconf 76' lang='lat' dir='ltr'>premissis,</span> <span class='ocrx_word' id='word_1_207' title='bbox 325 1777 521 1808; x_wconf 81' lang='lat' dir='ltr'>auctoritate</span> <span class='ocrx_word' id='word_1_208' title='bbox 537 1783 650 1808; x_wconf 88' lang='lat' dir='ltr'>nostra</span> <span class='ocrx_word' id='word_1_209' title='bbox 668 1779 832 1809; x_wconf 89' lang='lat' dir='ltr'>nuntietis</span> <span class='ocrx_word' id='word_1_210' title='bbox 850 1780 995 1817; x_wconf 90' lang='lat' dir='ltr'>primum</span> <span class='ocrx_word' id='word_1_211' title='bbox 1011 1780 1128 1809; x_wconf 89' lang='lat' dir='ltr'>matri-</span> 
     </span>
     <span class='ocr_line' id='line_1_29' title="bbox 123 1829 1128 1871; baseline 0.003 -12"><span class='ocrx_word' id='word_1_212' title='bbox 123 1829 274 1859; x_wconf 87' lang='lat' dir='ltr'>monium</span> <span class='ocrx_word' id='word_1_213' title='bbox 299 1838 372 1860; x_wconf 89' lang='lat' dir='ltr'>esse</span> <span class='ocrx_word' id='word_1_214' title='bbox 399 1829 530 1859; x_wconf 88' lang='lat' dir='ltr'>nullum</span> <span class='ocrx_word' id='word_1_215' title='bbox 554 1835 585 1861; x_wconf 87' lang='lat' dir='ltr'>et</span> <span class='ocrx_word' id='word_1_216' title='bbox 610 1831 775 1869; x_wconf 81' lang='lat' dir='ltr'>prefatum</span> <span class='ocrx_word' id='word_1_217' title='bbox 801 1840 914 1869; x_wconf 82' lang='lat' dir='ltr'>regem</span> <span class='ocrx_word' id='word_1_218' title='bbox 939 1832 1128 1871; x_wconf 87' lang='lat' dir='ltr'>juramento</span> 
     </span>
     <span class='ocr_line' id='line_1_30' title="bbox 121 1880 889 1922; baseline -0.001 -11"><span class='ocrx_word' id='word_1_219' title='bbox 121 1880 313 1921; x_wconf 87' lang='lat' dir='ltr'>hujusmodi</span> <span class='ocrx_word' id='word_1_220' title='bbox 329 1891 394 1912; x_wconf 85' lang='lat' dir='ltr'>non</span> <span class='ocrx_word' id='word_1_221' title='bbox 411 1882 518 1912; x_wconf 87' lang='lat' dir='ltr'>teneri</span> <span class='ocrx_word' id='word_1_222' title='bbox 533 1900 580 1912; x_wconf 89' lang='lat'>——.</span> <span class='ocrx_word' id='word_1_223' title='bbox 600 1884 672 1913; x_wconf 88' lang='lat' dir='ltr'>Dat.</span> <span class='ocrx_word' id='word_1_224' title='bbox 691 1887 727 1913; x_wconf 92' lang='lat' dir='ltr'>ut</span> <span class='ocrx_word' id='word_1_225' title='bbox 744 1893 854 1922; x_wconf 85' lang='lat' dir='ltr'>supra.</span> <span class='ocrx_word' id='word_1_226' title='bbox 876 1897 889 1910; x_wconf 72' lang='lat' dir='ltr'>n</span> 
     </span>
    </p>
   </div>
   <div class='ocr_carea' id='block_1_5' title="bbox 194 2065 1058 2100">
    <p class='ocr_par' dir='ltr' id='par_1_5' title="bbox 194 2065 1058 2100">
     <span class='ocr_line' id='line_1_31' title="bbox 194 2065 1058 2100; baseline 0.002 -7"><span class='ocrx_word' id='word_1_227' title='bbox 194 2065 312 2094; x_wconf 74' lang='grc'>3136</span> <span class='ocrx_word' id='word_1_228' title='bbox 688 2066 821 2100; x_wconf 84' lang='lat' dir='ltr'>Viterbe,</span> <span class='ocrx_word' id='word_1_229' title='bbox 855 2068 871 2094; x_wconf 67' lang='lat' dir='ltr'>&#39;a&#39;</span> <span class='ocrx_word' id='word_1_230' title='bbox 886 2068 963 2095; x_wconf 78' lang='lat' dir='ltr'>avril</span> <span class='ocrx_word' id='word_1_231' title='bbox 978 2068 1058 2095; x_wconf 78' lang='lat'>1236.</span> 
     </span>
    </p>
   </div>
   <div class='ocr_carea' id='block_1_6' title="bbox 121 2127 1132 2606">
    <p class='ocr_par' dir='ltr' id='par_1_6' title="bbox 121 2127 1132 2606">
     <span class='ocr_line' id='line_1_32' title="bbox 160 2127 1131 2163; baseline 0.003 -9"><span class='ocrx_word' id='word_1_232' title='bbox 160 2127 305 2162; x_wconf 86' lang='lat' dir='ltr'>Episcopo</span> <span class='ocrx_word' id='word_1_233' title='bbox 321 2127 535 2161; x_wconf 86' lang='lat' dir='ltr'>Lincolniensi,</span> <span class='ocrx_word' id='word_1_234' title='bbox 550 2128 587 2155; x_wconf 91' lang='lat' dir='ltr'>ad</span> <span class='ocrx_word' id='word_1_235' title='bbox 600 2128 676 2162; x_wconf 83' lang='lat' dir='ltr'>regis</span> <span class='ocrx_word' id='word_1_236' title='bbox 691 2129 818 2163; x_wconf 80' lang='lat' dir='ltr'>Angliae</span> <span class='ocrx_word' id='word_1_237' title='bbox 838 2130 1012 2163; x_wconf 87' lang='lat' dir='ltr'>petitionem</span> <span class='ocrx_word' id='word_1_238' title='bbox 1022 2152 1028 2163; x_wconf 92' lang='lat'>,</span> <span class='ocrx_word' id='word_1_239' title='bbox 1046 2139 1131 2157; x_wconf 90' lang='lat' dir='ltr'>man-</span> 
     </span>
     <span class='ocr_line' id='line_1_33' title="bbox 124 2174 1130 2210; baseline 0.004 -9"><span class='ocrx_word' id='word_1_240' title='bbox 124 2174 177 2202; x_wconf 85' lang='lat' dir='ltr'>dat</span> <span class='ocrx_word' id='word_1_241' title='bbox 187 2177 343 2209; x_wconf 82' lang='lat' dir='ltr'>quatenus,</span> <span class='ocrx_word' id='word_1_242' title='bbox 356 2189 387 2193; x_wconf 89' lang='lat'>—</span> <span class='ocrx_word' id='word_1_243' title='bbox 400 2183 436 2202; x_wconf 90' lang='lat' dir='ltr'>ne</span> <span class='ocrx_word' id='word_1_244' title='bbox 447 2175 533 2209; x_wconf 84' lang='lat' dir='ltr'>Hugo</span> <span class='ocrx_word' id='word_1_245' title='bbox 543 2175 579 2202; x_wconf 91' lang='lat' dir='ltr'>de</span> <span class='ocrx_word' id='word_1_246' title='bbox 591 2176 743 2203; x_wconf 87' lang='lat' dir='ltr'>Patasulle</span> <span class='ocrx_word' id='word_1_247' title='bbox 753 2178 800 2208; x_wconf 85' lang='lat'>(=</span> <span class='ocrx_word' id='word_1_248' title='bbox 809 2177 980 2210; x_wconf 85' lang='lat' dir='ltr'>Patishall),</span> <span class='ocrx_word' id='word_1_249' title='bbox 995 2178 1130 2210; x_wconf 83' lang='lat' dir='ltr'>clericus,</span> 
     </span>
     <span class='ocr_line' id='line_1_34' title="bbox 127 2223 1131 2261; baseline 0.004 -11"><span class='ocrx_word' id='word_1_250' title='bbox 127 2223 330 2251; x_wconf 82' lang='lat' dir='ltr'>thesaurarius</span> <span class='ocrx_word' id='word_1_251' title='bbox 344 2223 420 2257; x_wconf 86' lang='lat' dir='ltr'>regis</span> <span class='ocrx_word' id='word_1_252' title='bbox 433 2224 570 2257; x_wconf 86' lang='lat' dir='ltr'>Angliae,</span> <span class='ocrx_word' id='word_1_253' title='bbox 582 2224 613 2251; x_wconf 89' lang='lat' dir='ltr'>in</span> <span class='ocrx_word' id='word_1_254' title='bbox 628 2227 744 2252; x_wconf 87' lang='lat' dir='ltr'>tantum</span> <span class='ocrx_word' id='word_1_255' title='bbox 757 2226 938 2252; x_wconf 86' lang='lat' dir='ltr'>necessarius</span> <span class='ocrx_word' id='word_1_256' title='bbox 949 2227 1044 2253; x_wconf 88' lang='lat' dir='ltr'>eidem</span> <span class='ocrx_word' id='word_1_257' title='bbox 1059 2227 1131 2261; x_wconf 86' lang='lat' dir='ltr'>regi,</span> 
     </span>
     <span class='ocr_line' id='line_1_35' title="bbox 124 2271 1132 2309; baseline 0.004 -11"><span class='ocrx_word' id='word_1_258' title='bbox 124 2271 203 2299; x_wconf 82' lang='lat' dir='ltr'>sicut</span> <span class='ocrx_word' id='word_1_259' title='bbox 212 2271 291 2298; x_wconf 90' lang='lat' dir='ltr'>idem</span> <span class='ocrx_word' id='word_1_260' title='bbox 302 2279 353 2298; x_wconf 81' lang='lat' dir='ltr'>rex</span> <span class='ocrx_word' id='word_1_261' title='bbox 364 2271 521 2304; x_wconf 74' lang='lat' dir='ltr'>asserebat,</span> <span class='ocrx_word' id='word_1_262' title='bbox 531 2272 607 2306; x_wconf 86' lang='lat' dir='ltr'>quod</span> <span class='ocrx_word' id='word_1_263' title='bbox 620 2272 682 2306; x_wconf 88' lang='lat' dir='ltr'>ejus</span> <span class='ocrx_word' id='word_1_264' title='bbox 694 2281 791 2300; x_wconf 86' lang='lat' dir='ltr'>carere</span> <span class='ocrx_word' id='word_1_265' title='bbox 801 2274 967 2307; x_wconf 85' lang='lat' dir='ltr'>praesentia</span> <span class='ocrx_word' id='word_1_266' title='bbox 976 2275 1040 2302; x_wconf 88' lang='lat' dir='ltr'>sine</span> <span class='ocrx_word' id='word_1_267' title='bbox 1048 2275 1132 2309; x_wconf 84' lang='lat' dir='ltr'>gravi</span> 
     </span>
     <span class='ocr_line' id='line_1_36' title="bbox 124 2320 1132 2358; baseline 0.004 -11"><span class='ocrx_word' id='word_1_268' title='bbox 124 2320 281 2355; x_wconf 88' lang='lat' dir='ltr'>dispendio</span> <span class='ocrx_word' id='word_1_269' title='bbox 295 2329 352 2347; x_wconf 89' lang='lat' dir='ltr'>non</span> <span class='ocrx_word' id='word_1_270' title='bbox 369 2323 480 2355; x_wconf 88' lang='lat' dir='ltr'>posset,</span> <span class='ocrx_word' id='word_1_271' title='bbox 497 2329 513 2347; x_wconf 88' lang='lat' dir='ltr'>a</span> <span class='ocrx_word' id='word_1_272' title='bbox 528 2321 606 2355; x_wconf 81' lang='lat' dir='ltr'>regio</span> <span class='ocrx_word' id='word_1_273' title='bbox 626 2321 764 2356; x_wconf 88' lang='lat' dir='ltr'>obsequio</span> <span class='ocrx_word' id='word_1_274' title='bbox 779 2323 914 2350; x_wconf 86' lang='lat' dir='ltr'>recedere</span> <span class='ocrx_word' id='word_1_275' title='bbox 930 2327 1090 2358; x_wconf 85' lang='lat' dir='ltr'>cogeretur,</span> <span class='ocrx_word' id='word_1_276' title='bbox 1107 2322 1132 2351; x_wconf 86' lang='lat' dir='ltr'>si</span> 
     </span>
     <span class='ocr_line' id='line_1_37' title="bbox 125 2368 1132 2408; baseline 0.005 -13"><span class='ocrx_word' id='word_1_277' title='bbox 125 2376 192 2395; x_wconf 87' lang='lat' dir='ltr'>eum</span> <span class='ocrx_word' id='word_1_278' title='bbox 206 2370 352 2403; x_wconf 86' lang='lat' dir='ltr'>oporteret</span> <span class='ocrx_word' id='word_1_279' title='bbox 367 2369 398 2396; x_wconf 89' lang='lat' dir='ltr'>in</span> <span class='ocrx_word' id='word_1_280' title='bbox 412 2369 473 2395; x_wconf 91' lang='lat' dir='ltr'>suis</span> <span class='ocrx_word' id='word_1_281' title='bbox 487 2368 637 2396; x_wconf 89' lang='lat' dir='ltr'>beneficiis</span> <span class='ocrx_word' id='word_1_282' title='bbox 653 2370 847 2404; x_wconf 87' lang='lat' dir='ltr'>personaliter</span> <span class='ocrx_word' id='word_1_283' title='bbox 859 2371 1018 2405; x_wconf 74' lang='lat' dir='ltr'>deservire,</span> <span class='ocrx_word' id='word_1_284' title='bbox 1033 2387 1065 2391; x_wconf 94' lang='lat'>-—</span> <span class='ocrx_word' id='word_1_285' title='bbox 1079 2381 1132 2408; x_wconf 91' lang='lat' dir='ltr'>pa-</span> 
     </span>
     <span class='ocr_line' id='line_1_38' title="bbox 124 2416 1132 2452; baseline 0.005 -8"><span class='ocrx_word' id='word_1_286' title='bbox 124 2416 218 2444; x_wconf 84' lang='lat' dir='ltr'>tiatur</span> <span class='ocrx_word' id='word_1_287' title='bbox 232 2416 375 2444; x_wconf 87' lang='lat' dir='ltr'>beneficia</span> <span class='ocrx_word' id='word_1_288' title='bbox 389 2425 462 2451; x_wconf 87' lang='lat' dir='ltr'>quae</span> <span class='ocrx_word' id='word_1_289' title='bbox 475 2417 554 2444; x_wconf 89' lang='lat' dir='ltr'>idem</span> <span class='ocrx_word' id='word_1_290' title='bbox 571 2418 657 2452; x_wconf 85' lang='lat' dir='ltr'>Hugo</span> <span class='ocrx_word' id='word_1_291' title='bbox 671 2418 701 2445; x_wconf 90' lang='lat' dir='ltr'>in</span> <span class='ocrx_word' id='word_1_292' title='bbox 718 2419 922 2447; x_wconf 84' lang='lat' dir='ltr'>Lincolniensi</span> <span class='ocrx_word' id='word_1_293' title='bbox 938 2420 1064 2448; x_wconf 90' lang='lat' dir='ltr'>dioecesi</span> <span class='ocrx_word' id='word_1_294' title='bbox 1080 2421 1132 2449; x_wconf 89' lang='lat' dir='ltr'>ob-</span> 
     </span>
     <span class='ocr_line' id='line_1_39' title="bbox 124 2464 1131 2501; baseline 0.005 -9"><span class='ocrx_word' id='word_1_295' title='bbox 124 2464 254 2498; x_wconf 84' lang='lat' dir='ltr'>tinebat,</span> <span class='ocrx_word' id='word_1_296' title='bbox 280 2465 344 2492; x_wconf 86' lang='lat' dir='ltr'>dari</span> <span class='ocrx_word' id='word_1_297' title='bbox 366 2465 398 2492; x_wconf 89' lang='lat' dir='ltr'>in</span> <span class='ocrx_word' id='word_1_298' title='bbox 418 2465 551 2497; x_wconf 88' lang='lat' dir='ltr'>firmam;</span> <span class='ocrx_word' id='word_1_299' title='bbox 575 2466 617 2493; x_wconf 86' lang='lat' dir='ltr'>ita</span> <span class='ocrx_word' id='word_1_300' title='bbox 640 2469 740 2493; x_wconf 83' lang='lat' dir='ltr'>tamen</span> <span class='ocrx_word' id='word_1_301' title='bbox 762 2467 838 2501; x_wconf 88' lang='lat' dir='ltr'>quod</span> <span class='ocrx_word' id='word_1_302' title='bbox 861 2468 1001 2496; x_wconf 86' lang='lat' dir='ltr'>ecclesiae</span> <span class='ocrx_word' id='word_1_303' title='bbox 1023 2469 1131 2497; x_wconf 85' lang='lat' dir='ltr'>debitis</span> 
     </span>
     <span class='ocr_line' id='line_1_40' title="bbox 125 2513 1131 2552; baseline 0.006 -12"><span class='ocrx_word' id='word_1_304' title='bbox 125 2513 258 2540; x_wconf 84' lang='lat' dir='ltr'>servitiis</span> <span class='ocrx_word' id='word_1_305' title='bbox 283 2522 340 2541; x_wconf 91' lang='lat' dir='ltr'>non</span> <span class='ocrx_word' id='word_1_306' title='bbox 363 2514 548 2547; x_wconf 72' lang='lat' dir='ltr'>fraudentur,</span> <span class='ocrx_word' id='word_1_307' title='bbox 572 2517 600 2541; x_wconf 91' lang='lat' dir='ltr'>et</span> <span class='ocrx_word' id='word_1_308' title='bbox 626 2515 793 2542; x_wconf 88' lang='lat' dir='ltr'>animarum</span> <span class='ocrx_word' id='word_1_309' title='bbox 819 2524 920 2543; x_wconf 87' lang='lat' dir='ltr'>euram</span> <span class='ocrx_word' id='word_1_310' title='bbox 943 2518 1052 2552; x_wconf 79' lang='lat' dir='ltr'>negligi</span> <span class='ocrx_word' id='word_1_311' title='bbox 1073 2527 1131 2546; x_wconf 91' lang='grc'>11011</span> 
     </span>
     <span class='ocr_line' id='line_1_41' title="bbox 121 2562 918 2606; baseline 0.004 -17"><span class='ocrx_word' id='word_1_312' title='bbox 121 2562 288 2597; x_wconf 76' lang='lat' dir='ltr'>contingat.</span> <span class='ocrx_word' id='word_1_313' title='bbox 307 2577 339 2581; x_wconf 97' lang='lat'><strong>—</strong></span> <span class='ocrx_word' id='word_1_314' title='bbox 355 2563 443 2595; x_wconf 68' lang='lat' dir='ltr'>(Rue.</span> <span class='ocrx_word' id='word_1_315' title='bbox 459 2562 503 2596; x_wconf 88' lang='lat'>18,</span> <span class='ocrx_word' id='word_1_316' title='bbox 518 2564 538 2589; x_wconf 82' lang='lat' dir='ltr'>f.</span> <span class='ocrx_word' id='word_1_317' title='bbox 553 2563 662 2606; x_wconf 60' lang='grc'>1521·“;</span> <span class='ocrx_word' id='word_1_318' title='bbox 680 2572 749 2591; x_wconf 84' lang='lat' dir='ltr'>ann.</span> <span class='ocrx_word' id='word_1_319' title='bbox 764 2564 804 2597; x_wconf 88' lang='lat' dir='ltr'>X,</span> <span class='ocrx_word' id='word_1_320' title='bbox 819 2573 843 2591; x_wconf 93' lang='lat' dir='ltr'>c.</span> <span class='ocrx_word' id='word_1_321' title='bbox 861 2565 918 2597; x_wconf 79' lang='lat'>64.)</span> 
     </span>
    </p>
   </div>
   <div class='ocr_carea' id='block_1_7' title="bbox 124 2663 1129 2754">
    <p class='ocr_par' dir='ltr' id='par_1_7' title="bbox 124 2663 1129 2754">
     <span class='ocr_line' id='line_1_42' title="bbox 167 2663 1129 2701; baseline 0.006 -10"><span class='ocrx_word' id='word_1_322' title='bbox 167 2674 181 2689; x_wconf 73' lang='grc' dir='ltr'><strong>α</strong></span> <span class='ocrx_word' id='word_1_323' title='bbox 211 2685 229 2692; x_wconf 94' lang='grc'>..</span> <span class='ocrx_word' id='word_1_324' title='bbox 256 2663 390 2701; x_wconf 83' lang='lat' dir='ltr'>episcopo</span> <span class='ocrx_word' id='word_1_325' title='bbox 410 2663 630 2693; x_wconf 78' lang='lat' dir='ltr'>Lincolm&#39;ensi.</span> <span class='ocrx_word' id='word_1_326' title='bbox 654 2664 836 2694; x_wconf 85' lang='lat' dir='ltr'>Karissimi</span> <span class='ocrx_word' id='word_1_327' title='bbox 861 2665 897 2695; x_wconf 92' lang='lat' dir='ltr'>in</span> <span class='ocrx_word' id='word_1_328' title='bbox 921 2666 1054 2696; x_wconf 90' lang='lat' dir='ltr'>Christo</span> <span class='ocrx_word' id='word_1_329' title='bbox 1080 2684 1129 2696; x_wconf 91' lang='lat'>—.</span> 
     </span>
     <span class='ocr_line' id='line_1_43' title="bbox 124 2714 413 2754; baseline 0.003 -10"><span class='ocrx_word' id='word_1_330' title='bbox 124 2714 201 2744; x_wconf 88' lang='lat' dir='ltr'>Dat.</span> <span class='ocrx_word' id='word_1_331' title='bbox 217 2718 253 2744; x_wconf 90' lang='lat' dir='ltr'>ut</span> <span class='ocrx_word' id='word_1_332' title='bbox 269 2723 380 2754; x_wconf 88' lang='lat' dir='ltr'>supra.</span> <span class='ocrx_word' id='word_1_333' title='bbox 400 2727 413 2741; x_wconf 75' lang='lat' dir='ltr'>n</span> 
     </span>
    </p>
   </div>
   <div class='ocr_carea' id='block_1_8' title="bbox 199 2890 1059 2928">
    <p class='ocr_par' dir='ltr' id='par_1_8' title="bbox 199 2890 1059 2928">
     <span class='ocr_line' id='line_1_44' title="bbox 199 2890 1059 2928; baseline 0.007 -10"><span class='ocrx_word' id='word_1_334' title='bbox 199 2890 316 2919; x_wconf 65' lang='lat'><strong>3¹3¹!</strong></span> <span class='ocrx_word' id='word_1_335' title='bbox 688 2895 822 2928; x_wconf 81' lang='lat' dir='ltr'>Viterbe,</span> <span class='ocrx_word' id='word_1_336' title='bbox 838 2896 872 2922; x_wconf 77' lang='lat'>27</span> <span class='ocrx_word' id='word_1_337' title='bbox 887 2897 964 2923; x_wconf 74' lang='lat' dir='ltr'>avril</span> <span class='ocrx_word' id='word_1_338' title='bbox 980 2896 1059 2924; x_wconf 64' lang='lat'>1236.</span> 
     </span>
    </p>
   </div>
   <div class='ocr_carea' id='block_1_9' title="bbox 165 2951 1132 2992">
    <p class='ocr_par' dir='ltr' id='par_1_9' title="bbox 165 2951 1132 2992">
     <span class='ocr_line' id='line_1_45' title="bbox 165 2951 1132 2992; baseline 0.007 -14"><span class='ocrx_word' id='word_1_339' title='bbox 165 2951 275 2986; x_wconf 85' lang='lat' dir='ltr'>Regem</span> <span class='ocrx_word' id='word_1_340' title='bbox 290 2951 407 2980; x_wconf 79' lang='lat' dir='ltr'>scotiae</span> <span class='ocrx_word' id='word_1_341' title='bbox 419 2955 607 2988; x_wconf 82' lang='lat' dir='ltr'>reprehendit</span> <span class='ocrx_word' id='word_1_342' title='bbox 623 2956 699 2990; x_wconf 92' lang='lat' dir='ltr'>quod</span> <span class='ocrx_word' id='word_1_343' title='bbox 712 2957 914 2990; x_wconf 88' lang='lat' dir='ltr'>juramentum</span> <span class='ocrx_word' id='word_1_344' title='bbox 929 2958 990 2992; x_wconf 84' lang='lat' dir='ltr'>regi</span> <span class='ocrx_word' id='word_1_345' title='bbox 1004 2958 1132 2992; x_wconf 84' lang='lat' dir='ltr'>Angliae</span> 
     </span>
    </p>
   </div>
   <div class='ocr_carea' id='block_1_10' title="bbox 1208 372 2211 598">
    <p class='ocr_par' dir='ltr' id='par_1_10' title="bbox 1208 372 2211 598">
     <span class='ocr_line' id='line_1_46' title="bbox 1208 372 2210 412; baseline 0.006 -13"><span class='ocrx_word' id='word_1_346' title='bbox 1208 372 1244 399; x_wconf 91' lang='lat' dir='ltr'>de</span> <span class='ocrx_word' id='word_1_347' title='bbox 1258 373 1393 407; x_wconf 87' lang='lat' dir='ltr'>homagio</span> <span class='ocrx_word' id='word_1_348' title='bbox 1406 374 1529 408; x_wconf 82' lang='lat' dir='ltr'>factum,</span> <span class='ocrx_word' id='word_1_349' title='bbox 1543 382 1599 409; x_wconf 87' lang='lat' dir='ltr'>quo</span> <span class='ocrx_word' id='word_1_350' title='bbox 1612 383 1642 402; x_wconf 86' lang='lat' dir='ltr'>se</span> <span class='ocrx_word' id='word_1_351' title='bbox 1655 375 1861 409; x_wconf 81' lang='lat' dir='ltr'>principaliter</span> <span class='ocrx_word' id='word_1_352' title='bbox 1873 375 2072 404; x_wconf 80' lang='lat' dir='ltr'>adstrinxerat</span> <span class='ocrx_word' id='word_1_353' title='bbox 2088 377 2164 412; x_wconf 92' lang='lat' dir='ltr'>quod</span> <span class='ocrx_word' id='word_1_354' title='bbox 2178 377 2210 404; x_wconf 88' lang='lat' dir='ltr'>in</span> 
     </span>
     <span class='ocr_line' id='line_1_47' title="bbox 1208 419 2211 460; baseline 0.008 -14"><span class='ocrx_word' id='word_1_355' title='bbox 1208 419 1302 454; x_wconf 89' lang='lat' dir='ltr'>ipsius</span> <span class='ocrx_word' id='word_1_356' title='bbox 1317 421 1530 449; x_wconf 88' lang='lat' dir='ltr'>detrimentum</span> <span class='ocrx_word' id='word_1_357' title='bbox 1543 422 1621 449; x_wconf 89' lang='lat' dir='ltr'>nihil</span> <span class='ocrx_word' id='word_1_358' title='bbox 1634 425 1804 456; x_wconf 85' lang='lat' dir='ltr'>attentaret,</span> <span class='ocrx_word' id='word_1_359' title='bbox 1818 432 1874 450; x_wconf 91' lang='lat' dir='ltr'>non</span> <span class='ocrx_word' id='word_1_360' title='bbox 1891 425 2068 457; x_wconf 80' lang='lat' dir='ltr'>servaverit,</span> <span class='ocrx_word' id='word_1_361' title='bbox 2085 434 2211 460; x_wconf 80' lang='lat' dir='ltr'>eumque</span> 
     </span>
     <span class='ocr_line' id='line_1_48' title="bbox 1210 468 2210 508; baseline 0.006 -13"><span class='ocrx_word' id='word_1_362' title='bbox 1210 468 1343 496; x_wconf 86' lang='lat' dir='ltr'>hortatur</span> <span class='ocrx_word' id='word_1_363' title='bbox 1355 472 1388 496; x_wconf 90' lang='lat' dir='ltr'>ut</span> <span class='ocrx_word' id='word_1_364' title='bbox 1403 471 1534 504; x_wconf 81' lang='lat' dir='ltr'>praefato</span> <span class='ocrx_word' id='word_1_365' title='bbox 1549 471 1608 504; x_wconf 81' lang='lat' dir='ltr'>regi</span> <span class='ocrx_word' id='word_1_366' title='bbox 1623 479 1655 497; x_wconf 88' lang='lat' dir='ltr'>ea</span> <span class='ocrx_word' id='word_1_367' title='bbox 1667 471 1696 497; x_wconf 93' lang='lat' dir='ltr'>in</span> <span class='ocrx_word' id='word_1_368' title='bbox 1711 471 1817 505; x_wconf 85' lang='lat' dir='ltr'>quibus</span> <span class='ocrx_word' id='word_1_369' title='bbox 1828 472 1923 499; x_wconf 89' lang='lat' dir='ltr'>eidem</span> <span class='ocrx_word' id='word_1_370' title='bbox 1936 475 2081 506; x_wconf 85' lang='lat' dir='ltr'>teneatur,</span> <span class='ocrx_word' id='word_1_371' title='bbox 2093 474 2210 508; x_wconf 83' lang='lat' dir='ltr'>plenius</span> 
     </span>
     <span class='ocr_line' id='line_1_49' title="bbox 1208 515 2210 555; baseline 0.008 -13"><span class='ocrx_word' id='word_1_372' title='bbox 1208 515 1352 543; x_wconf 82' lang='lat' dir='ltr'>observet.</span> <span class='ocrx_word' id='word_1_373' title='bbox 1366 518 1586 551; x_wconf 72' lang='lat' dir='ltr'>-(Rm.18‚f.</span> <span class='ocrx_word' id='word_1_374' title='bbox 1596 519 1647 545; x_wconf 77' lang='lat'>152</span> <span class='ocrx_word' id='word_1_375' title='bbox 1658 522 1701 550; x_wconf 56' lang='grc' dir='ltr'>νος</span> <span class='ocrx_word' id='word_1_376' title='bbox 1714 527 1783 546; x_wconf 86' lang='lat' dir='ltr'>ann.</span> <span class='ocrx_word' id='word_1_377' title='bbox 1794 520 1833 553; x_wconf 90' lang='lat' dir='ltr'>X,</span> <span class='ocrx_word' id='word_1_378' title='bbox 1846 528 1870 547; x_wconf 89' lang='lat' dir='ltr'>c.</span> <span class='ocrx_word' id='word_1_379' title='bbox 1883 520 1931 553; x_wconf 84' lang='lat'>65;</span> <span class='ocrx_word' id='word_1_380' title='bbox 1942 535 1974 539; x_wconf 94' lang='lat'><strong>—</strong></span> <span class='ocrx_word' id='word_1_381' title='bbox 1986 521 2118 550; x_wconf 74' lang='lat' dir='ltr'>MonEAu</span> <span class='ocrx_word' id='word_1_382' title='bbox 2130 522 2210 555; x_wconf 86' lang='lat'>1191,</span> 
     </span>
     <span class='ocr_line' id='line_1_50' title="bbox 1208 564 1879 598; baseline 0.006 -8"><span class='ocrx_word' id='word_1_383' title='bbox 1208 564 1229 590; x_wconf 78' lang='lat' dir='ltr'>t.</span> <span class='ocrx_word' id='word_1_384' title='bbox 1246 564 1290 597; x_wconf 83' lang='lat'>47,</span> <span class='ocrx_word' id='word_1_385' title='bbox 1307 572 1342 591; x_wconf 75' lang='lat' dir='ltr'>ex</span> <span class='ocrx_word' id='word_1_386' title='bbox 1359 565 1536 598; x_wconf 63' lang='lat' dir='ltr'>mmmmm</span> <span class='ocrx_word' id='word_1_387' title='bbox 1554 580 1586 585; x_wconf 87' lang='lat'><strong>—</strong></span> <span class='ocrx_word' id='word_1_388' title='bbox 1600 567 1757 594; x_wconf 58' lang='lat' dir='ltr'>Porruasr</span> <span class='ocrx_word' id='word_1_389' title='bbox 1769 567 1879 598; x_wconf 81' lang='grc'>10148.)</span> 
     </span>
    </p>
   </div>
   <div class='ocr_carea' id='block_1_11' title="bbox 1207 672 2209 762">
    <p class='ocr_par' dir='ltr' id='par_1_11' title="bbox 1207 672 2209 762">
     <span class='ocr_line' id='line_1_51' title="bbox 1252 672 2209 715; baseline 0.007 -16"><span class='ocrx_word' id='word_1_390' title='bbox 1252 682 1265 697; x_wconf 73' lang='grc' dir='ltr'>α</span> <span class='ocrx_word' id='word_1_391' title='bbox 1286 693 1303 699; x_wconf 91' lang='grc'>..</span> <span class='ocrx_word' id='word_1_392' title='bbox 1323 672 1441 700; x_wconf 78' lang='lat' dir='ltr'>illustri</span> <span class='ocrx_word' id='word_1_393' title='bbox 1464 673 1529 710; x_wconf 76' lang='lat' dir='ltr'>reqi</span> <span class='ocrx_word' id='word_1_394' title='bbox 1544 673 1651 702; x_wconf 72' lang='lat' dir='ltr'>Scotie.</span> <span class='ocrx_word' id='word_1_395' title='bbox 1674 673 1808 711; x_wconf 77' lang='lat' dir='ltr'>Regalis</span> <span class='ocrx_word' id='word_1_396' title='bbox 1826 674 1987 705; x_wconf 89' lang='lat' dir='ltr'>celsitudo</span> <span class='ocrx_word' id='word_1_397' title='bbox 2003 676 2145 715; x_wconf 86' lang='lat' dir='ltr'>requirit</span> <span class='ocrx_word' id='word_1_398' title='bbox 2159 693 2209 705; x_wconf 94' lang='lat'>—.</span> 
     </span>
     <span class='ocr_line' id='line_1_52' title="bbox 1207 722 1496 762; baseline 0.007 -11"><span class='ocrx_word' id='word_1_399' title='bbox 1207 722 1283 752; x_wconf 87' lang='lat' dir='ltr'>Dat.</span> <span class='ocrx_word' id='word_1_400' title='bbox 1300 727 1336 752; x_wconf 88' lang='lat' dir='ltr'>ut</span> <span class='ocrx_word' id='word_1_401' title='bbox 1353 732 1463 762; x_wconf 89' lang='lat' dir='ltr'>supra.</span> <span class='ocrx_word' id='word_1_402' title='bbox 1484 736 1496 750; x_wconf 82' lang='lat' dir='ltr'>n</span> 
     </span>
    </p>
   </div>
   <div class='ocr_carea' id='block_1_12' title="bbox 1278 918 2140 957">
    <p class='ocr_par' dir='ltr' id='par_1_12' title="bbox 1278 918 2140 957">
     <span class='ocr_line' id='line_1_53' title="bbox 1278 918 2140 957; baseline 0.008 -11"><span class='ocrx_word' id='word_1_403' title='bbox 1278 918 1396 947; x_wconf 77' lang='grc'>3138</span> <span class='ocrx_word' id='word_1_404' title='bbox 1807 923 1939 957; x_wconf 84' lang='lat' dir='ltr'>Viterbe,</span> <span class='ocrx_word' id='word_1_405' title='bbox 1956 925 1972 951; x_wconf 83' lang='lat'><strong>7</strong></span> <span class='ocrx_word' id='word_1_406' title='bbox 1988 925 2047 952; x_wconf 87' lang='lat' dir='ltr'>mai</span> <span class='ocrx_word' id='word_1_407' title='bbox 2061 926 2140 953; x_wconf 76' lang='lat'>1236.</span> 
     </span>
    </p>
   </div>
   <div class='ocr_carea' id='block_1_13' title="bbox 1208 980 2213 1353">
    <p class='ocr_par' dir='ltr' id='par_1_13' title="bbox 1208 980 2213 1353">
     <span class='ocr_line' id='line_1_54' title="bbox 1244 980 2213 1022; baseline 0.009 -16"><span class='ocrx_word' id='word_1_408' title='bbox 1244 980 1317 1014; x_wconf 84' lang='lat' dir='ltr'>Regi</span> <span class='ocrx_word' id='word_1_409' title='bbox 1332 981 1474 1008; x_wconf 83' lang='lat' dir='ltr'>Franciae</span> <span class='ocrx_word' id='word_1_410' title='bbox 1494 982 1596 1009; x_wconf 83' lang='lat' dir='ltr'>scribit</span> <span class='ocrx_word' id='word_1_411' title='bbox 1612 991 1669 1009; x_wconf 89' lang='lat' dir='ltr'>non</span> <span class='ocrx_word' id='word_1_412' title='bbox 1687 991 1748 1010; x_wconf 85' lang='lat' dir='ltr'>esse</span> <span class='ocrx_word' id='word_1_413' title='bbox 1763 984 1841 1010; x_wconf 86' lang='lat' dir='ltr'>unde</span> <span class='ocrx_word' id='word_1_414' title='bbox 1857 985 2043 1020; x_wconf 81' lang='lat' dir='ltr'>indignetur,</span> <span class='ocrx_word' id='word_1_415' title='bbox 2058 987 2082 1013; x_wconf 86' lang='lat' dir='ltr'>si</span> <span class='ocrx_word' id='word_1_416' title='bbox 2098 988 2213 1022; x_wconf 84' lang='lat' dir='ltr'>praeei-</span> 
     </span>
     <span class='ocr_line' id='line_1_55' title="bbox 1209 1029 2213 1067; baseline 0.01 -13"><span class='ocrx_word' id='word_1_417' title='bbox 1209 1029 1289 1062; x_wconf 84' lang='lat' dir='ltr'>pitur</span> <span class='ocrx_word' id='word_1_418' title='bbox 1303 1038 1321 1056; x_wconf 82' lang='lat' dir='ltr'>a</span> <span class='ocrx_word' id='word_1_419' title='bbox 1342 1030 1417 1057; x_wconf 86' lang='lat' dir='ltr'>Sede</span> <span class='ocrx_word' id='word_1_420' title='bbox 1432 1031 1602 1065; x_wconf 81' lang='lat' dir='ltr'>Apostolica</span> <span class='ocrx_word' id='word_1_421' title='bbox 1619 1032 1809 1059; x_wconf 84' lang='lat' dir='ltr'>interdictum</span> <span class='ocrx_word' id='word_1_422' title='bbox 1828 1042 1878 1067; x_wconf 87' lang='lat' dir='ltr'>pro</span> <span class='ocrx_word' id='word_1_423' title='bbox 1895 1035 1971 1061; x_wconf 79' lang='lat' dir='ltr'>facto</span> <span class='ocrx_word' id='word_1_424' title='bbox 1986 1037 2127 1063; x_wconf 82' lang='lat' dir='ltr'>ecclesiae</span> <span class='ocrx_word' id='word_1_425' title='bbox 2142 1037 2213 1064; x_wconf 89' lang='lat' dir='ltr'>Bel-</span> 
     </span>
     <span class='ocr_line' id='line_1_56' title="bbox 1208 1077 2213 1120; baseline 0.01 -17"><span class='ocrx_word' id='word_1_426' title='bbox 1208 1077 1343 1104; x_wconf 76' lang='lat' dir='ltr'>vacensis</span> <span class='ocrx_word' id='word_1_427' title='bbox 1357 1086 1374 1104; x_wconf 85' lang='lat' dir='ltr'>a.</span> <span class='ocrx_word' id='word_1_428' title='bbox 1391 1079 1529 1105; x_wconf 81' lang='lat' dir='ltr'>Remensi</span> <span class='ocrx_word' id='word_1_429' title='bbox 1546 1080 1767 1114; x_wconf 84' lang='lat' dir='ltr'>archiepiscopo</span> <span class='ocrx_word' id='word_1_430' title='bbox 1783 1082 1928 1115; x_wconf 83' lang='lat' dir='ltr'>prolatum</span> <span class='ocrx_word' id='word_1_431' title='bbox 1945 1085 2072 1117; x_wconf 82' lang='lat' dir='ltr'>servari,</span> <span class='ocrx_word' id='word_1_432' title='bbox 2087 1093 2213 1120; x_wconf 82' lang='lat' dir='ltr'>eumque</span> 
     </span>
     <span class='ocr_line' id='line_1_57' title="bbox 1208 1128 2213 1167; baseline 0.011 -16"><span class='ocrx_word' id='word_1_433' title='bbox 1208 1128 1290 1159; x_wconf 84' lang='lat' dir='ltr'>rogat</span> <span class='ocrx_word' id='word_1_434' title='bbox 1310 1129 1455 1159; x_wconf 83' lang='lat' dir='ltr'>quatenus</span> <span class='ocrx_word' id='word_1_435' title='bbox 1475 1128 1613 1154; x_wconf 85' lang='lat' dir='ltr'>comitem</span> <span class='ocrx_word' id='word_1_436' title='bbox 1635 1129 1835 1156; x_wconf 76' lang='lat' dir='ltr'>Tholosanum</span> <span class='ocrx_word' id='word_1_437' title='bbox 1853 1133 2012 1165; x_wconf 86' lang='lat' dir='ltr'>compellat</span> <span class='ocrx_word' id='word_1_438' title='bbox 2031 1136 2063 1160; x_wconf 91' lang='lat' dir='ltr'>ut</span> <span class='ocrx_word' id='word_1_439' title='bbox 2079 1134 2213 1167; x_wconf 83' lang='lat' dir='ltr'>proximo</span> 
     </span>
     <span class='ocr_line' id='line_1_58' title="bbox 1210 1174 2212 1216; baseline 0.01 -16"><span class='ocrx_word' id='word_1_440' title='bbox 1210 1175 1317 1201; x_wconf 90' lang='lat' dir='ltr'>martio</span> <span class='ocrx_word' id='word_1_441' title='bbox 1336 1174 1367 1200; x_wconf 89' lang='lat' dir='ltr'>in</span> <span class='ocrx_word' id='word_1_442' title='bbox 1384 1175 1490 1202; x_wconf 88' lang='lat' dir='ltr'>Terrae</span> <span class='ocrx_word' id='word_1_443' title='bbox 1511 1176 1638 1203; x_wconf 81' lang='lat' dir='ltr'>Sanctae</span> <span class='ocrx_word' id='word_1_444' title='bbox 1658 1176 1824 1204; x_wconf 85' lang='lat' dir='ltr'>subsidium</span> <span class='ocrx_word' id='word_1_445' title='bbox 1843 1179 1977 1213; x_wconf 87' lang='lat' dir='ltr'>accedat,</span> <span class='ocrx_word' id='word_1_446' title='bbox 1995 1183 2023 1207; x_wconf 87' lang='lat' dir='ltr'>ct</span> <span class='ocrx_word' id='word_1_447' title='bbox 2042 1182 2212 1216; x_wconf 81' lang='lat' dir='ltr'>Alfonsum,</span> 
     </span>
     <span class='ocr_line' id='line_1_59' title="bbox 1209 1221 2213 1261; baseline 0.009 -13"><span class='ocrx_word' id='word_1_448' title='bbox 1209 1221 1303 1256; x_wconf 82' lang='lat' dir='ltr'>ipsius</span> <span class='ocrx_word' id='word_1_449' title='bbox 1330 1223 1405 1257; x_wconf 77' lang='lat' dir='ltr'>regis</span> <span class='ocrx_word' id='word_1_450' title='bbox 1430 1224 1563 1256; x_wconf 80' lang='lat' dir='ltr'>fratrem,</span> <span class='ocrx_word' id='word_1_451' title='bbox 1589 1224 1626 1250; x_wconf 85' lang='lat' dir='ltr'>ad</span> <span class='ocrx_word' id='word_1_452' title='bbox 1651 1225 1782 1258; x_wconf 76' lang='lat' dir='ltr'>regimen</span> <span class='ocrx_word' id='word_1_453' title='bbox 1808 1229 1903 1253; x_wconf 90' lang='lat' dir='ltr'>terrae</span> <span class='ocrx_word' id='word_1_454' title='bbox 1925 1228 2069 1261; x_wconf 85' lang='lat' dir='ltr'>praedicti</span> <span class='ocrx_word' id='word_1_455' title='bbox 2095 1230 2213 1257; x_wconf 87' lang='lat' dir='ltr'>comitis</span> 
     </span>
     <span class='ocr_line' id='line_1_60' title="bbox 1209 1271 2213 1309; baseline 0.01 -13"><span class='ocrx_word' id='word_1_456' title='bbox 1209 1271 1405 1297; x_wconf 87' lang='lat' dir='ltr'>transmittat.</span> <span class='ocrx_word' id='word_1_457' title='bbox 1429 1286 1460 1289; x_wconf 97' lang='lat'><strong>—</strong></span> <span class='ocrx_word' id='word_1_458' title='bbox 1479 1272 1565 1302; x_wconf 66' lang='lat' dir='ltr'>(Rae.</span> <span class='ocrx_word' id='word_1_459' title='bbox 1583 1272 1631 1304; x_wconf 81' lang='grc'>18,</span> <span class='ocrx_word' id='word_1_460' title='bbox 1654 1273 1674 1298; x_wconf 82' lang='lat' dir='ltr'>f.</span> <span class='ocrx_word' id='word_1_461' title='bbox 1697 1272 1748 1299; x_wconf 74' lang='grc'>152</span> <span class='ocrx_word' id='word_1_462' title='bbox 1761 1276 1808 1305; x_wconf 86' lang='lat' dir='ltr'>v‘&#39;;</span> <span class='ocrx_word' id='word_1_463' title='bbox 1832 1282 1902 1301; x_wconf 89' lang='grc'>31111.</span> <span class='ocrx_word' id='word_1_464' title='bbox 1923 1276 1967 1308; x_wconf 83' lang='grc' dir='ltr'>Χ,</span> <span class='ocrx_word' id='word_1_465' title='bbox 1984 1285 2008 1302; x_wconf 87' lang='grc'>0.</span> <span class='ocrx_word' id='word_1_466' title='bbox 2026 1276 2076 1309; x_wconf 86' lang='grc'>66;</span> <span class='ocrx_word' id='word_1_467' title='bbox 2094 1292 2126 1296; x_wconf 83' lang='lat'><strong>—</strong></span> <span class='ocrx_word' id='word_1_468' title='bbox 2145 1278 2213 1306; x_wconf 82' lang='lat' dir='ltr'>Mo-</span> 
     </span>
     <span class='ocr_line' id='line_1_61' title="bbox 1209 1319 1860 1353; baseline 0.005 -8"><span class='ocrx_word' id='word_1_469' title='bbox 1209 1327 1288 1346; x_wconf 64' lang='lat' dir='ltr'>REAu</span> <span class='ocrx_word' id='word_1_470' title='bbox 1304 1319 1383 1351; x_wconf 85' lang='lat'>1191,</span> <span class='ocrx_word' id='word_1_471' title='bbox 1401 1320 1421 1346; x_wconf 80' lang='lat' dir='ltr'>f.</span> <span class='ocrx_word' id='word_1_472' title='bbox 1438 1319 1489 1352; x_wconf 85' lang='grc'>49;</span> <span class='ocrx_word' id='word_1_473' title='bbox 1507 1334 1538 1338; x_wconf 83' lang='lat'>—</span> <span class='ocrx_word' id='word_1_474' title='bbox 1555 1321 1592 1346; x_wconf 81' lang='lat' dir='ltr'>ct.</span> <span class='ocrx_word' id='word_1_475' title='bbox 1610 1327 1706 1353; x_wconf 81' lang='lat' dir='ltr'>supra,</span> <span class='ocrx_word' id='word_1_476' title='bbox 1724 1324 1752 1347; x_wconf 84' lang='lat' dir='ltr'>n⁰</span> <span class='ocrx_word' id='word_1_477' title='bbox 1768 1321 1860 1353; x_wconf 85' lang='lat'>3058.)</span> 
     </span>
    </p>
   </div>
   <div class='ocr_carea' id='block_1_14' title="bbox 1208 1427 2220 2994">
    <p class='ocr_par' dir='ltr' id='par_1_14' title="bbox 1208 1427 2220 2994">
     <span class='ocr_line' id='line_1_62' title="bbox 1252 1427 2216 1464; baseline 0.01 -11"><span class='ocrx_word' id='word_1_478' title='bbox 1252 1437 1265 1452; x_wconf 80' lang='grc' dir='ltr'>ι(</span> <span class='ocrx_word' id='word_1_479' title='bbox 1286 1449 1303 1454; x_wconf 90' lang='grc'>..</span> <span class='ocrx_word' id='word_1_480' title='bbox 1323 1427 1440 1455; x_wconf 80' lang='lat' dir='ltr'>illustri</span> <span class='ocrx_word' id='word_1_481' title='bbox 1458 1428 1522 1464; x_wconf 74' lang='lat' dir='ltr'>reyi</span> <span class='ocrx_word' id='word_1_482' title='bbox 1536 1428 1679 1457; x_wconf 79' lang='lat' dir='ltr'>Francie.</span> <span class='ocrx_word' id='word_1_483' title='bbox 1697 1429 1725 1458; x_wconf 83' lang='lat' dir='ltr'><strong>A</strong></span> <span class='ocrx_word' id='word_1_484' title='bbox 1741 1430 1900 1459; x_wconf 87' lang='lat' dir='ltr'>memoria</span> <span class='ocrx_word' id='word_1_485' title='bbox 1916 1435 2029 1461; x_wconf 86' lang='lat' dir='ltr'>nostra</span> <span class='ocrx_word' id='word_1_486' title='bbox 2045 1441 2110 1462; x_wconf 91' lang='lat' dir='ltr'>non</span> <span class='ocrx_word' id='word_1_487' title='bbox 2127 1433 2216 1463; x_wconf 79' lang='lat' dir='ltr'>exci-</span> 
     </span>
     <span class='ocr_line' id='line_1_63' title="bbox 1209 1477 2215 1521; baseline 0.009 -15"><span class='ocrx_word' id='word_1_488' title='bbox 1209 1477 1257 1507; x_wconf 88' lang='lat' dir='ltr'>dit</span> <span class='ocrx_word' id='word_1_489' title='bbox 1284 1483 1428 1516; x_wconf 87' lang='lat' dir='ltr'>quantus</span> <span class='ocrx_word' id='word_1_490' title='bbox 1453 1488 1510 1517; x_wconf 77' lang='lat' dir='ltr'>per</span> <span class='ocrx_word' id='word_1_491' title='bbox 1534 1479 1649 1510; x_wconf 88' lang='lat' dir='ltr'>inclite</span> <span class='ocrx_word' id='word_1_492' title='bbox 1673 1481 1913 1512; x_wconf 88' lang='lat' dir='ltr'>recordationis</span> <span class='ocrx_word' id='word_1_493' title='bbox 1940 1492 2035 1521; x_wconf 77' lang='lat' dir='ltr'>reges</span> <span class='ocrx_word' id='word_1_494' title='bbox 2057 1485 2215 1521; x_wconf 72' lang='lat' dir='ltr'>francie,</span> 
     </span>
     <span class='ocr_line' id='line_1_64' title="bbox 1208 1530 2216 1575; baseline 0.009 -16"><span class='ocrx_word' id='word_1_495' title='bbox 1208 1530 1459 1568; x_wconf 85' lang='lat' dir='ltr'>predecessores</span> <span class='ocrx_word' id='word_1_496' title='bbox 1478 1532 1728 1568; x_wconf 14' lang='lat' dir='ltr'>tuos,rEcclesie</span> <span class='ocrx_word' id='word_1_497' title='bbox 1752 1542 1788 1563; x_wconf 87' lang='lat' dir='ltr'>ac</span> <span class='ocrx_word' id='word_1_498' title='bbox 1811 1534 1972 1565; x_wconf 85' lang='lat' dir='ltr'>catholice</span> <span class='ocrx_word' id='word_1_499' title='bbox 1989 1536 2067 1567; x_wconf 83' lang='lat' dir='ltr'>fidei</span> <span class='ocrx_word' id='word_1_500' title='bbox 2087 1539 2216 1575; x_wconf 79' lang='lat' dir='ltr'>profec-</span> 
     </span>
     <span class='ocr_line' id='line_1_65' title="bbox 1209 1583 2215 1627; baseline 0.009 -15"><span class='ocrx_word' id='word_1_501' title='bbox 1209 1587 1262 1613; x_wconf 87' lang='lat' dir='ltr'>tus</span> <span class='ocrx_word' id='word_1_502' title='bbox 1280 1583 1461 1623; x_wconf 77' lang='lat' dir='ltr'>advenerit,</span> <span class='ocrx_word' id='word_1_503' title='bbox 1481 1594 1580 1623; x_wconf 87' lang='lat' dir='ltr'>quam</span> <span class='ocrx_word' id='word_1_504' title='bbox 1599 1586 1775 1623; x_wconf 77' lang='lat' dir='ltr'>magnifice</span> <span class='ocrx_word' id='word_1_505' title='bbox 1793 1587 1931 1618; x_wconf 87' lang='lat' dir='ltr'>Francie</span> <span class='ocrx_word' id='word_1_506' title='bbox 1947 1598 2097 1627; x_wconf 79' lang='lat' dir='ltr'>regnum,</span> <span class='ocrx_word' id='word_1_507' title='bbox 2115 1589 2215 1622; x_wconf 86' lang='lat' dir='ltr'>bene-</span> 
     </span>
     <span class='ocr_line' id='line_1_66' title="bbox 1209 1635 2214 1678; baseline 0.008 -13"><span class='ocrx_word' id='word_1_508' title='bbox 1209 1635 1335 1665; x_wconf 90' lang='lat' dir='ltr'>dictum</span> <span class='ocrx_word' id='word_1_509' title='bbox 1358 1646 1376 1666; x_wconf 81' lang='lat' dir='ltr'>a</span> <span class='ocrx_word' id='word_1_510' title='bbox 1399 1637 1551 1673; x_wconf 92' lang='lat' dir='ltr'>Domino,</span> <span class='ocrx_word' id='word_1_511' title='bbox 1571 1637 1658 1673; x_wconf 81' lang='lat' dir='ltr'>illas,</span> <span class='ocrx_word' id='word_1_512' title='bbox 1682 1638 1884 1678; x_wconf 79' lang='lat' dir='ltr'>ubicumque</span> <span class='ocrx_word' id='word_1_513' title='bbox 1909 1642 2026 1678; x_wconf 89' lang='lat' dir='ltr'>potuit,</span> <span class='ocrx_word' id='word_1_514' title='bbox 2050 1643 2214 1673; x_wconf 74' lang='lat' dir='ltr'>exaltarit.</span> 
     </span>
     <span class='ocr_line' id='line_1_67' title="bbox 1209 1689 2216 1730; baseline 0.009 -12"><span class='ocrx_word' id='word_1_515' title='bbox 1209 1689 1295 1718; x_wconf 80' lang='lat' dir='ltr'>Nam</span> <span class='ocrx_word' id='word_1_516' title='bbox 1321 1698 1435 1719; x_wconf 87' lang='lat' dir='ltr'>eorum</span> <span class='ocrx_word' id='word_1_517' title='bbox 1459 1690 1648 1721; x_wconf 89' lang='lat' dir='ltr'>ministerio</span> <span class='ocrx_word' id='word_1_518' title='bbox 1674 1691 1871 1730; x_wconf 80' lang='lat' dir='ltr'>quandoque</span> <span class='ocrx_word' id='word_1_519' title='bbox 1897 1694 2033 1724; x_wconf 86' lang='lat' dir='ltr'>Terram</span> <span class='ocrx_word' id='word_1_520' title='bbox 2061 1696 2216 1726; x_wconf 82' lang='lat' dir='ltr'>Sanctam</span> 
     </span>
     <span class='ocr_line' id='line_1_68' title="bbox 1210 1741 2214 1786; baseline 0.009 -16"><span class='ocrx_word' id='word_1_521' title='bbox 1210 1741 1323 1772; x_wconf 78' lang='lat' dir='ltr'>divina</span> <span class='ocrx_word' id='word_1_522' title='bbox 1350 1742 1524 1780; x_wconf 86' lang='lat' dir='ltr'>dispositio</span> <span class='ocrx_word' id='word_1_523' title='bbox 1545 1744 1584 1773; x_wconf 89' lang='lat' dir='ltr'>de</span> <span class='ocrx_word' id='word_1_524' title='bbox 1607 1744 1762 1774; x_wconf 81' lang='lat' dir='ltr'>manibus</span> <span class='ocrx_word' id='word_1_525' title='bbox 1784 1745 1994 1782; x_wconf 81' lang='lat' dir='ltr'>Paganorum</span> <span class='ocrx_word' id='word_1_526' title='bbox 2013 1748 2145 1786; x_wconf 86' lang='lat' dir='ltr'>eripuit,</span> <span class='ocrx_word' id='word_1_527' title='bbox 2173 1754 2214 1785; x_wconf 87' lang='lat' dir='ltr'>et,</span> 
     </span>
     <span class='ocr_line' id='line_1_69' title="bbox 1209 1794 2216 1834; baseline 0.009 -11"><span class='ocrx_word' id='word_1_528' title='bbox 1209 1794 1617 1833; x_wconf 86' lang='lat' dir='ltr'>Constantinopolitanum</span> <span class='ocrx_word' id='word_1_529' title='bbox 1628 1797 1810 1834; x_wconf 87' lang='lat' dir='ltr'>Imperium</span> <span class='ocrx_word' id='word_1_530' title='bbox 1822 1798 1863 1827; x_wconf 84' lang='lat' dir='ltr'>ad</span> <span class='ocrx_word' id='word_1_531' title='bbox 1873 1798 2096 1830; x_wconf 84' lang='lat' dir='ltr'>obedientiam</span> <span class='ocrx_word' id='word_1_532' title='bbox 2108 1802 2216 1832; x_wconf 88' lang='lat' dir='ltr'>Eccle-</span> 
     </span>
     <span class='ocr_line' id='line_1_70' title="bbox 1211 1847 2216 1889; baseline 0.009 -13"><span class='ocrx_word' id='word_1_533' title='bbox 1211 1847 1258 1877; x_wconf 90' lang='lat' dir='ltr'>sie</span> <span class='ocrx_word' id='word_1_534' title='bbox 1275 1849 1423 1878; x_wconf 84' lang='lat' dir='ltr'>Romane</span> <span class='ocrx_word' id='word_1_535' title='bbox 1440 1849 1614 1884; x_wconf 85' lang='lat' dir='ltr'>reducens,</span> <span class='ocrx_word' id='word_1_536' title='bbox 1635 1849 1818 1879; x_wconf 82' lang='lat' dir='ltr'>Ecclesiam</span> <span class='ocrx_word' id='word_1_537' title='bbox 1834 1851 1941 1889; x_wconf 88' lang='lat' dir='ltr'>ipsam</span> <span class='ocrx_word' id='word_1_538' title='bbox 1956 1853 2090 1883; x_wconf 90' lang='lat' dir='ltr'>illorum</span> <span class='ocrx_word' id='word_1_539' title='bbox 2107 1855 2216 1886; x_wconf 77' lang='lat' dir='ltr'>studio</span> 
     </span>
     <span class='ocr_line' id='line_1_71' title="bbox 1211 1899 2218 1944; baseline 0.01 -16"><span class='ocrx_word' id='word_1_540' title='bbox 1211 1908 1229 1929; x_wconf 90' lang='lat' dir='ltr'>a</span> <span class='ocrx_word' id='word_1_541' title='bbox 1242 1899 1356 1929; x_wconf 88' lang='lat' dir='ltr'>multis</span> <span class='ocrx_word' id='word_1_542' title='bbox 1371 1900 1711 1938; x_wconf 76' lang='lat' dir='ltr'>pe1·iculisliberavit;</span> <span class='ocrx_word' id='word_1_543' title='bbox 1729 1911 1787 1940; x_wconf 88' lang='lat' dir='ltr'>per</span> <span class='ocrx_word' id='word_1_544' title='bbox 1801 1903 1891 1941; x_wconf 89' lang='lat' dir='ltr'>ipsos</span> <span class='ocrx_word' id='word_1_545' title='bbox 1905 1905 2005 1934; x_wconf 76' lang='lat' dir='ltr'>etiam</span> <span class='ocrx_word' id='word_1_546' title='bbox 2019 1907 2218 1944; x_wconf 74' lang='lat' dir='ltr'>pravitatem</span> 
     </span>
     <span class='ocr_line' id='line_1_72' title="bbox 1209 1951 2217 1998; baseline 0.01 -18"><span class='ocrx_word' id='word_1_547' title='bbox 1209 1951 1392 1982; x_wconf 89' lang='lat' dir='ltr'>hereticam</span> <span class='ocrx_word' id='word_1_548' title='bbox 1418 1953 1524 1982; x_wconf 82' lang='lat' dir='ltr'>fuisse</span> <span class='ocrx_word' id='word_1_549' title='bbox 1544 1953 1580 1982; x_wconf 90' lang='lat' dir='ltr'>in</span> <span class='ocrx_word' id='word_1_550' title='bbox 1604 1953 1755 1991; x_wconf 86' lang='lat' dir='ltr'>partibus</span> <span class='ocrx_word' id='word_1_551' title='bbox 1779 1954 2017 1993; x_wconf 76' lang='lat' dir='ltr'>Albigensibus</span> <span class='ocrx_word' id='word_1_552' title='bbox 2044 1959 2217 1998; x_wconf 83' lang='lat' dir='ltr'>impugna-</span> 
     </span>
     <span class='ocr_line' id='line_1_73' title="bbox 1210 2004 2219 2048; baseline 0.01 -15"><span class='ocrx_word' id='word_1_553' title='bbox 1210 2008 1288 2039; x_wconf 88' lang='lat' dir='ltr'>tam,</span> <span class='ocrx_word' id='word_1_554' title='bbox 1309 2008 1340 2034; x_wconf 93' lang='lat' dir='ltr'>et</span> <span class='ocrx_word' id='word_1_555' title='bbox 1357 2004 1440 2034; x_wconf 85' lang='lat' dir='ltr'>alias</span> <span class='ocrx_word' id='word_1_556' title='bbox 1454 2005 1557 2035; x_wconf 91' lang='lat' dir='ltr'>multa</span> <span class='ocrx_word' id='word_1_557' title='bbox 1572 2005 1668 2042; x_wconf 83' lang='lat' dir='ltr'>bona,</span> <span class='ocrx_word' id='word_1_558' title='bbox 1690 2016 1753 2045; x_wconf 87' lang='lat' dir='ltr'>que</span> <span class='ocrx_word' id='word_1_559' title='bbox 1769 2006 1862 2037; x_wconf 75' lang='lat' dir='ltr'>brevi</span> <span class='ocrx_word' id='word_1_560' title='bbox 1880 2017 1946 2038; x_wconf 88' lang='lat' dir='ltr'>non</span> <span class='ocrx_word' id='word_1_561' title='bbox 1961 2019 2138 2048; x_wconf 84' lang='lat' dir='ltr'>possumus</span> <span class='ocrx_word' id='word_1_562' title='bbox 2155 2012 2219 2043; x_wconf 88' lang='lat' dir='ltr'>elo-</span> 
     </span>
     <span class='ocr_line' id='line_1_74' title="bbox 1211 2056 2217 2101; baseline 0.01 -16"><span class='ocrx_word' id='word_1_563' title='bbox 1211 2056 1344 2087; x_wconf 84' lang='lat' dir='ltr'>cutione</span> <span class='ocrx_word' id='word_1_564' title='bbox 1367 2057 1504 2093; x_wconf 85' lang='lat' dir='ltr'>referre,</span> <span class='ocrx_word' id='word_1_565' title='bbox 1526 2058 1711 2088; x_wconf 83' lang='lat' dir='ltr'>universali</span> <span class='ocrx_word' id='word_1_566' title='bbox 1733 2059 1889 2096; x_wconf 78' lang='lat' dir='ltr'>Ecclesie‚</span> <span class='ocrx_word' id='word_1_567' title='bbox 1909 2061 1992 2100; x_wconf 89' lang='lat' dir='ltr'>ipsis</span> <span class='ocrx_word' id='word_1_568' title='bbox 2007 2065 2217 2101; x_wconf 86' lang='lat' dir='ltr'>procuranti-</span> 
     </span>
     <span class='ocr_line' id='line_1_75' title="bbox 1211 2108 2218 2155; baseline 0.011 -18"><span class='ocrx_word' id='word_1_569' title='bbox 1211 2108 1316 2145; x_wconf 80' lang='lat' dir='ltr'>tibus,</span> <span class='ocrx_word' id='word_1_570' title='bbox 1344 2109 1497 2140; x_wconf 76' lang='lat' dir='ltr'>novimus</span> <span class='ocrx_word' id='word_1_571' title='bbox 1521 2111 1734 2148; x_wconf 72' lang='lat' dir='ltr'>provenisse3</span> <span class='ocrx_word' id='word_1_572' title='bbox 1756 2117 1889 2150; x_wconf 85' lang='lat' dir='ltr'>propter</span> <span class='ocrx_word' id='word_1_573' title='bbox 1909 2115 1996 2152; x_wconf 88' lang='lat' dir='ltr'>quod</span> <span class='ocrx_word' id='word_1_574' title='bbox 2020 2120 2054 2145; x_wconf 91' lang='lat' dir='ltr'>ut</span> <span class='ocrx_word' id='word_1_575' title='bbox 2077 2125 2218 2155; x_wconf 86' lang='lat' dir='ltr'>regnum</span> 
     </span>
     <span class='ocr_line' id='line_1_76' title="bbox 1211 2162 2216 2209; baseline 0.01 -18"><span class='ocrx_word' id='word_1_576' title='bbox 1211 2162 1322 2200; x_wconf 89' lang='lat' dir='ltr'>ipsum</span> <span class='ocrx_word' id='word_1_577' title='bbox 1344 2162 1500 2193; x_wconf 82' lang='lat' dir='ltr'>salutaris</span> <span class='ocrx_word' id='word_1_578' title='bbox 1523 2168 1628 2193; x_wconf 85' lang='lat' dir='ltr'>status</span> <span class='ocrx_word' id='word_1_579' title='bbox 1649 2169 1679 2194; x_wconf 88' lang='lat' dir='ltr'>et</span> <span class='ocrx_word' id='word_1_580' title='bbox 1702 2165 1793 2203; x_wconf 86' lang='lat' dir='ltr'>pacis</span> <span class='ocrx_word' id='word_1_581' title='bbox 1816 2166 2022 2198; x_wconf 88' lang='lat' dir='ltr'>incrementa</span> <span class='ocrx_word' id='word_1_582' title='bbox 2045 2170 2216 2209; x_wconf 87' lang='lat' dir='ltr'>suscipiat,</span> 
     </span>
     <span class='ocr_line' id='line_1_77' title="bbox 1213 2215 2220 2254; baseline 0.011 -11"><span class='ocrx_word' id='word_1_583' title='bbox 1213 2218 1244 2244; x_wconf 89' lang='lat' dir='ltr'>et</span> <span class='ocrx_word' id='word_1_584' title='bbox 1264 2219 1300 2244; x_wconf 90' lang='lat' dir='ltr'>ut</span> <span class='ocrx_word' id='word_1_585' title='bbox 1323 2215 1482 2245; x_wconf 77' lang='lat' dir='ltr'>excelsior</span> <span class='ocrx_word' id='word_1_586' title='bbox 1505 2215 1700 2246; x_wconf 81' lang='lat' dir='ltr'>excellentia</span> <span class='ocrx_word' id='word_1_587' title='bbox 1725 2222 1780 2247; x_wconf 89' lang='lat' dir='ltr'>tna</span> <span class='ocrx_word' id='word_1_588' title='bbox 1805 2218 1871 2254; x_wconf 88' lang='lat' dir='ltr'>fiat,</span> <span class='ocrx_word' id='word_1_589' title='bbox 1888 2220 2032 2251; x_wconf 87' lang='lat' dir='ltr'>ferventi</span> <span class='ocrx_word' id='word_1_590' title='bbox 2053 2222 2220 2254; x_wconf 89' lang='lat' dir='ltr'>desiderio</span> 
     </span>
     <span class='ocr_line' id='line_1_78' title="bbox 1213 2268 2219 2313; baseline 0.01 -16"><span class='ocrx_word' id='word_1_591' title='bbox 1213 2268 1376 2306; x_wconf 89' lang='lat' dir='ltr'>cupimus,</span> <span class='ocrx_word' id='word_1_592' title='bbox 1397 2273 1427 2298; x_wconf 90' lang='lat' dir='ltr'>et</span> <span class='ocrx_word' id='word_1_593' title='bbox 1444 2268 1483 2298; x_wconf 87' lang='lat' dir='ltr'>ad</span> <span class='ocrx_word' id='word_1_594' title='bbox 1495 2269 1531 2298; x_wconf 90' lang='lat' dir='ltr'>id</span> <span class='ocrx_word' id='word_1_595' title='bbox 1545 2278 1640 2307; x_wconf 87' lang='lat' dir='ltr'>opem</span> <span class='ocrx_word' id='word_1_596' title='bbox 1656 2274 1687 2300; x_wconf 79' lang='lat' dir='ltr'>et.</span> <span class='ocrx_word' id='word_1_597' title='bbox 1699 2279 1843 2308; x_wconf 89' lang='lat' dir='ltr'>operam,</span> <span class='ocrx_word' id='word_1_598' title='bbox 1862 2272 1947 2303; x_wconf 87' lang='lat' dir='ltr'>sicut</span> <span class='ocrx_word' id='word_1_599' title='bbox 1963 2277 1998 2303; x_wconf 90' lang='lat' dir='ltr'>tu</span> <span class='ocrx_word' id='word_1_600' title='bbox 2013 2274 2084 2313; x_wconf 88' lang='lat' dir='ltr'>ipse</span> <span class='ocrx_word' id='word_1_601' title='bbox 2099 2276 2135 2305; x_wconf 92' lang='lat' dir='ltr'>in</span> <span class='ocrx_word' id='word_1_602' title='bbox 2152 2277 2219 2307; x_wconf 89' lang='lat' dir='ltr'>tuis</span> 
     </span>
     <span class='ocr_line' id='line_1_79' title="bbox 1213 2321 2219 2366; baseline 0.011 -17"><span class='ocrx_word' id='word_1_603' title='bbox 1213 2321 1469 2351; x_wconf 86' lang='lat' dir='ltr'>necessitatibus</span> <span class='ocrx_word' id='word_1_604' title='bbox 1484 2322 1814 2361; x_wconf 87' lang='lat' dir='ltr'>potuistipercipere,</span> <span class='ocrx_word' id='word_1_605' title='bbox 1833 2325 1986 2363; x_wconf 87' lang='lat' dir='ltr'>quotiens</span> <span class='ocrx_word' id='word_1_606' title='bbox 2003 2336 2037 2358; x_wconf 90' lang='lat' dir='ltr'>se</span> <span class='ocrx_word' id='word_1_607' title='bbox 2053 2329 2126 2366; x_wconf 90' lang='lat' dir='ltr'>ipsa</span> <span class='ocrx_word' id='word_1_608' title='bbox 2142 2330 2219 2360; x_wconf 85' lang='lat' dir='ltr'>offe-</span> 
     </span>
     <span class='ocr_line' id='line_1_80' title="bbox 1212 2376 2218 2417; baseline 0.01 -15"><span class='ocrx_word' id='word_1_609' title='bbox 1212 2377 1291 2402; x_wconf 89' lang='lat' dir='ltr'>runt</span> <span class='ocrx_word' id='word_1_610' title='bbox 1312 2378 1506 2412; x_wconf 86' lang='lat' dir='ltr'>opportuna,</span> <span class='ocrx_word' id='word_1_611' title='bbox 1530 2376 1925 2412; x_wconf 83' lang='lat' dir='ltr'>prestamus,·credentes</span> <span class='ocrx_word' id='word_1_612' title='bbox 1948 2380 2035 2417; x_wconf 89' lang='lat' dir='ltr'>quod</span> <span class='ocrx_word' id='word_1_613' title='bbox 2057 2380 2218 2412; x_wconf 89' lang='lat' dir='ltr'>celsitudo</span> 
     </span>
     <span class='ocr_line' id='line_1_81' title="bbox 1213 2425 2220 2472; baseline 0.009 -17"><span class='ocrx_word' id='word_1_614' title='bbox 1213 2429 1269 2455; x_wconf 86' lang='lat' dir='ltr'>tua</span> <span class='ocrx_word' id='word_1_615' title='bbox 1285 2425 1421 2472; x_wconf 77' lang='lat' dir='ltr'>sinistre</span> <span class='ocrx_word' id='word_1_616' title='bbox 1438 2427 1476 2457; x_wconf 90' lang='lat' dir='ltr'>de</span> <span class='ocrx_word' id='word_1_617' title='bbox 1499 2427 1595 2457; x_wconf 85' lang='lat' dir='ltr'>nobis</span> <span class='ocrx_word' id='word_1_618' title='bbox 1611 2427 1695 2457; x_wconf 86' lang='lat' dir='ltr'>nolit</span> <span class='ocrx_word' id='word_1_619' title='bbox 1716 2429 1917 2467; x_wconf 87' lang='lat' dir='ltr'>suspicionis</span> <span class='ocrx_word' id='word_1_620' title='bbox 1933 2438 2128 2470; x_wconf 84' lang='lat' dir='ltr'>argumenta</span> <span class='ocrx_word' id='word_1_621' title='bbox 2142 2443 2220 2472; x_wconf 87' lang='lat' dir='ltr'>pra-</span> 
     </span>
     <span class='ocr_line' id='line_1_82' title="bbox 1212 2480 2219 2521; baseline 0.011 -14"><span class='ocrx_word' id='word_1_622' title='bbox 1212 2487 1328 2508; x_wconf 76' lang='lat' dir='ltr'>vorum</span> <span class='ocrx_word' id='word_1_623' title='bbox 1345 2480 1557 2518; x_wconf 82' lang='lat' dir='ltr'>suggestione</span> <span class='ocrx_word' id='word_1_624' title='bbox 1573 2480 1740 2519; x_wconf 84' lang='lat' dir='ltr'>colligere,</span> <span class='ocrx_word' id='word_1_625' title='bbox 1759 2492 1822 2521; x_wconf 86' lang='lat' dir='ltr'>que</span> <span class='ocrx_word' id='word_1_626' title='bbox 1841 2484 1876 2512; x_wconf 87' lang='lat' dir='ltr'>in</span> <span class='ocrx_word' id='word_1_627' title='bbox 1893 2485 2122 2516; x_wconf 87' lang='lat' dir='ltr'>credulitatem</span> <span class='ocrx_word' id='word_1_628' title='bbox 2139 2496 2219 2518; x_wconf 85' lang='lat' dir='ltr'>sane</span> 
     </span>
     <span class='ocr_line' id='line_1_83' title="bbox 1212 2531 2220 2574; baseline 0.01 -14"><span class='ocrx_word' id='word_1_629' title='bbox 1212 2531 1334 2561; x_wconf 86' lang='lat' dir='ltr'>mentis</span> <span class='ocrx_word' id='word_1_630' title='bbox 1356 2532 1406 2562; x_wconf 78' lang='lat' dir='ltr'>vis</span> <span class='ocrx_word' id='word_1_631' title='bbox 1427 2533 1568 2563; x_wconf 86' lang='lat' dir='ltr'>rationis</span> <span class='ocrx_word' id='word_1_632' title='bbox 1586 2542 1652 2563; x_wconf 89' lang='lat' dir='ltr'>non</span> <span class='ocrx_word' id='word_1_633' title='bbox 1674 2534 1800 2572; x_wconf 88' lang='lat' dir='ltr'>patitur</span> <span class='ocrx_word' id='word_1_634' title='bbox 1817 2535 1984 2566; x_wconf 81' lang='lat' dir='ltr'>advenire.</span> <span class='ocrx_word' id='word_1_635' title='bbox 2003 2537 2099 2574; x_wconf 86' lang='lat' dir='ltr'>Sane,</span> <span class='ocrx_word' id='word_1_636' title='bbox 2118 2539 2146 2569; x_wconf 90' lang='lat' dir='ltr'>si</span> <span class='ocrx_word' id='word_1_637' title='bbox 2166 2540 2220 2569; x_wconf 91' lang='lat' dir='ltr'>in-</span> 
     </span>
     <span class='ocr_line' id='line_1_84' title="bbox 1212 2584 2220 2623; baseline 0.009 -10"><span class='ocrx_word' id='word_1_638' title='bbox 1212 2584 1389 2614; x_wconf 79' lang='lat' dir='ltr'>terdictum</span> <span class='ocrx_word' id='word_1_639' title='bbox 1413 2594 1471 2623; x_wconf 92' lang='lat' dir='ltr'>pro</span> <span class='ocrx_word' id='word_1_640' title='bbox 1493 2586 1579 2616; x_wconf 83' lang='lat' dir='ltr'>facto</span> <span class='ocrx_word' id='word_1_641' title='bbox 1605 2586 1744 2617; x_wconf 84' lang='lat' dir='ltr'>ecclesie</span> <span class='ocrx_word' id='word_1_642' title='bbox 1765 2587 1977 2619; x_wconf 75' lang='lat' dir='ltr'>Belracensis</span> <span class='ocrx_word' id='word_1_643' title='bbox 1996 2599 2014 2619; x_wconf 86' lang='lat' dir='ltr'>a</span> <span class='ocrx_word' id='word_1_644' title='bbox 2035 2592 2220 2622; x_wconf 78' lang='lat' dir='ltr'>venerabili</span> 
     </span>
     <span class='ocr_line' id='line_1_85' title="bbox 1211 2637 2218 2680; baseline 0.007 -14"><span class='ocrx_word' id='word_1_645' title='bbox 1211 2637 1315 2667; x_wconf 80' lang='lat' dir='ltr'>fratre</span> <span class='ocrx_word' id='word_1_646' title='bbox 1338 2642 1451 2668; x_wconf 89' lang='lat' dir='ltr'>nostro</span> <span class='ocrx_word' id='word_1_647' title='bbox 1470 2661 1490 2667; x_wconf 93' lang='lat'>..</span> <span class='ocrx_word' id='word_1_648' title='bbox 1513 2639 1761 2677; x_wconf 85' lang='lat' dir='ltr'>archiepiscopo</span> <span class='ocrx_word' id='word_1_649' title='bbox 1783 2641 1941 2670; x_wconf 82' lang='lat' dir='ltr'>Remensi</span> <span class='ocrx_word' id='word_1_650' title='bbox 1955 2642 2130 2680; x_wconf 78' lang='lat' dir='ltr'>prolatum,</span> <span class='ocrx_word' id='word_1_651' title='bbox 2148 2653 2218 2675; x_wconf 89' lang='lat' dir='ltr'>ser-</span> 
     </span>
     <span class='ocr_line' id='line_1_86' title="bbox 1212 2689 2217 2734; baseline 0.009 -16"><span class='ocrx_word' id='word_1_652' title='bbox 1212 2689 1284 2718; x_wconf 80' lang='lat' dir='ltr'>vari</span> <span class='ocrx_word' id='word_1_653' title='bbox 1306 2689 1394 2720; x_wconf 84' lang='lat' dir='ltr'>inter</span> <span class='ocrx_word' id='word_1_654' title='bbox 1414 2700 1573 2729; x_wconf 85' lang='lat' dir='ltr'>personas</span> <span class='ocrx_word' id='word_1_655' title='bbox 1600 2695 1710 2721; x_wconf 88' lang='lat' dir='ltr'>nostre</span> <span class='ocrx_word' id='word_1_656' title='bbox 1733 2692 1958 2730; x_wconf 84' lang='lat' dir='ltr'>jurisdictioni</span> <span class='ocrx_word' id='word_1_657' title='bbox 1987 2695 2151 2734; x_wconf 86' lang='lat' dir='ltr'>subjectas</span> <span class='ocrx_word' id='word_1_658' title='bbox 2177 2697 2217 2726; x_wconf 85' lang='lat' dir='ltr'>ab</span> 
     </span>
     <span class='ocr_line' id='line_1_87' title="bbox 1212 2742 2217 2781; baseline 0.008 -10"><span class='ocrx_word' id='word_1_659' title='bbox 1212 2742 1401 2779; x_wconf 86' lang='lat' dir='ltr'>Apostolica</span> <span class='ocrx_word' id='word_1_660' title='bbox 1421 2743 1503 2773; x_wconf 81' lang='lat' dir='ltr'>Sede</span> <span class='ocrx_word' id='word_1_661' title='bbox 1521 2744 1712 2781; x_wconf 82' lang='lat' dir='ltr'>precipitur,</span> <span class='ocrx_word' id='word_1_662' title='bbox 1729 2753 1793 2774; x_wconf 90' lang='lat' dir='ltr'>non</span> <span class='ocrx_word' id='word_1_663' title='bbox 1811 2750 1858 2774; x_wconf 88' lang='lat' dir='ltr'>est</span> <span class='ocrx_word' id='word_1_664' title='bbox 1876 2747 1962 2776; x_wconf 90' lang='lat' dir='ltr'>unde</span> <span class='ocrx_word' id='word_1_665' title='bbox 1984 2751 2037 2776; x_wconf 88' lang='lat' dir='ltr'>tna</span> <span class='ocrx_word' id='word_1_666' title='bbox 2055 2750 2217 2780; x_wconf 83' lang='lat' dir='ltr'>serenitas</span> 
     </span>
     <span class='ocr_line' id='line_1_88' title="bbox 1213 2794 2216 2836; baseline 0.009 -13"><span class='ocrx_word' id='word_1_667' title='bbox 1213 2794 1416 2833; x_wconf 78' lang='lat' dir='ltr'>indignetur,</span> <span class='ocrx_word' id='word_1_668' title='bbox 1436 2797 1525 2834; x_wconf 72' lang='lat' dir='ltr'>qnia,</span> <span class='ocrx_word' id='word_1_669' title='bbox 1545 2806 1619 2826; x_wconf 89' lang='lat' dir='ltr'>cum</span> <span class='ocrx_word' id='word_1_670' title='bbox 1635 2797 1675 2826; x_wconf 86' lang='lat' dir='ltr'>ob</span> <span class='ocrx_word' id='word_1_671' title='bbox 1697 2797 1730 2826; x_wconf 85' lang='lat' dir='ltr'>id</span> <span class='ocrx_word' id='word_1_672' title='bbox 1752 2803 1864 2827; x_wconf 79' lang='lat' dir='ltr'>contra</span> <span class='ocrx_word' id='word_1_673' title='bbox 1882 2799 2023 2836; x_wconf 88' lang='lat' dir='ltr'>prelatos</span> <span class='ocrx_word' id='word_1_674' title='bbox 2041 2802 2216 2833; x_wconf 86' lang='lat' dir='ltr'>Remensis</span> 
     </span>
     <span class='ocr_line' id='line_1_89' title="bbox 1212 2848 2216 2887; baseline 0.009 -11"><span class='ocrx_word' id='word_1_675' title='bbox 1212 2848 1393 2885; x_wconf 79' lang='lat' dir='ltr'>provincie,</span> <span class='ocrx_word' id='word_1_676' title='bbox 1413 2858 1452 2879; x_wconf 86' lang='grc'>110</span> <span class='ocrx_word' id='word_1_677' title='bbox 1469 2849 1552 2878; x_wconf 83' lang='lat' dir='ltr'>illud</span> <span class='ocrx_word' id='word_1_678' title='bbox 1569 2855 1796 2887; x_wconf 59' lang='lat' dir='ltr'>presumerent</span> <span class='ocrx_word' id='word_1_679' title='bbox 1816 2851 1950 2881; x_wconf 73' lang='lat' dir='ltr'>violare.</span> <span class='ocrx_word' id='word_1_680' title='bbox 1966 2861 1982 2882; x_wconf 88' lang='grc'>3</span> <span class='ocrx_word' id='word_1_681' title='bbox 1997 2853 2080 2883; x_wconf 81' lang='lat' dir='ltr'>bone</span> <span class='ocrx_word' id='word_1_682' title='bbox 2097 2863 2216 2885; x_wconf 86' lang='lat' dir='ltr'>memo-</span> 
     </span>
     <span class='ocr_line' id='line_1_90' title="bbox 1212 2900 2217 2944; baseline 0.008 -15"><span class='ocrx_word' id='word_1_683' title='bbox 1212 2900 1262 2930; x_wconf 88' lang='lat' dir='ltr'>rie</span> <span class='ocrx_word' id='word_1_684' title='bbox 1281 2923 1300 2929; x_wconf 91' lang='lat'>..</span> <span class='ocrx_word' id='word_1_685' title='bbox 1319 2901 1471 2940; x_wconf 84' lang='lat' dir='ltr'>episcopo</span> <span class='ocrx_word' id='word_1_686' title='bbox 1490 2902 1686 2932; x_wconf 77' lang='lat' dir='ltr'>Belvacensi</span> <span class='ocrx_word' id='word_1_687' title='bbox 1712 2903 1752 2932; x_wconf 79' lang='lat' dir='ltr'>ad</span> <span class='ocrx_word' id='word_1_688' title='bbox 1771 2912 1829 2933; x_wconf 90' lang='lat' dir='ltr'>nos</span> <span class='ocrx_word' id='word_1_689' title='bbox 1850 2905 1949 2934; x_wconf 84' lang='lat' dir='ltr'>fuerit</span> <span class='ocrx_word' id='word_1_690' title='bbox 1973 2906 2148 2944; x_wconf 83' lang='lat' dir='ltr'>appellatio</span> <span class='ocrx_word' id='word_1_691' title='bbox 2164 2908 2217 2937; x_wconf 91' lang='lat' dir='ltr'>in-</span> 
     </span>
     <span class='ocr_line' id='line_1_91' title="bbox 1214 2953 2217 2994; baseline 0.01 -13"><span class='ocrx_word' id='word_1_692' title='bbox 1214 2953 1360 2991; x_wconf 79' lang='lat' dir='ltr'>terjecta,</span> <span class='ocrx_word' id='word_1_693' title='bbox 1379 2954 1634 2992; x_wconf 80' lang='lat' dir='ltr'>appellationem</span> <span class='ocrx_word' id='word_1_694' title='bbox 1650 2955 1755 2993; x_wconf 84' lang='lat' dir='ltr'>ipsam</span> <span class='ocrx_word' id='word_1_695' title='bbox 1769 2956 1892 2994; x_wconf 86' lang='lat' dir='ltr'>justam</span> <span class='ocrx_word' id='word_1_696' title='bbox 1909 2957 2110 2994; x_wconf 75' lang='lat' dir='ltr'>invenimus,</span> <span class='ocrx_word' id='word_1_697' title='bbox 2129 2964 2158 2990; x_wconf 88' lang='lat' dir='ltr'>et</span> <span class='ocrx_word' id='word_1_698' title='bbox 2175 2960 2217 2990; x_wconf 88' lang='lat' dir='ltr'>ob</span> 
     </span>
    </p>
   </div>
  </div>
 </body>
</html>
