2423 3487
185 267 244 296 ‘267
904 250 1140 284 REGls'rRES
1162 248 1217 278 DE
1239 239 1460 276 GREGOIRE
1486 246 1544 275 ix.
2211 247 2269 278 268

189 343 203 358 2>
222 327 402 369 pontificali
418 325 606 356 constituite
625 323 716 357 sede,
734 322 787 352 cui
804 326 834 351 et
854 329 927 355 nos,
947 318 1003 357 qui
1021 316 1184 354 guberna-

190 395 203 409 »
222 389 295 410 mus
318 378 511 416 Imperium,
536 376 663 405 sineere
689 378 800 403 nostra
817 371 1049 402 submittamus
1066 365 1183 403 capita,

190 446 203 460 »
221 432 307 463 etad
326 432 395 469 ejus
416 428 550 463 monita,
575 428 651 456 dum
675 431 831 464 tanquam
852 423 1003 454 homines
1019 417 1184 456 delinqui-

189 498 203 512 »
222 492 295 513 mus
310 481 506 513 necessario,
524 479 613 509 velut
627 478 665 508 ad
682 477 828 507 curantis
844 473 1064 505 medicamina
1079 479 1186 500 recur-

189 549 204 564 π»
223 544 334 566 ramus
352 546 378 568 »,
397 541 492 562 aures
509 537 581 561 tuas
597 530 663 559 illis
681 530 736 568 qui
754 534 784 558 te
802 528 841 557 ad
857 526 1065 556 affiictionem
1087 521 1186 551 eccle-

189 588 312 618 siarum
323 585 432 623 pravis
444 582 691 613 seductionibus
703 581 855 610 nituntur
868 579 1035 611 inducere,
1048 574 1185 604 minime

187 640 334 679 prebeas,
353 641 383 667 et
400 645 437 666 ea
456 636 515 665 tibi
532 633 801 671 suggerentibus,
820 631 941 670 quibus
958 629 1066 658 anime
1084 625 1186 656 detri-

187 694 334 721 mentum
351 687 506 721 ineurris,
525 686 672 716 auditum
685 685 816 723 penitus
830 681 1020 712 interdicas.
1036 679 1122 708 Hinc.
1137 681 1186 706 est

190 743 276 782 quod
294 740 520 771 excellentiam
542 738 666 775 regiam
687 736 866 774 rogandam
886 733 1038 763 duximus
1061 734 1091 760 et
1115 738 1185 758 mo-

189 795 330 825 nendam
349 797 521 831 quatenus,
537 791 577 820 ob
596 789 706 819 divine
721 787 903 826 majestatis
920 783 1139 815 reverentiam
1155 785 1186 810 et

187 846 374 886 Apostolice
393 845 486 875 Sedis
505 843 673 875 honorem,
695 844 855 871 statutum
870 838 1053 877 predictum
1071 839 1101 865 et
1120 834 1186 864 alia

187 899 409 932 ecclesiastice
426 896 589 927 contraria
606 894 751 924 libertati
768 893 802 922 in
826 892 956 921 irritum
974 896 1131 919 revocans
1155 890 1186 916 et

191 962 208 983 a
224 952 320 981 dictis
334 949 512 980 baronibus
525 948 651 977 faciens
665 945 823 979 revocari,
839 953 874 974 ac
891 942 1071 973 Ecclesiam
1087 939 1186 970 Galli-

187 1014 302 1036 canam
316 1004 350 1032 in
362 1002 502 1041 pristino
519 1005 605 1030 statu
617 1004 646 1029 et
663 999 786 1028 honore
803 1004 1018 1028 conservans,
1037 1002 1108 1023 eam
1121 1001 1186 1021 non

186 1057 341 1087 molestes
364 1064 422 1085 nec
447 1053 583 1092 patiaris
612 1052 652 1082 ab
674 1051 749 1081 aliis
774 1048 963 1082 molestari3
989 1046 1185 1084 quinimmo,

187 1111 274 1139 viros
293 1107 533 1138 ecclesiasticos
550 1104 677 1134 indulta
694 1103 754 1133 tibi
771 1102 888 1132 celitus
904 1103 1062 1139 potestate
1078 1100 1187 1135 prote-

188 1171 268 1200 gens
292 1166 322 1192 et
343 1160 537 1193 defendens,
561 1157 700 1187 rebelles
728 1154 874 1186 Ecclesie
901 1153 941 1183 ad
963 1152 1068 1190 ipsius
1093 1158 1187 1178 man-

187 1216 298 1245 datum
318 1218 348 1243 et
364 1213 525 1243 unitatem
545 1211 651 1240 redire
674 1208 865 1247 compellas,
884 1210 914 1236 et
931 1205 968 1234 de
990 1202 1140 1241 dampnis
1157 1205 1187 1231 et

187 1266 321 1306 injuriis
338 1274 401 1303 quc
417 1266 456 1294 ob
474 1264 533 1293 hoc
549 1262 698 1293 ecclesiis
711 1259 896 1291 Senonensi
909 1267 967 1288 seu
981 1257 1056 1286 aliis
1071 1255 1187 1284 dicun-

188 1324 242 1349 tur
255 1318 357 1352 illata,
372 1317 494 1355 absque
509 1315 729 1345 diminutione
742 1312 898 1343 satisfieri
910 1310 1024 1343 facias,
1042 1308 1088 1337 ita
1102 1307 1188 1346 quod

190 1381 228 1402 ex
252 1371 313 1400 hoc
338 1370 421 1408 apud
446 1370 550 1398 Deum
569 1367 727 1397 merearis
752 1365 891 1403 gratiam
908 1362 1112 1401 ampliorem.
1139 1360 1188 1389 Ad

191 1424 267 1458 hec,
293 1431 367 1452 cum
395 1421 473 1451 olim
500 1420 608 1450 felicis
634 1417 871 1448 recordationis
897 1414 1063 1445 Honorius
1089 1422 1185 1451 papa.

189 1476 400 1515 predecessor
425 1477 550 1506 noster,
580 1472 613 1500 in
641 1480 754 1500 omnes
785 1469 896 1507 aliqua
927 1471 1049 1497 statuta
1076 1470 1189 1495 contra

192 1527 339 1558 Ecclesie
365 1526 549 1555 libertatem
576 1524 725 1556 edentes,
749 1521 814 1550 nisi
841 1520 929 1549 infra
954 1519 1034 1548 duos
1058 1526 1188 1546 menses

191 1583 314 1610 statuta
333 1579 404 1616 ipsa
426 1580 595 1610 revocent,
617 1571 966 1604 excommunicationis
990 1569 1189 1600 sententiam

190 1632 304 1663 tulerit
321 1636 351 1661 et
367 1639 464 1668 super
484 1629 544 1658 hoc
562 1636 735 1662 canonem,
758 1626 823 1655 lata
846 1624 1026 1654 sententia.
1046 1622 1189 1661 promul-

191 1685 286 1723 garit,
306 1693 364 1713 nos
388 1682 492 1721 ipsius
509 1686 654 1711 tenorem
674 1679 742 1713 tibi,
762 1688 801 1708 ne
820 1678 853 1706 id
870 1682 957 1706 tuam
978 1675 1189 1705 serenitatem

191 1738 303 1771 lateat,
321 1735 474 1765 duximus
491 1731 798 1765 transmittendum,
818 1729 875 1768 qui
893 1729 966 1758 talis
984 1732 1033 1757 est
1051 1738 1056 1756 :

232 1803 245 1817 (t
271 1788 438 1819 Noveritis
467 1786 552 1825 quod
582 1794 640 1814 nos
671 1792 775 1821 nuper
800 1783 834 1811 in
860 1781 998 1811 basilica
1026 1779 1190 1817 Principis

192 1855 205 1869 »
229 1840 477 1880 Apostolorum,
508 1841 659 1876 presente
691 1835 863 1865 carissimo
895 1834 929 1862 in
959 1833 1091 1863 Christo
1123 1832 1190 1861 filio

161 1888 164 1891 ’
191 1907 205 1921 n
231 1898 342 1923 nostro
360 1891 544 1923 FredericO,
563 1891 784 1919 Romanorum
802 1887 999 1924 imperatore
1017 1889 1047 1914 et
1063 1893 1192 1921 semper

192 1959 205 1973 »
231 1949 380 1982 augusto,
401 1944 435 1973 in
452 1942 670 1972 celebratione
688 1940 876 1973 missarum,
897 1942 1070 1976 postquam
1092 1937 1191 1975 capiti

192 2011 205 2026 »
230 2007 290 2028 suo
314 1996 532 2035 imposuimus
555 1993 689 2031 Imperii
713 1992 878 2026 diadema,
897 1991 935 2020 de
961 1989 1100 2019 consilio
1124 1990 1191 2018 sra-

192 2063 205 2078 n
232 2055 318 2079 trum
335 2053 532 2081 nostrorum,
550 2045 697 2075 accensis
713 2044 870 2077 candelis,
891 2041 1191 2073 excommunicavi-

232 2111 306 2132 mus
331 2110 368 2130 ex
391 2104 480 2138 parte
500 2099 557 2128 Dei
577 2097 828 2135 omnipotentis,
848 2095 1042 2125 auctoritate
1063 2102 1192 2131 quoque

232 2155 401 2184 beatorum
418 2151 647 2189 Apostolorum
665 2149 753 2179 Petri
770 2153 801 2177 et
818 2147 913 2177 Pauli
930 2151 960 2176 et
977 2151 1104 2175 nostra.
1123 2154 1192 2175 om-

231 2216 290 2236 nes
315 2205 477 2235 hereticos
499 2204 673 2240 utriusque
698 2210 810 2235 sexus,
836 2208 1032 2238 quocunque
1060 2198 1192 2227 nomine

231 2262 439 2292 censeantur,
461 2261 492 2286 et
518 2256 680 2289 fautores,
702 2257 922 2291 receptatores
948 2256 977 2281 et
1003 2251 1193 2279 defensores

233 2320 357 2345 eorum,
373 2319 432 2339 nec
449 2318 512 2338 non
530 2312 560 2337 et
577 2307 631 2345 qui
649 2307 687 2335 de
704 2310 810 2335 cetero
828 2303 953 2334 servari
971 2303 1110 2332 fecerint
1127 2307 1193 2331 sta-

233 2368 303 2394 tuta
319 2363 402 2392 edita
418 2366 449 2391 et
465 2359 731 2391 consuetudines,
747 2357 797 2386 vel
812 2356 920 2394 potius
938 2354 1126 2387 abusiones,
1146 2354 1193 2381 in-

232 2416 398 2446 troductas
425 2417 538 2443 contra
561 2409 817 2441 ecclesiasticam
842 2408 1046 2440 libertatem,
1069 2406 1132 2435 nisi
1158 2415 1195 2434 ca

235 2470 274 2499 de
297 2466 534 2506 capitularibus
556 2464 625 2494 suis
642 2463 727 2491 inira
746 2462 826 2491 duos
843 2469 973 2489 menses
992 2463 1061 2496 post
1079 2458 1194 2496 liujus.-

233 2521 320 2551 modi
337 2518 592 2558 publicationem
608 2515 770 2545 sententie
784 2513 925 2543 fecerint
941 2511 1096 2541 amoveri.
1114 2512 1194 2540 item

232 2572 555 2605 excommunicamus
580 2567 770 2599 statutarios
796 2570 825 2595 et
854 2564 1029 2602 scriptores
1057 2566 1195 2591 statuto-

234 2636 306 2656 rum
333 2625 495 2663 ipsorum,
521 2631 580 2651 nec.
606 2630 670 2650 non
694 2622 888 2657 potestates,
906 2615 1070 2650 consules,
1092 2618 1195 2643 ret-to-

233 2688 286 2709 res
303 2682 333 2708 ct
349 2675 576 2707 consiliarios¹
592 2673 737 2702 locorum
755 2670 811 2699 ubi
828 2669 865 2699 de
883 2672 990 2698 cetero
1007 2666 1195 2705 hujusmodi

233 2735 356 2762 statuta
374 2729 427 2759 vel
445 2726 702 2758 consuetudines
722 2723 807 2753 edite
831 2721 956 2751 fuerint
980 2719 1029 2748 vel
1051 2723 1193 2752 servate,

234 2793 294 2815 nec
322 2792 387 2812 non
415 2785 446 2811 et
474 2780 548 2810 illos
576 2778 633 2817 qui
660 2775 841 2806 secundum
869 2782 906 2803 ea
932 2771 1196 2810 presumpserint

194 2535 208 2550 δ
198 2483 211 2497 z
193 2429 208 2445 ὅ
194 2377 207 2392 ὅ
193 2325 208 2340 ὅ
192 2272 206 2288 8
193 2219 206 2234 :5
193 2167 207 2182 ὅ
194 2116 208 2130 ἕ

195 2745 209 2761 ὅ
195 2692 209 2707 3
195 2639 210 2655 ὅ
194 2587 208 2602 ἕ

194 2797 208 2813 S

229 2896 249 2920 l.
268 2898 318 2919 Ms.
334 2903 340 2917 .·
357 2892 484 2917 consules
500 2893 524 2914 et
541 2891 662 2913 rectores
678 2885 860 2910 consiliarios.

1269 324 1281 337 1)
1302 311 1452 349 judicare
1467 311 1517 341 vel
1534 311 1567 340 in
1584 310 1752 349 publicam
1768 310 1909 340 formam
1925 310 2069 341 scribere
2081 311 2236 351 judicata.
2251 325 2265 340 ι»

1308 376 1320 390 u
1353 364 1425 393 Dat.
1451 363 1608 398 Viterbii,
1635 363 1697 392 XV
1720 361 1880 392 kalendas
1908 362 2035 398 martii,
2061 363 2269 401 pontificatus

1269 415 1374 445 nostri
1391 424 1477 445 anno
1494 423 1590 445 nono.
1612 427 1625 441 »

1304 536 1408 560 2962.
1425 546 1456 550 —
1477 532 1510 559 In
1527 532 1652 559 eundem
1670 532 1789 559 niodum
1806 532 1891 557 eidam
1904 533 1975 565 reqi,
1993 540 2044 567 pro
2059 533 2188 561 ecclesiis
2203 542 2270 570 pro—

1267 580 1367 608 vincie
1382 580 1571 607 Turonensis.

1337 745 1455 775 2963
1804 745 1937 778 Viterbe,
1952 745 1985 773 18
2001 746 2109 774 sevrier
2121 747 2198 775 1236.

1304 807 1377 841 Regi
1405 807 1572 839 Navarrae,
1601 806 1704 833 comiti
1734 806 1932 841 Campaniae,
1958 806 2098 834 similiter
2126 807 2270 842 scribens,

1267 864 1333 882 eum
1357 858 1437 889 rogat
1460 857 1488 882 et
1512 857 1610 881 monet
1626 857 1658 881 ut
1674 856 1786 881 statuta
1804 854 1953 882 contraria
1968 854 2099 882 libertati
2119 856 2268 884 ecclesias-

1267 905 1343 931 ticae
1367 906 1497 935 revocet,
1521 905 1564 936 et,
1586 903 1750 930 Ecclesiam
1774 903 1962 930 Gallicanam
1987 903 2019 930 in
2045 903 2168 938 pristino
2191 907 2268 932 statu

1268 960 1454 983 conservans,
1468 960 1530 978 eam
1544 959 1602 978 non
1617 951 1752 978 molestet
1766 959 1819 977 nee
1834 951 1965 984 patiatur
1978 950 2015 978 ab
2030 951 2097 978 aliis
2111 952 2266 980 molestari.

1268 1016 1299 1020 —
1312 1002 1398 1032 (REO.
1412 1000 1455 1033 18,
1469 1002 1488 1027 f.
1502 1000 1553 1027 109
1564 1003 1607 1032 v⁰;
1620 1008 1690 1027 ann.
1703 1000 1756 1033 IX,
1769 1008 1794 1026 c.
1809 999 1875 1032 385;
1889 1014 1920 1018 —
1932 1000 2065 1028 Monam
2081 999 2159 1034 1190,
2171 1001 2191 1028 f.
2204 1000 2270 1033 221;

1269 1065 1300 1068 —
1317 1050 1474 1077 Porrimsr
1493 1048 1604 1080 10096.)
2282 1044 2285 1046 ’

1312 1162 1324 1176 «
1352 1173 1371 1178 ..
1397 1150 1512 1178 illustri
1534 1150 1599 1186 reyi
1621 1150 1777 1183 Navarre,
1801 1149 1907 1178 comiti
1928 1149 2104 1186 Campanie.
2127 1149 2193 1179 Rex
2215 1149 2272 1188 qui

1270 1203 1363 1240 regni
1389 1220 1438 1230 —.
1466 1202 1538 1231 Dat.
1568 1200 1730 1236 Viterbii,
1758 1201 1824 1231 XII
1850 1192 2008 1231 kalendas
2034 1201 2159 1237 martii,
2187 1209 2273 1232 anno

1271 1263 1368 1284 nono.
1392 1267 1404 1280 n

1342 1418 1461 1446 2864
1806 1417 1939 1450 Viterbe,
1954 1417 1987 1444 18
2003 1418 2111 1445 sevrier
2125 1417 2202 1445 1236.

1306 1479 1471 1506 Baronibus
1492 1479 1573 1512 regni
1590 1479 1732 1506 Franciae
1750 1479 1890 1506 similiter
1905 1478 2050 1512 scribens,
2067 1487 2113 1506 eos
2129 1481 2226 1506 monet
2244 1482 2272 1506 et

1271 1530 1351 1560 rogat
1375 1530 1518 1561 quatenus
1541 1529 1686 1564 statutum
1710 1527 1894 1561 praedictum
1920 1529 1948 1553 et
1972 1527 2032 1553 alia
2061 1527 2274 1554 ecclesiastieae

1271 1576 1419 1602 contraria
1443 1575 1576 1602 libertati
1599 1578 1751 1608 revocent,
1775 1584 1823 1609 ae,
1845 1575 2009 1602 Ecclesiam
2033 1575 2217 1602 Gallicanam
2241 1575 2272 1602 in

1272 1624 1396 1658 pristino
1412 1627 1491 1651 statu
1505 1626 1722 1657 conservantes,
1735 1632 1799 1651 eam
1816 1632 1874 1651 non
1889 1624 2046 1651 molestent
2059 1631 2112 1650 nec
2124 1623 2275 1658 patiantur

1271 1673 1308 1699 ab
1323 1673 1390 1699 aliis
1407 1673 1567 1699 molestari.
1585 1687 1617 1691 —
1632 1666 1718 1705 (Rue.
1735 1672 1779 1705 18,
1795 1673 1814 1699 f.
1832 1672 1884 1699 110
1899 1675 1938 1705 r⁰;
1959 1680 2028 1699 ann.
2045 1672 2102 1705 IX,
2119 1680 2143 1699 c.
2160 1671 2226 1704 386;
2241 1686 2273 1690 —

1273 1720 1405 1748 Monam
1419 1721 1502 1753 1190,
1520 1722 1540 1747 t.
1557 1721 1619 1748 222.

1314 1833 1326 1847 «
1360 1821 1515 1850 Nobilibus
1545 1821 1623 1849 viris
1650 1821 1814 1850 baronibus
1838 1822 1926 1858 regni
1951 1821 2092 1850 Francte.
2122 1821 2188 1850 Rex
2218 1819 2274 1858 qui

1272 1873 1367 1910 regni
1384 1890 1432 1901 -—.
1452 1874 1525 1902 Dat.
1542 1876 1578 1902 ut
1597 1881 1708 1910 supra.
1730 1884 1742 1899 υ

1345 2043 1463 2071 2965
1809 2043 1942 2076 Viterbe,
1958 2043 1992 2070 17
2006 2043 2112 2070 fevrier
2127 2042 2204 2070 1236.

1308 2104 1538 2139 Archiepiscopo
1556 2105 1719 2132 Senonensi
1738 2107 1774 2131 et.
1785 2104 1976 2138 suffraganeis
1996 2104 2058 2138 ejus
2074 2103 2109 2131 de
2129 2103 2226 2131 eadem
2246 2111 2276 2130 re

1274 2152 1414 2185 scribens,
1427 2155 1526 2179 monet
1542 2161 1588 2179 eos
1600 2157 1627 2180 et
1642 2154 1775 2179 hortatur
1787 2155 1931 2187 quatenus
1947 2154 2114 2180 constanter
2131 2160 2160 2179 se
2175 2154 2275 2186 gerant

1275 2209 1324 2234 pro
1334 2201 1534 2228 ecclesiastica
1547 2201 1684 2228 libertate
1695 2203 1796 2228 eontra
1805 2201 1955 2235 praedicta
1967 2202 2086 2228 statuta.
2097 2215 2128 2219 -
2139 2200 2223 2233 (ΒΕΘ.
2231 2199 2277 2231 18,

1275 2251 1294 2276 f.
1312 2250 1364 2276 110
1377 2253 1416 2282 1⁶⁰3
1433 2258 1502 2277 ann.
1521 2250 1574 2283 IX,
1596 2259 1620 2277 c.
1638 2250 1705 2282 3S7;
1723 2265 1754 2268 —
1772 2250 1904 2277 Momm
1920 2249 1999 2282 1190,
2016 2250 2036 2276 f.
2053 2249 2128 2280 223.)

1317 2363 1329 2376 «
1356 2372 1376 2378 ..
1399 2351 1626 2388 archiepiscopo
1646 2351 1814 2379 Senonensi
1834 2355 1859 2379 et
1879 2349 2080 2386 svffraqaneis
2103 2349 2175 2386 eJus.
2200 2348 2274 2377 Post

1276 2402 1469 2431 afflictiones
1491 2402 1700 2432 multimodas
1717 2407 1748 2432 et
1763 2402 1878 2439 longos
1899 2401 2020 2431 deserti
2036 2400 2208 2434 circuitus,
2227 2400 2277 2429 ls-

1276 2454 1343 2483 rael
1369 2454 1402 2483 in
1431 2456 1565 2484 Terram
1597 2454 1834 2484 Promissionis
1859 2453 2043 2487 inducitur3
2077 2455 2148 2490 post
2175 2451 2277 2481 multa

1276 2507 1468 2542 certamina,
1487 2507 1565 2537 belli
1582 2508 1682 2537 sudor
1700 2507 1827 2545 placide
1843 2515 1942 2536 manu
1959 2505 2048 2543 pacis
2067 2503 2275 2541 abstergitur,

1277 2563 1317 2594 et,
1337 2560 1587 2598 quiescentibus
1604 2560 1730 2598 preliis,
1747 2564 1832 2589 terra
1848 2557 2094 2588 distributionis
2109 2556 2214 2586 divisa
2230 2556 2276 2584 su-

1277 2611 1387 2641 niculo
1412 2612 1601 2649 possidetur
1616 2614 1636 2641 ¹.
1656 2612 1730 2643 Sed.
1752 2621 1791 2641 ne
1809 2611 1941 2641 Domini
1955 2609 2094 2648 populus
2112 2609 2146 2638 in
2163 2607 2277 2638 elatio-

1277 2672 1351 2692 nem
1373 2664 1480 2693 cordis
1498 2664 1537 2693 ab
1554 2664 1759 2694 abundantia
1782 2663 1973 2693 divitiarum
1994 2666 2024 2692 et
2044 2661 2134 2700 pacis
2155 2659 2276 2690 exiliat.

1277 2724 1328 2750 nc,
1347 2715 1483 2745 credens
1501 2716 1587 2754 quod
1603 2716 1667 2746 sibi
1684 2725 1743 2746 sua
1762 2724 1879 2745 manus
1895 2714 1955 2744 hec
1972 2713 2096 2749 fecerit,
2117 2713 2151 2742 in
2168 2711 2279 2741 divine

1276 2767 1359 2804 legis
1376 2767 1606 2807 observatione
1622 2772 1781 2806 tepescat,
1800 2767 1911 2796 hostes
1929 2766 2063 2796 omnino
2083 2763 2190 2794 delere
2213 2771 2278 2792 non

1311 2878 1332 2901 1.
1351 2877 1392 2902 Cf.
1410 2878 1514 2902 Psmm.
1531 2877 1666 2907 LXXVII,
1683 2878 1721 2902 54.
