2519 3518
149 313 205 344 573
1006 306 1192 343 DIXIEME
1214 306 1374 343 ANNEE.
2179 315 2236 344 574

148 389 223 410 rum
239 380 275 410 in
294 379 418 410 eisdem
437 379 586 417 partibus
604 379 719 409 haberi
742 379 927 417 contigerit,
950 379 988 409 de
1010 379 1150 409 consilio

148 436 256 462 vestro
282 436 310 462 ct
332 432 531 469 prelatorum
559 432 615 471 qui
639 432 678 461 ad
699 432 967 462 distributionem
990 433 1150 461 bonorum

148 485 337 524 hujusmodi
367 485 562 515 auctoritate
587 489 698 515 nostra
730 485 855 515 fuerint
882 486 1044 524 deputati,
1076 494 1150 523 pars

148 546 293 576 congrua
309 537 395 567 dicto
413 538 515 567 nobili
533 538 566 567 in
581 547 714 568 suarum
729 547 946 576 expensarum
964 538 1149 567 subsidium

147 591 323 630 prebeatur
338 608 386 619 -.
402 591 476 620 Dat.
495 591 695 626 Interamne,
709 592 736 621 V
750 591 908 621 kalendas
925 591 1047 625 martii,
1065 600 1151 620 anno

148 643 285 674 decimo.
306 656 318 669 >³

218 815 336 843 :3529
717 815 816 847 Terni,
831 816 864 842 25
879 816 986 843 ievrier
1002 816 1080 842 1237.

185 877 329 912 Episcopo
358 877 530 904 Pictavensi
560 877 701 904 similiter
734 877 837 904 scribit
874 886 923 912 pro
957 877 1049 904 nobili
1089 877 1152 905 viro

149 924 357 960 moden-idom
380 926 415 952 de
439 926 631 959 Argentonio,
658 926 874 959 crucesignato,
900 927 948 960 qui
974 927 1153 961 proponebat

148 975 180 1002 in
209 975 315 1002 Terrae
341 975 467 1002 Sanctae
492 975 657 1001 subsidium
683 975 843 1009 proficisci,
869 975 918 1001 sed
946 975 993 1001 cui
1019 975 1153 1009 propriae

150 1024 306 1050 facultates
327 1032 383 1049 non
407 1023 602 1057 suppetebant
617 1023 653 1050 ad
674 1023 892 1050 exsecutionem
909 1024 970 1050 voti
991 1024 1052 1056 sui,
1069 1024 1153 1050 vide-

150 1071 221 1098 licet
241 1072 316 1106 quod
335 1071 407 1098 illuc
425 1080 524 1098 secum
546 1071 654 1105 viginti
675 1072 786 1098 milites
812 1081 890 1098 more
908 1072 990 1105 regni
1011 1072 1153 1099 Franciae

150 1123 336 1154 praeparatos
352 1120 481 1146 duceret.
497 1135 529 1138 —
546 1120 632 1152 (Rae.
650 1119 694 1152 18,
712 1121 732 1146 t'.
751 1120 802 1146 233
818 1123 860 1152 r⁰;
881 1128 950 1147 ann.
972 1120 1016 1152 X,
1041 1128 1065 1146 c.
1083 1120 1150 1152 386;

149 1183 181 1187 —
197 1168 329 1196 MOREAU
346 1168 424 1201 1191,
443 1169 462 1195 f.
474 1168 549 1200 225.)

190 1281 202 1295 «
231 1270 409 1307 ..episcopo
445 1270 628 1298 pictavensi.
662 1268 891 1299 Intelleximus
923 1269 1151 1308 gratulandes]

148 1322 235 1361 quod
250 1340 298 1350 —.
317 1323 389 1352 Dat.
408 1326 569 1360 utsupra.
593 1335 605 1348 η

217 1500 340 1529 3530

183 1563 327 1598 Episcopo
347 1562 552 1595 Laudunensi,
568 1577 600 1580 —
616 1571 681 1589 cum
699 1563 789 1594 olim,
811 1563 1015 1597 inquisitionis
1037 1564 1152 1597 negotio

147 1614 250 1639 contra
264 1611 372 1645 ipsum,
386 1611 421 1637 ad
433 1610 666 1637 insinuationem
679 1611 825 1644 quondam
840 1610 1020 1646 S[tephani]‚
1034 1612 1150 1644 decani,

147 1662 176 1687 et
185 1659 390 1693 magistrorum
400 1659 501 1687 Jacobi
512 1659 548 1685 de
561 1658 684 1692 Dinent,
698 1659 835 1685 Andreae
846 1662 874 1686 et
886 1660 1048 1692 Lamberti,
1063 1669 1151 1687 cano-

147 1708 280 1734 nicorum
295 1707 537 1735 Laudunensium
548 1729 554 1740 ,
570 1707 619 1741 qui
636 1716 666 1734 se
683 1707 852 1734 asserebant
867 1708 1054 1735 transmissos
1070 1718 1087 1735 a
1102 1718 1151 1736 ca-

147 1757 242 1791 pitulo
253 1756 289 1783 ad
305 1756 519 1783 insinuandum
532 1756 671 1790 quosdam
689 1764 824 1782 excessus
840 1759 867 1783 ct
881 1757 1028 1789 defectus,
1045 1757 1151 1791 quibus

147 1804 245 1838 ipsum
260 1804 411 1837 subjacere
424 1804 573 1835 dicebant,
590 1804 725 1838 episcopo
743 1804 961 1831 Silvanectensi
974 1808 1001 1831 et
1013 1805 1075 1839 ejus
1092 1807 1151 1832 col-

148 1853 220 1887 legis
232 1861 249 1879 a
259 1861 335 1887 papa
346 1853 512 1885 commisso,
525 1854 553 1879 et
564 1852 627 1886 ipso
639 1853 773 1887 episcopo
785 1853 976 1880 Laudunensi
988 1853 1024 1880 ab
1040 1854 1150 1881 eisdem

147 1900 373 1935 inquisitoribus
389 1900 425 1927 ad
443 1900 548 1927 Sedem
565 1900 766 1934 Apostolicam
785 1902 970 1935 appellante,
987 1901 1050 1936 ipse
1066 1910 1151 1936 papa,

148 1950 223 1977 actis
238 1949 447 1983 inquisitorum
465 1949 611 1983 ipsorum,
630 1949 724 1983 quoad
743 1957 815 1983 quac
829 1949 1038 1983 contingebant
1055 1951 1154 1984 appel-

148 1998 269 2026 lationis
288 2006 422 2030 causam,
444 1997 596 2032 inspectis,
616 2000 643 2024 et
668 1998 779 2024 auditis
799 2006 873 2031 quae
891 1998 988 2025 dictus
1014 1999 1154 2033 magist-er

148 2047 282 2074 Andreas
296 2048 483 2081 proposuerat
503 2046 582 2072 circa
603 2046 681 2080 ipsa,
699 2054 864 2080 processum
881 2046 1091 2080 inquisitorum
1106 2056 1154 2074 eo—

148 2095 283 2122 rumdem
304 2094 482 2121 decrevisset
503 2102 560 2120 non
580 2095 695 2126 valere3
716 2109 747 2112 —
766 2103 832 2120 cum
853 2103 936 2126 vero,
956 2103 991 2121 ex
1012 2095 1058 2122 his
1080 2104 1154 2130 quae

148 2143 185 2171 ab
199 2143 262 2178 ipso
277 2142 411 2177 episcopo
427 2142 628 2174 Laudunensi,
646 2151 681 2169 ex
694 2151 752 2169 una
768 2146 860 2176 parte,
874 2146 901 2170 et
917 2143 1076 2177 praedictis
1090 2153 1154 2171 ma-

137 2191 248 2226 'gistris
257 2191 362 2219 Jacobo
376 2193 404 2217 et
417 2191 546 2223 Andrea,
561 2199 615 2217 nec
628 2199 686 2217 non
698 2193 726 2217 et
739 2191 914 2224 Gondacrio,
927 2192 1068 2219 canonico
1079 2193 1153 2219 Lau-

148 2239 286 2272 dunensi,
303 2239 447 2273 praedicti
463 2239 587 2273 capituli
605 2239 852 2273 procuratoribus,
867 2248 902 2265 ex
918 2241 1022 2273 altera,
1037 2241 1153 2268 fuerant

149 2288 307 2324 proposita,
325 2289 412 2322 plena
427 2287 488 2314 fieri
506 2290 673 2321 nequeunte
688 2287 877 2319 certitudine,
893 2288 955 2322 ipse
971 2296 1045 2323 papa
1062 2290 1154 2316 electo

150 2336 391 2369 Rothomagcnsi,
406 2339 477 2363 tunc
491 2336 655 2370 praeposito
672 2336 775 2362 Sancti
790 2336 964 2367 Andomari,
981 2340 1008 2364 et
1022 2338 1085 2371 ejus
1098 2339 1155 2365 col-

150 2385 222 2419 legis
239 2384 441 2411 mandavisset
458 2387 489 2410 ut.
509 2384 539 2410 in
557 2384 657 2410 eadem
678 2383 871 2417 inquisitione
885 2385 1088 2418 procederent;
1104 2386 1154 2420 qui

149 2434 246 2468 ipsum
265 2433 433 2467 episcopum
449 2435 477 2459 ct
495 2433 658 2466 capitulum
676 2432 886 2459 Laudunenses
905 2434 1010 2466 semel,
1028 2435 1155 2462 secundo

149 2484 178 2509 et
194 2481 281 2508 tertio
295 2481 490 2515 peremptorie
501 2481 537 2507 ad
550 2481 765 2515 procedendum
781 2481 965 2513 citaverant3
983 2497 1014 2500 —
1027 2491 1092 2509 cum
1105 2492 1154 2510 au-

150 2533 210 2556 tem
224 2529 369 2564 praedicti
387 2529 519 2561 magistri
534 2529 672 2561 Jacobus,
687 2529 820 2555 Andreas
841 2532 869 2555 et
885 2529 1084 2563 Gondacrius,
1101 2540 1154 2558 nec

149 2586 206 2604 non
223 2580 252 2604 et
265 2575 448 2611 XYarcer[ns]
472 2577 507 2603 de
529 2576 662 2609 Seriaco,
679 2577 815 2603 canonici
834 2577 1060 2611 Laudunenses,
1077 2588 1154 2606 com-

149 2625 317 2660 paruissent
333 2634 430 2652 eoram
449 2625 522 2657 illis,
541 2628 605 2659 post
621 2625 870 2659 exspectationem
888 2629 988 2652 tamen
1004 2627 1153 2654 diutinam

150 2674 285 2708 requisiti
297 2673 333 2700 ab
345 2673 396 2705 eis=
410 2682 463 2699 nec
474 2673 542 2707 ipsi,
556 2681 608 2699 nec
621 2673 775 2707 quisquam
788 2673 875 2705 alius,
886 2674 1010 2708 capituli
1022 2675 1152 2708 nomine,

149 2722 264 2749 dictum
287 2722 435 2755 negotium
460 2722 594 2756 prosequi
617 2722 798 2751 voluissent3
821 2736 853 2740 —
880 2730 947 2748 cum
968 2731 983 2748 e
1008 2724 1154 2750 contrario

151 2770 270 2797 circiter
291 2770 487 2804 quadraginta
509 2773 647 2803 quattuor
666 2770 800 2796 canonici
829 2770 1054 2803 Laudunenses,
1075 2780 1154 2798 asse-

151 2820 248 2845 rentes
269 2818 305 2844 de
319 2818 449 2852 ipsorum
466 2818 589 2844 consilio
610 2819 657 2844 vel
673 2826 793 2844 assensu
813 2818 963 2845 obtentam
983 2818 1154 2853 inquisitio-

151 2874 219 2892 nem
237 2866 407 2899 hujusmodi
428 2874 486 2893 non
507 2866 608 2898 fuisse,
629 2866 779 2900 negotium
800 2866 899 2900 ipsum
920 2867 999 2893 nolle
1018 2868 1154 2902 prosequi

151 2922 181 2940 se
196 2913 356 2947 dixissent,
374 2922 497 2948 quorum
519 2915 618 2948 plures
636 2914 672 2941 de
688 2915 840 2941 honestate
857 2915 948 2947 vitae,
964 2915 1154 2943 administra-

150 2961 242 2989 tionis
265 2962 413 2989 industria
434 2965 463 2990 et·
485 2963 621 2990 claritate
646 2963 742 2989 famae
765 2963 915 2990 laudabile
939 2963 997 2998 ipsi
1019 2964 1154 2999 episcopo

705 1502 809 1533 Terni,
826 1502 860 1528 27
876 1502 985 1528 sevrier
1000 1502 1079 1529 1237.

1233 380 1436 407 testimonium
1454 381 1662 415 perhibebant;
1678 397 1708 400 —
1724 391 1789 408 eum
1807 382 1943 416 denique,
1961 382 2035 409 sicut
2053 391 2103 417 per
2119 383 2234 410 litteras

1234 429 1376 463 praedicti
1405 430 1489 456 electi
1518 431 1761 463 Rothomagensis
1787 434 1813 457 et
1840 430 1962 465 [Fr-igidi
1991 430 2115 465 Montis]
2142 431 2235 458 abba.-

1233 478 1271 504 tis
1285 482 1302 507 Ι,
1320 479 1447 511 collegae
1463 479 1535 512 ejus,
1549 487 1623 513 papa
1639 482 1800 513 acceperat,
1814 481 1913 506 nullus
1930 483 2029 506 contra
2047 481 2142 515 ipsum
2159 480 2236 514 epis-

1233 535 1336 560 copum
1354 527 1548 561 apparuisset,
1565 542 1595 545 —
1612 528 1757 558 signifieat
1775 538 1804 554 se
1819 529 1974 555 decernere
1991 538 2041 563 per
2057 529 2170 556 litteras
2186 529 2236 555 in-

1234 575 1403 608 quisitionis
1415 575 1603 609 praemissae,
1614 576 1732 603 illarum
1746 580 1880 603 revocato
1891 576 2007 608 effectu,
2021 586 2076 603 non
2089 586 2150 603 csse
2162 578 2236 604 ulte-

1234 623 1294 650 rius
1315 624 1542 657 procedendum.
1558 639 1590 642 —
1607 625 1692 656 (Rae.
1708 624 1751 656 18,
1768 626 1787 651 f.
1804 625 1854 651 233
1872 628 1908 657 r⁰;
1927 634 1996 651 ann.
2014 626 2053 658 X,
2071 635 2095 652 c.
2115 625 2186 658 387;
2203 639 2236 644 —

1233 673 1270 698 ct‘.
1285 678 1381 702 supra,
1397 680 1425 698 n.
1443 672 1511 699 1943
1526 675 1555 699 et
1567 672 1659 704 2062.)

1276 784 1288 798 «
1317 794 1335 800 ..
1360 774 1492 809 episcopo
1513 774 1718 802 Laudunrnsi.
1745 773 1831 803 Olim
1856 774 2085 812 inquisitionis
2107 774 2239 811 negotio

1235 843 1283 853 —.
1302 826 1374 854 Dat.
1390 826 1650 860 lutei-amne,IlI
1663 826 1821 856 kalendas
1834 827 1956 858 martii.
1969 836 2054 857 anno
2066 827 2202 857 decimo.
2222 839 2236 853 ι»

1306 1002 1392 1030 353
1400 1003 1418 1029 Ι

1271 1066 1524 1100 ΑΡι-1ιὶθρίερορίε,
1551 1066 1695 1100 episcopis
1725 1070 1753 1093 ct
1779 1067 1847 1093 aliis
1879 1068 2068 1094 ecclesiarum
2100 1068 2240 1102 praelatis

1235 1117 1401 1149 praesentes
1425 1115 1538 1141 litteras
1561 1115 1754 1149 inspecturis,
1780 1124 1901 1149 quorum
1924 1116 2043 1149 quidam
2067 1118 2239 1150 nonnullos,

1235 1163 1285 1197 qui
1308 1163 1473 1196 abjuratam
1498 1164 1676 1197 pravitatem
1702 1164 1880 1191 haereticam
1903 1173 1937 1191 ex
1963 1165 2063 1191 animo
2086 1166 2241 1199 reliquisse

1235 1212 1439 1244 credebantur,
1456 1212 1492 1238 ad
1509 1214 1606 1246 partes
1621 1212 1851 1245 transmarinas,
1869 1221 1920 1247 pro
1933 1214 2045 1246 agenda
2062 1214 2171 1241 ibidem
2193 1215 2242 1240 in-

1234 1261 1338 1294 juncta
1357 1260 1413 1286 sibi
1437 1260 1636 1294 paenitentia,
1651 1260 1854 1293 destinabant,
1872 1276 1904 1279 —
1921 1270 1986 1287 cum
2009 1262 2065 1294 illi,
2085 1263 2156 1289 salse
2171 1271 2242 1289 con-

1235 1308 1323 1340 versi,
1340 1307 1515 1334 molirentur
1527 1308 1666 1334 «animas
1679 1308 1881 1335 innocentium
1898 1310 2068 1343 extinguere
2080 1311 2123 1336 sui
2136 1311 2243 1345 damp-

1236 1364 1249 1382 ))
1261 1356 1322 1383 nati
1332 1356 1479 1389 dogmatis
1490 1356 1638 1390 pravitate
1649 1363 1674 1389 ›),
1683 1357 1837 1383 —inhibet
1849 1358 2021 1391 nealiquen]
2034 1367 2241 1386 conversorum

1235 1405 1406 1438 hujusmodi
1420 1413 1470 1431 seu
1484 1405 1519 1431 de
1530 1405 1698 1438 praedictae
1710 1405 1867 1439 pravitatis
1881 1407 2015 1439 contagio
2028 1410 2241 1441 suspectorum,

1234 1453 1271 1480 ad
1287 1455 1384 1487 partes
1402 1453 1496 1487 ipsas,
1514 1460 1528 1478 «
1545 1453 1576 1479 in
1593 1453 1699 1486 quibus
1719 1454 1898 1480 fermentata
1914 1454 2045 1481 mixtura
2064 1455 2197 1488 gentium
2213 1457 2243 1482 et

1235 1510 1249 1527 ))
1271 1501 1468 1535 plurimorum
1490 1501 1602 1528 rituum
1619 1505 1757 1535 corrupta
1769 1501 1927 1528 diversitas
1944 1510 1957 1527 »
1974 1503 2083 1535 grande
2104 1503 2172 1530 fidei
2190 1511 2243 1538 pe-

1234 1550 1344 1584 perisse
1359 1550 1567 1577 dinoscebatur
1582 1549 1795 1576 detrimentum
1806 1571 1812 1583 ,
1829 1550 1938 1584 absque
1955 1551 2039 1578 Sedis
2052 1552 2240 1585 Apostolicae

1234 1600 1357 1626 licentia
1381 1599 1503 1633 speciali
1529 1599 1652 1626 mittant
1676 1599 1712 1625 de
1734 1602 1838 1626 cetero.
1855 1614 1886 1617 —
1903 1600 1989 1632 (REG.
2009 1599 2057 1633 18,
2079 1601 2099 1626 f.
2121 1600 2172 1627 233
2194 1603 2239 1633 v'’;

1232 1657 1302 1676 ann.
1319 1649 1359 1681 X,
1376 1657 1400 1674 e.
1418 1647 1493 1679 388.)

1798 1005 1897 1037 Tcrni,
1915 1005 1947 1031 12
1964 1006 2071 1032 sevrier
2087 1006 2166 1033 1237.

1276 1761 1289 1775 «
1313 1749 1555 1786 Archiepiscopis
1570 1754 1596 1777 et
1612 1749 1771 1786 episcopis,
1787 1757 1823 1777 ac
1838 1750 1910 1777 aliis
1927 1750 2120 1778 ecclesiarum
2138 1751 2242 1787 prela-

1236 1803 1274 1832 lz's
1286 1807 1437 1839 presentes
1455 1803 1573 1831 litteras
1591 1802 1785 1839 inspecturis.
1809 1801 1843 1832 Si
1867 1811 1905 1831 ex
1927 1810 1964 1831 eo
1986 1819 2035 1830 —.
2058 1803 2130 1832 Dat.
2150 1804 2242 1833 Inte-

1234 1863 1360 1887 ramne,
1379 1855 1412 1883 ΙΙ
1427 1853 1502 1883 idus
1519 1853 1691 1888 februarii,
1713 1862 1798 1887 anno
1815 1854 1953 1883 decimo.
1974 1866 1986 1880 υ

1306 2032 1423 2060 3532

1271 2095 1399 2126 Decano,
1416 2096 1444 2120 et
1458 2093 1608 2127 magistris
1624 2093 1752 2120 Radulfo
1768 2093 1803 2119 de
1820 2093 1929 2120 Sancto
1945 2094 2090 2124 Quintino
2107 2098 2133 2121 et
2150 2095 2241 2122 Nico-

1236 2144 1282 2170 lao
1295 2143 1330 2169 de
1346 2142 1530 2176 Antwerpia,
1548 2141 1697 2168 canonicis
1713 2142 1958 2173 Tornacensibus,
1971 2157 2003 2160 —
2015 2151 2081 2169 cum
2096 2143 2242 2170 Leodien-

1236 2191 1276 2218 sis
1291 2191 1444 2225 episcopus
1455 2211 1461 2223 ,
1479 2205 1510 2208 —
1527 2190 1682 2217 attendens
1696 2190 1850 2217 ecclesiam
1865 2191 1901 2217 de
1915 2191 2054 2224 Birbaco‚
2071 2192 2241 2219 Leodiensis

1236 2238 1392 2270 dioecesis,
1410 2238 1439 2264 in
1459 2246 1516 2272 qua
1535 2240 1619 2264 erant
1639 2238 1767 2265 decanus
1790 2241 1817 2265 et
1838 2239 1972 2265 canonici
1997 2240 2169 2272 saeculares,
2191 2249 2242 2274 per

1236 2287 1351 2313 eosdem
1369 2287 1513 2313 decanum
1529 2289 1555 2313 et
1573 2287 1728 2313 canonicos
1747 2290 1807 2313 tam
1824 2287 1855 2313 in
1872 2287 2077 2321 spiritualibus
2101 2296 2188 2322 quam
2209 2289 2241 2315 in

1236 2335 1448 2370 temporalibus
1460 2344 1521 2361 esse
1532 2335 1738 2368 deformatam,
1754 2336 1926 2369 praesertim
1939 2344 2005 2362 cum
2020 2336 2140 2369 qnidam
2153 2346 2188 2364 ex
2200 2338 2241 2364 eis

1237 2392 1355 2415 uxores,
1375 2383 1495 2417 quidam
1517 2391 1585 2409 vero
1605 2383 1784 2410 concubinas
1805 2383 1923 2417 publice
1945 2384 2123 2417 detinerent,
2145 2388 2173 2412 et
2195 2386 2242 2412 di-

1237 2431 1405 2466 lapidarent
1427 2431 1587 2458 enormiter
1609 2431 1684 2457 bona
1707 2432 1838 2465 ejusdem
1862 2431 2012 2464 ecclesiae,
2036 2447 2067 2450 —
2090 2433 2190 2459 abbati
2213 2436 2241 2460 et

1237 2479 1397 2506 conventui
1413 2480 1515 2507 Sancti
1532 2480 1647 2506 Nicasii
1663 2480 1828 2510 Remensis,
1841 2480 1954 2506 ordinis
1966 2481 2060 2507 sancti
2073 2481 2239 2514 Benedicti,

1237 2528 1343 2562 quibus
1358 2529 1405 2561 jus
1421 2531 1593 2562 patronatus
1613 2528 1782 2562 praedictae
1800 2528 1941 2554 ecclesiae
1961 2529 2053 2555 fuerat
2070 2538 2085 2555 a
2107 2538 2174 2555 vero
2189 2538 2242 2564 pa-

1237 2579 1320 2602 trono
1336 2577 1476 2602 collatum
1487 2598 1493 2604 ,
1511 2576 1701 2602 concessisset
1716 2579 1763 2604 ut.
1781 2576 1990 2602 decedentibus
2005 2577 2052 2602 vel
2069 2577 2241 2604 cedentibus

1236 2625 1346 2651 decano
1363 2627 1391 2651 et
1405 2625 1555 2651 canonicis
1575 2624 1775 2651 saecularibus
1796 2624 1991 2650 existentibus
2008 2624 2037 2650 in
2054 2625 2171 2657 eadem,
2191 2634 2241 2652 sex

1236 2673 1375 2699 monachi
1391 2676 1418 2700 et
1435 2673 1524 2700 etiam
1542 2673 1650 2707 plures,
1667 2672 1691 2699 si
1708 2673 1770 2706 ejus
1787 2673 1942 2699 facultates
1959 2673 2158 2701 excreverint.
2183 2674 2241 2701 ibi-

1803 2032 1903 2065 Terni,
1919 2032 1953 2059 27
1967 2033 2076 2060 sevrier
2090 2033 2168 2060 1237.

1270 2793 1289 2817 1.
1305 2792 1347 2816 On
1363 2799 1397 2815 ne
1414 2793 1469 2816 voit
1488 2791 1662 2823 pas,d'apres
1677 2792 1702 2815 le
1719 2794 1793 2814 texte
1809 2791 1843 2814 dc
1860 2795 1930 2814 cette
1943 2792 2031 2818 lettre.
2045 2792 2078 2815 de
2094 2793 2155 2822 quel
2173 2793 2241 2817 abbe

1237 2836 1255 2860 il
1276 2839 1317 2860 est
1339 2836 1374 2860 ici
1398 2837 1544 2866 question;
1568 2836 1634 2858 mais
1656 2836 1695 2858 les
1720 2836 1840 2863 colloq-ae
1859 2835 1894 2857 du
1916 2835 1990 2857 futur
2013 2836 2183 2865 archeveque
2207 2837 2241 2860 de

1237 2880 1335 2904 Rouen
1351 2880 1455 2910 (Pieri-e
1477 2880 1510 2903 de
1527 2879 1707 2907 Collemezzo)
1725 2882 1787 2901 sont
1806 2878 1950 2901 enumeres
1971 2879 2038 2902 dans
2058 2879 2187 2903 l'adresse
2207 2880 2242 2904 de

1236 2924 1262 2947 la
1277 2923 1355 2954 piece
1370 2924 1439 2949 2002.
1456 2924 1570 2947 relative
1586 2923 1601 2946 a
1614 2923 1640 2946 la
1656 2923 1742 2946 meme
1757 2923 1866 2951 affaire,
1884 2929 1914 2945 ce
1928 2922 1974 2952 qui
1991 2927 2094 2952 permet
2111 2924 2144 2946 de
2160 2925 2243 2947 resti-

1237 2970 1298 2991 tue·-
1314 2968 1349 2991 ici
1365 2974 1431 2991 avec
1447 2967 1584 2991 certitude
1599 2968 1708 2996 Frigidi
1725 2968 1836 2989 Montis.
