2423 3487
164 293 218 322 511
885 290 1122 320 REGISTRES
1143 289 1198 317 DE
1221 280 1442 317 GREGOIRE
1466 288 1524 316 IX.
2195 287 2250 317 512

165 360 253 387 libus.
280 357 409 394 Religio
429 361 546 386 vestra.
571 365 633 394 que
656 374 702 385 —.
729 357 800 385 Dat.
820 357 1020 388 interamne,
1045 356 1073 384 V
1089 354 1163 383 idus

164 409 357 442 decembris,
375 417 460 437 anno
478 408 612 437 decimo.
635 420 647 434 »

230 624 347 651 3384
684 624 783 655 Terni,
799 623 832 650 10
845 623 998 649 decembre
1011 623 1090 649 1236.

196 685 338 718 Magistro
360 683 569 718 i›'tlex[anslro]‚
596 685 748 718 capellano
769 692 833 716 suo,
858 684 979 710 mandat
1001 686 1159 717 quatenus,

158 734 195 760 ad
216 733 414 759 defensionem
435 733 602 763 Vx'illelmi,
625 732 741 758 comitis
764 732 887 758 Tusciae
905 731 1046 765 palatini,
1068 732 1161 766 ipsius

158 789 250 816 papae
266 781 370 812 titt-iis,
388 784 487 806 contra
506 782 696 807 Grossetanos
712 783 738 806 et
757 780 900 806 Senenses
916 780 1084 813 procedens,
1099 780 1160 807 dis—

157 830 250 855 soluta
274 829 393 855 illorum
417 828 650 861 conspiratione,
676 828 711 853 de.
736 828 853 853 damnis
876 831 903 853 ct
923 827 1042 861 injuriis
1063 828 1158 855 eidem

157 877 270 907 comiti,
284 877 366 903 uxori
384 877 445 910 ejus
463 880 489 903 ct
507 877 568 909 ejus
586 876 755 903 bominibus
770 877 862 903 illatis
878 877 1008 903 debitam
1024 877 1159 903 satisfac-

156 926 266 952 tionem
299 924 386 950 saciat
411 924 553 950 exbiberi.
583 939 613 941 —
644 925 730 955 (lim.
759 924 810 956 18,
837 925 856 950 f.
883 924 935 951 208
959 928 996 956 r⁰;
1023 934 1092 951 ann.
1118 925 1157 958 X,

158 982 183 1000 c.
207 973 256 999 281
272 981 278 1004 ζ
296 987 326 990 —
345 974 381 999 ct'.
397 980 492 1004 supra.
511 981 538 998 n.
556 973 635 1003 2027,
652 972 719 998 2094
736 976 762 999 et
779 972 871 1003 2095.)

196 1098 208 1111 «
236 1087 377 1122 Mayislro
397 1086 605 1124 Δ11ι3.ι·[«ιηι1νω].
627 1087 782 1123 capellano
799 1091 908 1115 nostro.
930 1087 974 1116 Ex
994 1092 1085 1125 parte
1106 1088 1156 1117 di-

153 1139 230 1169 lecti
248 1138 307 1166 tilii
324 1138 445 1167 nobilis
464 1139 523 1166 viri
537 1138 710 1168 willelmi.
724 1139 854 1168 comitis
870 1140 987 1169 Tuscie
1004 1140 1152 1177 palatini,

153 1191 260 1220 fidelis
278 1191 392 1221 nostri.
413 1192 474 1219 suit
492 1191 692 1228 propositum
711 1200 819 1220 coram
841 1192 935 1221 nobis
957 1193 1053 1230 quod,
1082 1202 1155 1222 cum

153 1243 305 1272 homines
330 1243 534 1272 Grossctaui.
558 1252 631 1272 rum
653 1244 819 1281 Hugolino
842 1244 999 1280 Bertoldi,
1023 1246 1155 1275 Suartio

154 1296 192 1326 de
215 1296 315 1326 Colle,
341 1300 369 1324 vt
395 1297 446 1325 R..
472 1296 539 1325 tilio
564 1297 645 1334 ejus.
669 1306 704 1325 ac
729 1297 926 1335 quibusdam
953 1298 1044 1333 aliis,
1067 1299 1154 1337 jura-

154 1353 264 1377 mento
290 1348 458 1377 fidelitatis
485 1358 548 1387 quo
575 1349 604 1377 ‹·i
629 1353 798 1384 tenentur,
825 1351 1016 1388 postposito.
1042 1356 1155 1381 contra

153 1410 227 1431 eum
243 1401 394 1439 nequiter
411 1402 667 1438 conspirassent,
686 1402 852 1432 civitatem
869 1404 1028 1439 Grosseti‚
1050 1405 1089 1433 ad
1106 1414 1155 1434 co-

152 1453 266 1483 mitem
282 1453 389 1491 ipsum
407 1458 622 1491 slwctautmn,
644 1454 748 1484 muris
766 1459 795 1484 et
814 1455 948 1485 fossatis
965 1462 1078 1486 contra
1099 1467 1155 1487 vo-

152 1505 313 1535 luntatem
344 1507 413 1544 ejus
442 1506 618 1540 vallantes,
649 1507 878 1545 Senen[sibus]
911 1516 1155 1547 supposuerunt

154 1558 303 1591 eandem,
328 1559 506 1588 constituto
531 1559 578 1587 cis
601 1564 688 1588 certo
712 1569 821 1589 annuo
842 1569 944 1590 censu
968 1567 998 1591 et
1020 1563 1057 1592 de
1084 1564 1155 1601 ipso

153 1610 309 1640 solvendo
327 1611 463 1648 prestito
476 1612 674 1649 ιῙιιιηιῐιιυηιο,
693 1612 726 1641 in
742 1612 847 1650 ipsius
864 1615 993 1644 comitis
1010 1617 1156 1654 prejudi-

153 1663 239 1692 cium
260 1667 289 1692 et
306 1663 451 1692 Ecclesic
468 1665 612 1693 Romane
630 1669 862 1702 contemptum.
879 1675 895 1695 a
908 1677 972 1705 qua
988 1668 1155 1698 civitatem

152 1715 259 1753 ipsam
280 1715 312 1743 in
337 1716 470 1744 fetidum
491 1716 596 1745 dictus
618 1726 726 1747 comcs
748 1719 895 1748 noscitur
915 1720 1082 1753 obtinere:
1104 1722 1154 1760 ip—

153 1776 292 1805 sumque
309 1776 454 1801 censum,
471 1773 581 1797 contra
599 1769 832 1800 inhibitionem
848 1772 959 1801 dilecti
972 1773 1031 1802 filii
1050 1776 1153 1804 nostri

153 1819 341 1857 R[aincrii],
361 1820 478 1849 Saurtc
496 1821 599 1849 Marie
616 1821 649 1849 in
667 1822 836 1851 Cosmidin
855 1823 984 1853 diaconi
1002 1827 1154 1856 cardina-

150 1870 205 1905 lis,
224 1880 320 1909 quem
338 1880 435 1909 super
455 1872 516 1901 hoc
539 1873 635 1902 dictis
655 1874 766 1903 comiti
789 1879 819 1904 et
840 1876 1051 1907 Grossetanis
1076 1888 1154 1908 con-

151 1924 312 1953 cessimus
337 1925 533 1960 auditorem,
560 1926 676 1963 prefati
696 1928 889 1958 Grossetani
910 1931 1096 1967 persolvere
1123 1937 1154 1963 et

151 1977 316 2006 Senenscs
354 1977 520 2014 percipere
557 1985 838 2017 presumpserunt.
872 1983 1041 2018 Preterea,
1079 1994 1153 2015 cum

150 2028 238 2057 idem
270 2028 448 2057 cardinalis
480 2030 591 2059 comiti
625 2035 655 2060 et
684 2032 895 2063 Grossetanis
924 2036 1082 2073 predictis
1114 2038 1152 2067 de

151 2080 304 2110 mandato
322 2086 432 2109 nostro
446 2082 611 2119 prs-fixerit
628 2084 806 2114 terminum
819 2089 1075 2125 peremptorium
1091 2091 1151 2120 fes-

151 2136 220 2161 tum
239 2133 351 2162 Sancti
372 2134 457 2163 Luce
474 2135 619 2171 proximo
642 2137 847 2174 preteritum,
870 2148 933 2177 quo
954 2150 1012 2178 per
1034 2152 1152 2180 procu-

150 2187 276 2213 ratores
295 2184 430 2214 idoneos
446 2186 480 2214 in
499 2191 609 2216 nostra
623 2190 790 2225 presentia
802 2198 1039 2229 comparerent,
1054 2204 1152 2233 super

150 2236 304 2266 omnibus
324 2237 361 2266 dc
383 2238 503 2275 quibus
521 2244 591 2268 orta
608 2245 676 2269 erat
699 2241 862 2272 discordia
887 2244 974 2274 inter
995 2246 1094 2284 ipsos,
1113 2248 1150 2278 de

149 2288 295 2326 parendo
318 2290 481 2319 mandatis
504 2291 624 2320 nostris
644 2293 830 2323 cautionem
854 2295 1005 2326 idoneam
1031 2301 1151 2336 presti-

152 2340 229 2375 turi,
255 2341 355 2370 iidem
383 2342 588 2380 (}1·osscta11i‚
617 2345 757 2375 termino
787 2346 856 2384 ipso
884 2349 1057 2386 pendente,
1085 2362 1151 2383 una

150 2401 225 2422 cum
255 2392 330 2422 aliis
355 2395 637 2432 conspiratoribus
665 2398 864 2435 supradictis
893 2405 923 2430 et
949 2403 1051 2433 nobili
1081 2406 1150 2436 viro

149 2444 344 2475 Caciaconte
372 2446 534 2477 Guidonis
562 2449 769 2479 (laciacoritis
795 2456 825 2480 et
851 2453 1047 2491 quibusdam
1075 2458 1150 2489 aliis

147 2496 312 2526 militibus
330 2498 534 2528 Senensibus
550 2499 713 2531 intrantes
730 2502 895 2534 hostiliter
911 2510 1030 2537 terram
1050 2512 1151 2541 conii-

149 2549 192 2579 tis
208 2550 392 2585 memorati,
416 2552 554 2589 quedam
573 2558 680 2583 castra
701 2562 857 2592 ceperunt
876 2558 1009 2590 ibidem.
1032 2567 1072 2597 et,
1098 2564 1151 2593 in-

147 2602 346 2631 carcerando
371 2603 490 2633 multos
514 2614 550 2633 ac
574 2606 732 2643 quosdam
763 2607 905 2639 letaliter
926 2612 1148 2652 vulnerando,

147 2654 306 2692 capiendo
323 2664 452 2693 quoque
470 2656 554 2686 bona
572 2662 636 2687 tam
653 2659 759 2697 ipsius
776 2662 906 2692 comitis
924 2673 1021 2702 quam
1039 2669 1149 2699 uxoris

147 2715 206 2736 sue
223 2715 260 2736 ac
276 2707 447 2736 hominum
465 2718 611 2745 suorum,
631 2716 659 2740 et
682 2711 765 2742 alias
788 2714 912 2744 ibidem
934 2725 1022 2748 more
1047 2720 1149 2750 tiran-

146 2759 221 2788 nico
238 2759 460 2796 dehacbando,
484 2762 531 2791 eis
555 2763 695 2801 dampna
714 2766 827 2802 gravia
848 2771 879 2797 et
903 2768 1044 2807 injurias
1066 2773 1149 2803 irro-

147 2816 276 2849 garunt,
299 2816 329 2841 et
345 2812 451 2843 adhuc
469 2823 533 2843 non
547 2815 702 2846 dcsinunt
716 2818 881 2856 irrogare3
901 2830 963 2859 que
978 2826 1149 2857 occasione

144 2863 263 2893 frivola
279 2863 390 2893 dicunt
410 2874 443 2895 se
460 2866 568 2897 facere
581 2877 637 2905 pro
651 2868 895 2907 Ildebrandino,
910 2880 1026 2912 nepote
1043 2877 1148 2914 ipsius

147 2915 289 2951 comitis,
307 2916 363 2954 qui
388 2917 449 2946 sub
468 2918 615 2957 (jusdem
633 2921 734 2951 tutela
755 2923 922 2960 consistit;
948 2927 1040 2965 cujus
1065 2929 1149 2961 bona

1246 353 1431 386 destruunt,
1456 360 1520 381 non
1544 352 1743 386 defendunt3
1769 352 1909 390 quodam
1934 353 2004 382 cive
2028 353 2169 383 Senensi
2192 362 2251 383 nu·

1244 414 1311 442 per,
1333 408 1518 442 contempto
1540 404 1626 433 dicto
1649 405 1780 439 comite,
1804 405 1838 433 in
1863 413 1956 434 suam
1979 409 2173 442 potestatem
2196 414 2250 435 as-

1244 461 1385 494 sumpto.
1410 461 1524 485 contra
1547 456 1821 486 consuetudinem
1847 456 2008 487 hactenus
2029 457 2249 493 observatam,

1244 517 1308 546 qua
1326 517 1389 537 non
1406 508 1471 537 nisi
1491 508 1528 537 de
1545 508 1682 538 licentia
1697 509 1776 538 dicti
1793 509 1935 544 comitis,
1954 513 2170 547 etpersonam
2185 510 2250 548 ipsi

1244 560 1374 589 fidelem
1399 560 1432 589 in
1461 564 1655 598 potestatem
1686 561 1751 589 sibi
1780 560 1902 598 eligere
1930 562 2139 592 tenebantur.
2166 562 2249 593 Cum

1243 613 1346 649 igitur
1374 613 1460 642 dicto
1483 613 1596 642 comiti
1621 621 1658 642 eo
1681 613 1801 643 fortius
1829 613 1863 642 in
1895 622 1954 643 suo
1977 614 2051 652 jure
2077 619 2250 645 teneamur

1243 665 1370 699 adesse,
1388 674 1452 703 quo
1468 669 1555 707 terra
1577 666 1647 704 ejus
1671 666 1849 703 specialius
1867 666 1907 696 ad
1931 668 2115 696 Romanam
2142 667 2251 698 Eccle-

1244 718 1327 747 siam
1351 718 1500 747 noscitur
1522 718 1700 755 pertinere,
1729 722 1759 748 et
1782 722 1849 748 tam
1874 719 1960 749 idem
1989 729 2087 758 quam
2108 729 2189 750 uxor
2212 729 2249 750 ac

1244 774 1329 799 terra
1349 770 1493 807 predicte
1512 779 1585 799 cum
1602 771 1757 800 omnibus
1780 780 1892 801 eorum
1911 771 2007 801 bonis
2031 772 2092 802 sub
2108 773 2249 811 Aposto-

1242 822 1304 852 lice
1322 823 1417 852 Sedis
1433 827 1464 852 et
1482 827 1594 852 nostra
1611 824 1813 860 protectione
1839 825 2034 859 consistant,
2052 825 2249 855 mandamus

1242 880 1417 914 quatenus,
1446 875 1485 904 ad
1511 875 1740 905 defensionem
1764 876 1844 906 dicti
1866 877 1996 907 comitis
2018 881 2048 907 et
2078 882 2163 908 terre
2189 886 2248 908 sue

1242 933 1306 957 tam
1322 927 1546 965 temporaliter
1566 937 1664 966 quam
1684 928 1904 966 spiritualiter
1921 930 2115 960 auctoritate
2135 934 2249 960 nostra

1239 981 1430 1019 procedensv
1450 990 1485 1010 ac
1503 990 1661 1011 revocans
1675 982 1709 1010 in
1727 986 1849 1011 statum
1866 982 2013 1012 debitum
2030 983 2190 1021 quicquid
2211 983 2247 1012 in

1239 1033 1458 1072 prejudicium
1476 1042 1589 1063 eorum
1606 1037 1729 1063 temere
1746 1034 1916 1064 inveneris
1927 1038 2167 1073 attemptatum,
2184 1035 2247 1065 dis-

1238 1086 1345 1116 soluta
1364 1086 1610 1123 conspiratione
1634 1086 1789 1124 predicta,
1816 1096 1880 1116 non
1902 1087 2053 1117 obstante
2075 1087 2162 1126 quod
2177 1087 2248 1118 val-

1237 1139 1303 1168 lata
1322 1139 1443 1168 dicitur
1458 1138 1591 1168 vinculo
1603 1139 1797 1177 juramenti,
1817 1139 1856 1169 de
1881 1139 2032 1178 dampnis
2059 1144 2089 1170 et
2112 1140 2247 1179 injuriis

1238 1192 1302 1221 sibi
1319 1196 1349 1221 et
1369 1192 1461 1221 uxori
1483 1201 1519 1221 ac
1538 1191 1731 1221 hominibus
1756 1192 1826 1222 suis
1849 1191 1954 1222 illatis
1977 1192 2122 1222 debitam
2148 1193 2247 1224 satis-

1236 1244 1414 1274 factionem
1432 1244 1535 1274 facias
1552 1244 1701 1274 exhiberi
1716 1254 1722 1280 ;
1741 1245 1999 1275 contradictores
2019 1250 2077 1275 etc.
2096 1255 2101 1281 ς
2126 1245 2155 1275 si
2171 1245 2248 1284 quis

1237 1301 1347 1327 autem
1366 1302 1426 1327 etc.
1445 1298 1517 1326 Dat.
1544 1298 1744 1331 interamne,
1766 1298 1835 1327 1111
1852 1297 1926 1327 idus
1943 1298 2138 1333 decembris,
2159 1307 2248 1329 anno

1237 1350 1374 1380 decimo.
1396 1362 1408 1376 »

1306 1549 1425 1577 3395
1777 1549 1876 1581 Terni,
1893 1549 1909 1576 8
1922 1549 2077 1577 decembre
2093 1549 2171 1576 1236.

1271 1611 1489 1643 Cameracensi,
1504 1611 1683 1638 Tornaeensi
1698 1613 1726 1638 et
1740 1611 1930 1638 Atrebatensi
1948 1611 2092 1645 episcopis
2109 1610 2245 1643 mandat,

1235 1660 1313 1686 iuter
1328 1660 1388 1686 alia
1411 1660 1627 1693 crucesignatos
1649 1663 1677 1687 et
1698 1660 1857 1694 imperium
1877 1659 2241 1693 Constantinopolitanum

1235 1708 1448 1742 contingentia,
1462 1711 1606 1742 quatenus
1617 1711 1685 1735 vota
1697 1708 1979 1742 quadringentorum
1992 1707 2125 1734 militum
2142 1715 2244 1734 cruce-

1235 1756 1417 1789 signatorum
1434 1757 1515 1790 regni
1531 1757 1684 1789 Franciae,
1699 1759 1737 1789 et,
1753 1758 1868 1790 praeter
1884 1765 1941 1788 eos,
1959 1755 2242 1789 consanguineorum

1236 1805 1422 1839 imperatoris
1439 1804 1762 1839 Constantinopolitani
1780 1806 1807 1831 et
1821 1804 1976 1837 Balduini,
1991 1804 2027 1831 ad
2043 1812 2130 1838 quem
2144 1804 2243 1838 ipsum

1234 1854 1394 1887 imperium
1412 1855 1534 1887 spectet,
1550 1853 1580 1879 in
1595 1852 1760 1880 subsidium
1778 1853 1923 1887 praedicti
1940 1853 2059 1887 imperii
2074 1851 2244 1880 Constanti·

1235 1903 1399 1937 nopolitani
1424 1905 1622 1935 commutent,
1640 1902 1765 1936 illosque
1784 1904 1923 1929 moneant
1946 1904 1978 1929 ut
1999 1902 2062 1928 sine
2084 1910 2162 1928 more
2181 1901 2244 1928 dis-

1234 1952 1341 1985 pendio
1372 1951 1408 1977 ad
1440 1951 1670 1978 succurrendum
1701 1951 1759 1985 ipsi
1786 1951 1911 1985 imperio
1935 1950 1992 1977 iter
2021 1949 2178 1984 arripiant.
2210 1964 2243 1968 —

1234 2001 1320 2032 (Bao.
1342 1999 1385 2031 18,
1406 2000 1426 2026 f,
1445 1999 1497 2026 208
1512 2003 1550 2032 r‘';
1567 2007 1637 2026 ann.
1655 1999 1694 2032 X,
1712 2007 1736 2026 c.
1754 1998 1820 2031 282;
1839 2013 1871 2017 —
1890 1998 2023 2026 Monam
2037 1998 2118 2031 1191,
2135 1998 2155 2024 f.
2170 1997 2243 2030 179;

1234 2049 1312 2080 abac,
1328 2049 1347 2075 f.
1364 2048 1424 2079 176,
1444 2057 1479 2075 ex
1496 2049 1676 2081 ΒΑΥΝΑιοος
1694 2063 1726 2066 -
1748 2049 1905 2076 POTTHAST
1918 2047 2022 2080 10272;
2040 2062 2072 2066 —
2090 2048 2128 2074 cf.
2145 2053 2243 2080 supra,

1234 2106 1262 2123 n.
1279 2097 1436 2124 2872-2879
1451 2100 1479 2124 et
1492 2097 1669 2128 29092911.)

1274 2210 1286 2223 «
1306 2221 1328 2226 ..
1342 2198 1561 2232 Cameracensi,
1578 2221 1597 2226 ..
1616 2198 1798 2226 Tornaecnsi
1811 2202 1836 2226 et
1853 2197 2243 2234 ..Atrebatensiepz'scopts.

1232 2251 1281 2279 Ad
1304 2251 1568 2280 subveniendum
1589 2250 1729 2288 imperio
1745 2249 2113 2288 Constantinopolitano
2129 2248 2245 2279 multi-

1232 2303 1305 2341 plex
1321 2312 1419 2332 causa
1436 2303 1616 2333 catholicos
1633 2304 1721 2333 viros
1733 2303 1902 2338 inducere,
1921 2302 2094 2340 multiplex
2107 2302 2148 2332 ad
2163 2310 2242 2342 con-

1233 2355 1409 2385 dolendum
1430 2356 1501 2394 ejus
1522 2355 1692 2385 doloribus
1714 2356 1798 2385 ratio
1820 2364 1874 2385 eos
1895 2355 2016 2393 poterit
2035 2362 2239 2390 ammonere;

1232 2410 1266 2437 in
1290 2408 1384 2446 cujus
1404 2409 1600 2438 exterminio
1616 2417 1734 2446 corpus
1756 2407 1930 2438 orientalis
1945 2407 2093 2437 Ecclesie
2112 2407 2147 2436 in
2167 2415 2242 2445 gra-

1234 2461 1323 2490 vium
1344 2461 1450 2490 frusta
1472 2461 1665 2490 scismatum
1687 2461 1862 2496 scinditur,
1881 2469 1917 2490 ac
1934 2460 2122 2490 subsidium
2142 2460 2242 2489 Terre

1233 2514 1351 2543 Sancte
1368 2513 1547 2551 plurimum
1568 2514 1765 2552 impeditur;
1788 2513 1822 2542 in
1839 2513 1934 2552 cujus
1951 2512 2148 2543 exterminio
2164 2520 2242 2549 ager

1233 2567 1418 2597 dominicus
1431 2567 1635 2596 diversarum
1651 2566 1807 2596 heresum
1825 2566 1931 2604 spinis
1948 2569 2127 2603 occupatur
2140 2568 2171 2594 et
2185 2563 2240 2593 tri·

1232 2619 1330 2655 bulis,
1344 2624 1374 2648 et
1386 2620 1534 2648 onmium
1546 2620 1739 2649 Latinorum
1754 2619 1888 2649 timetur
1899 2618 2085 2657 periculum
2095 2617 2129 2646 in
2141 2617 2240 2656 parti-

1232 2672 1292 2701 bus
1302 2672 1525 2701 habitantium
1535 2673 1693 2702 Orientis
1712 2671 1797 2702 Illud
1812 2671 1901 2701 enim
1916 2671 1955 2701 ad
1968 2671 2030 2700 hoc
2042 2671 2131 2709 ipsos
2144 2669 2241 2699 debet

1232 2725 1407 2754 cllicaciter
1424 2725 1602 2759 exhortari,
1617 2725 1713 2763 quod,
1728 2725 1761 2753 in
1777 2724 2032 2754 subventionem
2045 2722 2166 2761 prefati
2179 2722 2239 2751 im-

1231 2777 1325 2814 perii,
1337 2778 1484 2815 oppressi
1498 2787 1556 2815 pro
1566 2777 1714 2807 Ecclesia
1726 2781 1756 2806 et
1766 2777 1828 2806 fide
1841 2776 2014 2811 catholiea,
2027 2773 2236 2815 [venientes]‚

1230 2829 1401 2864 celestem,
1422 2829 1535 2867 procul
1561 2829 1677 2863 dubio,
1698 2832 1853 2866 poterunt
1881 2828 2020 2866 gloriam
2042 2825 2236 2865 promereri.

1233 2882 1315 2911 lliuc
1333 2887 1381 2911 est
1398 2882 1495 2920 quod⁷
1511 2890 1585 2911 cum
1598 2881 1766 2915 Vatacius,
1782 2881 1843 2910 Dei
1859 2885 1890 2910 et
1903 2879 2050 2910 Ecclesie
2066 2878 2237 2913 inimicus,

1231 2934 1374 2971 graviter
1390 2934 1566 2972 imperium
1583 2934 1691 2971 ipsum
1708 2932 1920 2971 oppresserit,
1939 2937 1981 2968 et,
1999 2932 2111 2970 plures
2130 2931 2239 2969 ipsius
