2423 3487
131 343 203 371 11⁶7
852 328 1089 361 mcois'rmzs
1112 306 1173 355 nri
1190 318 1412 355 Gasoomn
1438 325 1494 354 ix.

130 409 215 444 [Eum
238 411 315 439 rogat
337 410 478 440 quatenus
493 404 604 430 dictum
623 403 760 429 electum.
780 407 844 425 cum
861 396 1017 424 commissa
1033 394 1127 420 eidem

127 459 218 484 eleeto
243 455 481 488 (Jonil‘vostellana
508 451 645 477 ecclesia.
677 449 782 475 habeat
809 445 1060 472 commendatum.
1088 441 1130 467 ita

129 506 203 540 qnod
221 513 269 538 per
285 503 395 535 gratiae
411 501 506 533 regiae
522 499 666 526 auxilium
684 498 760 523 idem
777 497 887 522 electus
905 502 917 518 (t
934 493 962 519 in
976 500 1043 518 cura
1059 489 1131 523 regi-

130 555 219 581 minis·
237 552 389 587 pastoralis
417 549 505 584 possit
524 548 670 575 efficacius
687 545 799 579 operari
815 543 851 578 ».]
869 544 936 570 Dat.
954 544 984 567 ut
1002 548 1098 573 supra.
1118 546 1130 561 n

128 618 159 621 —
177 603 262 634 (tiso.
278 601 320 627 19.
338 602 355 626 ἴ.
373 599 406 625 58
423 599 467 627 1·''.)

200 788 316 815 ⁴583
624 783 744 812 Latran,
762 779 796 806 20
812 777 971 805 novembre
985 776 1062 802 1238.

167 852 267 879 Electa»
287 847 524 881 Compostellano
538 843 638 870 scribit
658 851 663 869 ε
682 850 695 867 (ι
711 841 798 872 Quia,
814 843 930 874 propter
944 838 1060 864 viarum
1077 836 1135 862 dis-

132 908 146 926 »
167 899 303 929 erimina,
326 904 412 930 grave
434 894 487 921 tibi
509 896 583 919 esset
602 891 795 926 peisonaliter
820 888 950 915 laborare
970 886 1006 913 ad
1028 885 1133 912 Sedem

133 957 146 975 ))
167 946 366 981 Apostolicam
382 952 432 977 pro
451 940 678 968 minsa-rationis
695 946 815 965 munere
831 936 1001 966 obtinendo,
1017 941 1136 968 presen-

133 1006 146 1023 ))
168 997 241 1023 tium
260 994 314 1021 tibi
328 992 501 1019 auctoritate
515 989 703 1016 concedimus
724 990 766 1015 ut,
784 989 811 1013 te
827 985 863 1012 ab
879 985 977 1018 aliquo
993 982 1136 1015 suffraga-

132 1054 145 1071 ))
168 1052 285 1071 neorum
304 1040 541 1074 Compostellane
555 1037 687 1065 ecclesie.
703 1038 812 1062 statuto
822 1037 963 1067 tempore,
979 1031 1089 1058 faciens
1105 1030 1135 1056 in

132 1102 146 1120 »
169 1092 360 1128 lvi-esliiiterum
378 1087 520 1119 ordinari,
540 1086 714 1113 canonicum
737 1083 987 1116 suffraganeorum
1006 1080 1134 1114 ipsorum

132 1151 146 1169 »
167 1148 321 1168 numerum
339 1139 373 1164 ad
396 1135 627 1171 impendemhnn
645 1134 700 1160 tibi
719 1130 949 1159 consecrationis
965 1137 1071 1156 munus
1088 1136 1136 1154 va—

132 1199 145 1217 »
167 1192 226 1217 icas
243 1196 371 1214 evocare.
389 1195 401 1211 ))
418 1200 448 1204 -
466 1186 551 1216 (lino.
570 1183 613 1214 19,
632 1184 650 1209 s.
668 1182 702 1208 58
717 1184 758 1213 r⁰;
775 1189 844 1207 ann.
860 1180 928 1207 XII,
946 1187 970 1204 c.
986 1177 1060 1207 303.)

173 1304 184 1317 t(
218 1314 237 1319 ..
266 1291 352 1318 electo
379 1286 626 1324 Conmoslellano.
656 1282 751 1319 Quia.
778 1285 909 1319 propter
936 1279 1065 1308 viarum
1087 1294 1136 1305 —.

132 1346 205 1375 Dat.
230 1341 394 1375 Laterani,
420 1339 486 1369 XII
506 1336 665 1367 kalendas
686 1333 881 1367 decembris,
910 1340 996 1361 anno
1016 1330 1138 1360 duode-

131 1397 225 1427 cimo.
248 1408 260 1421 »

202 1587 322 1615 4594
632 1582 752 1611 Latran,
769 1580 801 1607 ‘24
819 1578 977 1606 novembre
991 1577 1069 1603 1238,

170 1651 313 1685 Episcopo
335 1647 481 1681 quondam
504 1643 672 1671 Zamorensi
696 1642 843 1675 significat
864 1649 893 1667 se
913 1638 1140 1673 postulationem

136 1700 171 1725 de
187 1708 219 1725 co
237 1700 343 1724 tactam
362 1704 376 1721 a
399 1693 571 1727 Legionensi
595 1691 724 1725 capitulo
747 1691 776 1716 in
798 1689 1007 1723 Legionensem
1031 1686 1143 1720 episco-

139 1756 207 1782 pum
223 1745 388 1775 admisisse,
404 1743 498 1776 eique,
518 1751 532 1767 a
554 1749 621 1767 cura
641 1738 826 1766 Zamsmensis
843 1737 984 1763 ecclesiae
1000 1736 1142 1765 absoluto,

137 1795 256 1822 mandat
280 1796 423 1827 quatenus
446 1791 481 1817 ad
505 1789 715 1822 Legionensem
746 1786 901 1813 ecclesiam
925 1785 1055 1815 accedat,
1082 1783 1144 1816 ejus

141 1852 239 1871 curam
258 1846 385 1869 acturus.
402 1855 433 1858 -—
448 1840 534 1871 (Rae.
552 1837 595 1869 19,
614 1838 633 1862 1'.
646 1836 679 1862 58
696 1839 734 1867 r'‘;
753 1844 822 1861 ann.
838 1835 905 1866 XII,
923 1843 947 1860 c.
965 1832 1039 1863 301.)

180 1957 192 1970 (t
214 1967 232 1973 ..
254 1943 385 1980 episeopo
401 1940 552 1977 quondam
570 1937 777 1966 Zamorrensi.
796 1937 832 1965 In
852 1939 965 1964 nostra
981 1932 1148 1972 presentia

140 1995 311 2028 constituti
340 1993 452 2023 dilecti
479 1991 540 2020 filii
566 1990 730 2021 Martinus
754 1988 854 2021 Petri,
878 1986 1042 2017 Martinus
1070 1986 1147 2015 Fer-

141 2050 253 2080 nandi.
272 2047 386 2078 Munio
408 2044 540 2075 Velasci
561 2048 591 2073 et
616 2042 779 2072 Rodricus
798 2041 896 2075 Petri,
918 2038 1070 2069 canonici
1087 2039 1149 2068 Le-

141 2104 328 2142 gionenses,
347 2098 456 2128 nuntii
473 2102 503 2127 et
520 2100 748 2135 procuratores
764 2093 900 2132 capituli
918 2091 1147 2129 Legionensis.

144 2163 321 2195 proponere
350 2154 549 2181 curaverunt
572 2149 672 2187 quod,
703 2147 843 2177 ecclesia
868 2144 1069 2183 Legionensi
1094 2152 1149 2173 va-

143 2213 246 2242 cante,
270 2211 299 2236 et
316 2205 438 2234 rot-atis
456 2212 492 2233 ac
509 2201 719 2241 presentibus
735 2199 890 2230 omnibus
907 2197 1094 2231 evocandis,
1115 2196 1148 2225 in

147 2285 166 2291 ..
184 2262 342 2290 decanum
361 2262 389 2287 ct
407 2262 470 2286 tres
491 2256 529 2285 de
546 2254 716 2285 canonicis
736 2253 806 2283 suis
824 2256 1020 2290 potestaten]
1039 2250 1150 2288 provi-

145 2313 242 2344 dendi
262 2312 366 2341 eidem
385 2309 522 2339 ecclesie
540 2307 793 2340 transtulerunt,
812 2304 1041 2343 promittentes
1055 2303 1149 2332 illum

146 2367 303 2403 recipere,
328 2372 425 2401 quem
447 2370 561 2391 omnes
587 2365 642 2390 aut
663 2360 766 2398 maJ'or
788 2367 863 2397 pars
887 2366 999 2387 eorum
1027 2356 1091 2386 sibi
1115 2355 1150 2384 in

148 2420 335 2458 episcopum
359 2416 515 2445 ducerent
538 2412 794 2443 concedendum.
816 2410 884 2449 Ipsi
906 2418 992 2444 vero,
1012 2409 1100 2439 inter
1117 2417 1151 2438 se

151 2477 289 2503 tractatu
306 2470 418 2499 habito
434 2467 597 2505 diligenti,
619 2471 648 2496 te
666 2464 899 2504 postulandum
916 2464 950 2492 in
967 2463 1151 2500 Legionen-

148 2536 216 2556 sem
234 2524 421 2562 episcopum
437 2520 666 2553 nominai·unt;
686 2527 826 2557 quorum
842 2516 1024 2547 nominatio
1036 2516 1100 2545 fuit
1113 2515 1152 2545 al»

148 2579 231 2617 ipsis
269 2574 435 2605 universis
474 2578 503 2602 et
540 2572 682 2610 singulis
719 2570 926 2600 concorditer
962 2568 1148 2606 approbata.

148 2633 256 2668 Quare
272 2627 350 2657 dicti
368 2630 594 2665 procuratores
619 2624 714 2653 nohis
736 2622 908 2652 humiliter
924 2620 1153 2659 supplicarunt

146 2689 192 2718 ut,
211 2691 284 2713 cum
309 2681 422 2711 eadem
436 2679 585 2714 ecclesia,
605 2686 679 2716 que,
697 2677 737 2706 ob
754 2675 959 2705 vacationem
976 2673 1152 2707 diutinam,

148 2744 278 2775 gravem
298 2734 332 2763 in
356 2731 586 2770 spiritualibus
610 2735 639 2760 et
667 2728 902 2767 temporalibus
926 2726 1087 2757 sustinuit
1106 2726 1152 2756 le-

148 2790 284 2822 sionem,
309 2795 365 2824 per
391 2790 480 2814 tuam
504 2783 703 2813 industriam
728 2781 832 2820 possit
853 2789 869 2810 a
895 2779 965 2809 suis
989 2779 1153 2816 angustiis

148 2841 310 2879 respirare
326 2848 360 2868 ac
379 2839 413 2867 in
431 2837 500 2867 suis
514 2836 646 2875 juribus
671 2839 701 2864 et
722 2833 932 2863 libertatibus
950 2831 1150 2866 conservari,

149 2892 337 2933 hujusmodi
376 2890 629 2929 postulationem
663 2887 835 2917 admittere
873 2886 911 2915 de
948 2884 1153 2922 benignitate

153 2947 246 2978 Sedis
265 2944 449 2983 Apostolice
466 2951 669 2972 curaremus.
687 2941 769 2971 Cum
791 2939 894 2977 igitur
911 2938 997 2967 dicta
1015 2937 1154 2967 ecclesia

152 3007 281 3036 semper
297 2997 394 3026 fuerit
412 2995 556 3025 Ecclesie
571 2996 718 3024 Romane
735 2993 861 3027 devota,
878 2995 1034 3028 tanquam
1048 2989 1154 3028 ipsius

2148 318 2223 348 1168

1213 390 1281 419 filia
1303 390 1467 429 specialis,
1491 399 1553 428 que
1582 388 1883 427 metropolitanum,
1903 391 2012 425 preter
2035 387 2222 415 Romanum

1214 442 1417 477 Pontificem,
1443 441 1627 471 dinoscitur
1656 449 1721 470 non
1746 440 1880 475 habere⁷
1906 448 1942 469 ac
1965 448 2022 477 per
2047 438 2108 468 hoc
2135 437 2221 476 quod

1214 502 1287 523 cnm
1305 495 1371 524 Deo
1388 503 1575 532 possumus,
1592 502 1650 532 pro
1669 502 1706 523 ea
1725 493 1832 523 facere
1851 491 1969 522 libenti
1986 491 2096 521 animo
2115 490 2223 520 inten-

1214 547 1341 582 damus,
1361 547 1569 577 attendentes
1589 547 1675 585 quod
1694 555 1816 584 urgens
1835 545 2016 576 necessitas
2035 548 2066 574 et
2086 543 2224 574 evidens

1213 599 1342 630 utilitas
1360 599 1499 630 ecclesie
1522 600 1720 638 supradicte,
1739 598 1896 637 quoniam
1912 598 2075 636 prefatum
2094 596 2224 635 capitu-

1214 652 1283 682 lum
1303 661 1369 682 non
1385 657 1537 691 poterant
1556 653 1595 683 de
1611 652 1703 682 facili
1719 652 1753 681 in
1772 652 1870 681 aliam
1882 660 2057 689 personam
2070 650 2223 680 idoneam

1216 706 1405 740 convenire,
1429 705 1689 744 dispensationis
1709 705 1848 742 gratiam
1867 704 2093 743 requirebant,
2112 708 2226 742 postu-

1216 758 1374 789 lationem
1399 759 1536 789 eandem
1560 758 1743 788 examinari
1765 758 1917 793 fecimus,
1939 762 2035 796 prout
2059 757 2223 795 congruit,

1217 811 1412 850 diligentem
1434 821 1532 851 quam
1557 811 1635 850 quia
1658 811 1849 841 invenimus
1872 810 1910 840 de
1933 815 1961 841 te
1978 810 2135 840 canonice
2152 818 2227 840 esse

1217 865 1350 899 factam,
1369 869 1399 895 te
1416 874 1433 894 a
1450 874 1529 894 cura
1551 864 1760 894 Zamorensis
1782 863 1920 894 ecclesie
1938 863 2098 897 absoluto,
2119 863 2225 901 ipsam

1218 917 1257 947 de
1273 917 1412 947 fratrum
1436 922 1624 948 nostrorum
1650 916 1789 947 consilio
1805 917 1959 947 duximus
1976 916 2226 947 admittendam.

1218 970 1303 1006 Quia
1319 979 1396 1000 vero
1412 970 1577 1000 vocationi
1594 970 1705 1000 divine
1723 975 1752 1000 te
1764 970 1855 1000 decet
1872 969 2009 1008 obsequi
2024 973 2227 1001 reverenter.

1222 1023 1463 1053 fraternitatem
1478 1028 1568 1053 tuam
1588 1031 1743 1061 rogamus
1760 1027 1791 1053 et
1816 1022 1988 1052 hortamur
2011 1027 2145 1057 attente,
2171 1031 2230 1060 per

1220 1076 1400 1115 apostolica
1427 1077 1486 1106 tibi
1510 1077 1632 1115 scripta
1655 1076 1851 1106 mandantes
1875 1080 2039 1115 quatenus
2063 1076 2103 1105 ad
2124 1075 2229 1106 eccle-

1221 1130 1303 1160 siam
1321 1129 1457 1159 accedas
1475 1129 1622 1165 eandem,
1645 1134 1779 1159 acturus
1796 1138 1908 1158 curam
1926 1129 1996 1168 ejus
2019 1129 2065 1158 ita
2088 1128 2232 1159 fideliter

1221 1186 1252 1212 et
1267 1182 1455 1220 prudenter,
1476 1182 1562 1221 quod
1579 1182 1712 1219 dignam
1737 1182 1804 1211 Deo
1829 1181 1945 1211 exinde
1965 1181 2099 1211 reddere
2119 1181 2232 1211 valeas

1220 1235 1394 1265 rationem.
1426 1235 1499 1264 Dat.
1532 1234 1696 1271 Laterani,
1729 1235 1810 1264 VIII
1838 1233 1998 1264 kalendas
2027 1233 2228 1270 decembris,

1221 1297 1308 1317 anno
1325 1287 1530 1317 duodecimo.
1550 1299 1562 1314 n

1293 1466 1414 1493 4595
1718 1467 1839 1497 Lati-an,
1856 1466 1888 1492 ‘23
1906 1466 2064 1492 novembre
2080 1465 2158 1492 1238.

1260 1536 1273 1553 (t
1294 1529 1324 1555 In
1342 1529 1467 1555 eundem
1486 1530 1544 1555 fere
1560 1529 1676 1555 modum
1695 1529 1766 1554 clero
1785 1530 1904 1553 scortata·
1920 1532 1942 1553 et
1959 1529 2070 1553 diurnis
2087 1528 2232 1559 acyronen-

1226 1575 1331 1611 [.÷1'1¹²11].
1346 1585 1437 1611 usque
1456 1585 1461 1603 ε
1479 1577 1619 1604 duximus
1636 1577 1866 1605 admittendam.
1884 1577 1977 1603 eidem
1996 1577 2146 1603 licentiam
2163 1586 2234 1603 con-

1226 1626 1362 1652 cedentes
1377 1629 1417 1653 ut.
1433 1626 1468 1652 ad
1485 1626 1658 1658 jamdictam
1676 1626 1886 1659 Legionensem
1903 1626 2056 1652 ecclesiam
2074 1626 2234 1657 transiens,

1227 1674 1333 1708 ipsam,
1355 1675 1434 1700 velut
1461 1674 1595 1708 proprius
1620 1675 1683 1707 ejus
1704 1674 1848 1708 pontifex,
1869 1674 1905 1700 ad
1922 1674 2038 1700 laudem
2064 1679 2089 1700 et
2109 1674 2232 1707 gloriam

1227 1723 1324 1749 (livini
1342 1722 1482 1754 nominis,
1500 1723 1535 1748 ad
1552 1723 1689 1749 honorem
1715 1726 1741 1749 et
1764 1723 1974 1749 exaltationem
1992 1723 2123 1755 ejusdem
2141 1723 2237 1749 evele-

1228 1772 1279 1803 sie,
1297 1771 1333 1797 ad
1354 1771 1479 1797 salutem
1498 1780 1610 1804 qnoque
1627 1780 1708 1797 suam
1729 1775 1757 1797 et
1774 1774 1833 1797 tani
1854 1771 1954 1805 populi
1976 1780 2062 1804 quam
2086 1771 2156 1798 cleri
2179 1771 2237 1798 sibi

1229 1820 1391 1852 commissi,
1409 1820 1523 1847 studeat
1537 1820 1708 1853 gubernare.
1725 1820 1849 1853 Ideoque
1863 1819 2052 1846 universitati
2068 1823 2163 1846 vestre
2174 1828 2240 1854 pre-

1230 1869 1366 1903 cipiendo
1383 1869 1559 1895 mandamus
1579 1872 1734 1902 quatenns.
1756 1868 1852 1902 ipsum
1879 1868 2054 1902 recipientes
2073 1868 2188 1895 ilariter
2210 1871 2241 1895 ct

1231 1919 1351 1944 honeste
1373 1920 1544 1945 tractantes.
1569 1917 1595 1944 ei
1619 1921 1759 1951 tanquam
1784 1917 1860 1951 patri
1884 1920 1910 1943 et
1935 1917 2042 1951 pastori
2069 1917 2237 1944 animarum

1230 1970 1395 1993 vestrarum
1414 1967 1500 2001 plene
1517 1975 1549 1993 ae
1572 1966 1727 1992 humiliter
1748 1965 1922 1997 intendatis,
1944 1970 1970 1992 et
1990 1965 2155 1992 exhibeatis
2170 1965 2241 1992 obe-

1231 2015 1376 2041 dientiam
1397 2018 1423 2041 et
1441 2015 1637 2041 reverentiam
1655 2014 1785 2041 debitam
1810 2018 1837 2041 et
1858 2014 2007 2045 devotam,
2025 2015 2087 2047 ejus
2109 2014 2241 2041 salubria

1232 2064 1344 2090 monita
1359 2067 1385 2090 et
1404 2064 1543 2090 mandata
1561 2063 1748 2097 suscipiendo
1764 2062 1869 2089 devote
1885 2071 1917 2089 ac
1932 2063 2176 2095 irrefragabiliter
2191 2062 2241 2089 ob-

1232 2112 1392 2144 servantum
1410 2111 1542 2146 alioquin
1559 2111 1737 2138 sententiam
1756 2119 1842 2145 quam
1860 2111 1937 2137 idem
1958 2111 2012 2137 rite
2030 2111 2128 2137 tulerit
2146 2110 2177 2137 in
2194 2119 2241 2137 re-

1234 2160 1335 2188 belles.
1351 2164 1444 2187 ratam
1463 2161 1637 2187 habebimus
1653 2163 1679 2187 et
1696 2161 1848 2191 faciemus,
1863 2163 1981 2186 auctore
1995 2160 2131 2189 Domino,
2145 2160 2240 2186 invio-

1234 2210 1365 2236 labiliter
1381 2209 1540 2236 observari.
1558 2210 1625 2236 Dat.
1642 2209 1792 2241 Laterani,
1809 2209 1892 2235 VIIII
1908 2209 2049 2235 kalendas
2063 2208 2241 2241 decembris,

1233 2266 1310 2285 anno
1325 2257 1508 2284 duodecimo.
1527 2265 1540 2282 ›)
1556 2272 1586 2275 —
1608 2258 1694 2289 (Res.
1709 2257 1753 2289 19,
1771 2259 1790 2283 t'.
1808 2256 1841 2283 58
1856 2258 1907 2287 v⁰.)

1269 2429 1369 2451 4596.
1388 2439 1419 2442 -
1437 2425 1469 2451 In
1484 2424 1609 2450 eundem
1627 2423 1745 2450 modum
1763 2424 1882 2456 capitulo
1901 2424 2063 2455 Leyionensi.

1270 2477 1370 2500 4537.
1389 2488 1420 2491 —
1438 2473 1470 2499 In
1487 2472 1611 2498 eundem
1628 2472 1747 2498 modum
1769 2472 1865 2505 populo
1884 2473 2005 2497 cit-[tacis
2024 2474 2047 2497 et
2069 2472 2181 2497 diocesis
2198 2471 2245 2497 Le·-

1235 2520 1443 2556 yimzento'amL
1468 2530 1558 2555 usque
1583 2529 1588 2547 :
1613 2520 1787 2552 intendatis,
1812 2523 1839 2546 et
1861 2520 2026 2547 exhibeatis
2049 2521 2247 2547 honorificen-

1238 2571 1309 2597 tiam
1325 2570 1455 2597 debitam
1481 2572 1508 2596 et
1529 2569 1677 2601 devotam,
1693 2569 1754 2602 ejus
1771 2568 1900 2595 salubria
1918 2569 2030 2595 monita
2044 2573 2111 2601 etc.‚
2128 2577 2219 2603 usque
2236 2577 2246 2595 ·.

1236 2618 1428 2646 observando.

1306 2786 1424 2814 4598
1736 2785 1856 2817 Latran,
1871 2784 1904 2810 23
1919 2783 2078 2811 novembre
2093 2782 2172 2810 1238.

1273 2856 1285 2873 (‹
1304 2849 1335 2875 In
1353 2848 1477 2874 eundem
1499 2849 1558 2874 fere
1574 2847 1693 2874 modum
1710 2867 1728 2873 ..
1746 2847 1852 2872 illustri
1867 2847 1924 2878 reyz'
1939 2845 2051 2871 Castetle
2066 2847 2091 2870 et
2112 2845 2246 2876 Leqiunis,

1237 2905 1327 2930 usque
1346 2905 1351 2922 :
1369 2895 1539 2929 gubernare.
1560 2895 1704 2926 Quocirca
1720 2893 1928 2921 celsitudinem
1949 2893 2058 2927 regiam
2083 2893 2242 2926 rogandam

1237 2945 1377 2971 duximus
1399 2944 1543 2971 attentius
1564 2946 1592 2970 et
1613 2943 1789 2970 monendam
1812 2945 1966 2976 quatenus.
1993 2942 2139 2975 prefatum
2165 2941 2248 2975 epis-

1240 3001 1344 3027 copum
1366 3001 1432 3019 cuni
1457 2992 1615 3019 commissa
1638 2991 1695 3018 sibi
1720 2990 1895 3025 Legionensi
1921 2989 2045 3016 eeclesia
2071 2989 2247 3023 propensius
