2423 3487
116 298 187 327 1319
834 291 1070 323 REGISTRES
1094 289 1147 319 DE
1171 282 1392 321 GREGOIRE
1417 291 1474 320 IX.
1602 314 1605 317 ,
2132 290 2205 320 1ῗῖ0

115 365 173 391 alia
189 364 331 390 animalia
348 372 398 397 pro
414 363 454 389 eis
471 362 666 396 rependendo,
681 361 835 389 redimere.
849 359 1010 386 concedant
1027 357 1115 384 licen-

116 413 187 439 tiam
209 411 384 438 animalium
407 410 557 436 brutorum
580 408 850 442 recompensatione
865 407 998 441 captivos
1014 414 1030 432 a.
1047 406 1116 432 Sar-

117 461 227 487 racenis
248 458 424 490 redimendi,
442 458 557 492 proviso
577 457 651 490 quod
673 457 739 490 equi
761 459 788 482 et
810 455 894 483 muli.
921 463 986 481 cum
1011 454 1116 488 quibus

119 508 272 535 Sarraceni
290 507 474 535 Christianos
496 506 670 540 impugnare
691 506 834 536 valerent,
857 512 870 529 «
896 503 1047 530 occasione
1064 502 1117 529 tali

116 565 129 581 >>
151 557 319 582 nullatenus
339 555 517 582 tribuantur,
535 558 561 580 et
577 562 612 580 nc
629 553 658 579 in
684 552 817 579 fraudem
839 560 889 585 per
909 550 1117 578 commutatio-

116 613 129 629 »
151 613 216 630 nem
235 603 402 636 hujusmodi
420 602 533 635 aliquid
549 603 742 635 attemptetur
756 608 780 626 )).
795 615 826 618 -
839 601 924 631 (ΗΕΘ.
938 599 981 631 19,
995 600 1014 625 f.
1032 599 1062 625 71
1079 601 1116 629 r⁰;

115 661 183 679 aun.
200 653 266 680 XII.
281 660 305 678 c.
321 652 394 680 382.)

156 772 166 784 a
191 782 209 787 ..
231 760 362 795 episcopo
379 763 403 786 rt
425 780 444 785 ..
462 758 572 785 decano
591 758 771 786 Valentinis.
790 756 872 786 Cum
889 755 950 785 celi
968 755 1118 784 volucres

115 829 162 839 —.
182 812 253 840 Dat.
276 810 440 839 Laterani.
464 810 546 838 XIII
570 808 728 838 kalendas
748 808 870 841 martii,
892 817 978 837 anno
995 807 1118 837 duode-

115 873 207 892 Cimo.
232 876 244 888 υ

183 1067 300 1094 4724
660 1066 781 1098 Latran,
796 1066 829 1092 18
843 1066 951 1092 ferrici·
967 1066 1045 1092 1239.

148 1129 313 1156 Abbatibus
329 1129 364 1154 de
382 1128 499 1161 Frigido
516 1127 629 1159 Monte,
647 1128 853 1155 Cisterciensis
869 1128 992 1159 ordinis,
1010 1128 1118 1155 Belva—

114 1178 209 1205 censis
225 1177 375 1208 dioecesis,
395 1179 422 1203 et
443 1177 478 1202 de
499 1176 606 1208 Gardo,
621 1176 752 1210 ejusdem
769 1176 892 1207 ordinis,
906 1176 1119 1203 Ambianensis

114 1226 264 1257 dioecesis,
282 1225 443 1251 committit
458 1225 657 1258 praepositum
671 1224 842 1251 monasterii
858 1224 961 1251 Sancti
973 1225 1118 1251 XValerici

113 1283 199 1309 supra
216 1275 308 1305 Mare,
331 1272 372 1307 {in
393 1273 523 1306 ejusdem
542 1273 712 1300 monasterii
731 1272 880 1308 abbatem]
894 1274 1032 1306 electum,
1050 1282 1119 1300 exa-

116 1323 302 1350 minandum.
320 1322 418 1355 eisque
432 1321 554 1348 mandat
571 1324 725 1355 quatenus,
739 1322 762 1348 si
777 1321 855 1348 idem
871 1323 981 1348 electus
997 1322 1119 1348 idoneus

114 1375 244 1405 repertus
257 1370 355 1401 fuerit,
377 1371 438 1403 ejus
455 1370 628 1396 electionem
646 1370 836 1402 confirment;
854 1370 997 1404 alioquin,
1011 1378 1044 1397 ea
1060 1379 1119 1397 cas-

113 1423 185 1451 sata,
203 1419 314 1445 iaciant
330 1419 424 1445 eidem
444 1418 620 1445 monasterio
636 1418 672 1445 de
683 1427 807 1452 persona
820 1418 926 1445 idonea
941 1427 992 1452 per
1003 1419 1119 1445 electio-

114 1477 179 1494 nem
202 1467 372 1494 canonicam
395 1467 553 1500 provideri.
579 1482 610 1485 —
636 1468 722 1498 (Rae.
742 1467 786 1499 19,
810 1468 830 1493 f.
852 1467 883 1493 71
901 1471 940 1499 r⁰;
958 1476 1028 1494 ann.
1050 1468 1118 1499 XII,

113 1526 136 1543 c.
155 1516 228 1547 383.)

154 1637 165 1650 «
186 1648 204 1653 ..
224 1625 257 1652 cle
275 1625 397 1661 Friyitlo
413 1625 509 1652 Monte
523 1629 548 1652 et
568 1646 587 1651 ..
605 1624 639 1652 de
654 1624 750 1652 Gartlo
761 1625 924 1654 abbatibus.
942 1624 1119 1653 cistercien-

112 1679 153 1706 sis
169 1678 298 1711 ordinis,
319 1678 504 1705 Belracensis
523 1682 548 1705 et
564 1677 776 1705 Ambianensis
794 1677 958 1705 diocesani.
980 1676 1118 1706 Dilectis

113 1730 191 1759 tiliis
209 1731 305 1760 Petro
328 1730 365 1759 de
390 1729 617 1759 Hokaincourt
634 1734 665 1759 et
683 1731 778 1759 Petro
799 1730 837 1759 de
857 1731 976 1760 Sancto
995 1730 1119 1760 Richa-

113 1783 172 1812 rio.
189 1782 360 1812 monacbis
377 1782 571 1812 monasterii
589 1782 702 1812 Sancti
721 1782 881 1812 'Walerici
899 1792 998 1820 supra
1015 1783 1117 1818 Mare,

65 1843 67 1845 ’
113 1836 150 1865 ad
169 1845 226 1865 nos
251 1835 341 1864 nullo
362 1835 467 1864 medio
494 1835 706 1873 pertinentis,
733 1835 861 1865 ordinis
882 1835 989 1865 sancti
1013 1836 1120 1865 Bene-

113 1888 202 1922 dicti,
224 1888 459 1917 Ambianensis
475 1888 627 1922 diocesis,
646 1888 680 1917 in
697 1893 809 1918 nostra
820 1889 988 1926 presentia
1001 1889 1119 1918 consti-

115 1941 204 1970 tutis.
224 1941 417 1971 electionem
435 1941 473 1971 de
491 1965 510 1969 ..
538 1942 703 1979 preposito
720 1941 826 1979 ipsius
849 1943 1043 1972 monasterii
1067 1952 1120 1972 ce-

113 1994 283 2025 lebratam,
307 2003 403 2032 quam
429 1994 547 2023 dilecto
565 1994 631 2023 tilio
655 1999 766 2024 nostro
791 1994 989 2034 R[iccardo].
1008 1995 1120 2025 Sancti

114 2047 230 2084 Angeli
249 2048 386 2077 diacono
403 2047 577 2081 cardinali,
605 2048 858 2077 examinandam
878 2049 1117 2085 commisimus,

114 2100 301 2138 petentibus
318 2101 506 2129 confirmari
524 2111 529 2129 :
546 2101 748 2132 Bel-nardus.
765 2101 911 2140 ejusdem
926 2102 1121 2131 monasterii

114 2153 304 2182 monachus.
324 2162 357 2182 se
377 2153 458 2190 ipsis
475 2163 652 2191 opponens,
674 2153 894 2183 litteraturam
913 2154 1120 2185 insufficien-

115 2212 178 2236 tem
197 2211 225 2235 et
243 2206 490 2244 dilapidationis
509 2207 636 2237 vitium,
656 2216 714 2236 nee
741 2216 806 2236 non
833 2207 918 2246 quod
941 2208 1027 2237 idem
1047 2218 1120 2246 pre-

116 2259 252 2296 positus.
282 2259 319 2287 de
345 2259 588 2288 incontinentia
615 2260 807 2294 infamatus,
835 2260 1119 2290 confirmationem

117 2312 322 2349 preveniens.
349 2320 382 2340 se
405 2312 699 2341 amministrationi
722 2313 841 2350 prefati
858 2313 1052 2343 monasterii
1068 2314 1121 2342 in-

117 2364 291 2402 gessisset,
325 2364 358 2393 in
387 2365 492 2402 ipsius
522 2374 696 2402 personam
727 2365 858 2404 objecit,
893 2366 1006 2395 dicens
1035 2367 1122 2405 quod

116 2422 245 2455 propter
264 2417 323 2446 hoc
351 2417 570 2454 predictortun
594 2418 831 2447 monachorum
855 2418 982 2448 admitti
1006 2420 1121 2457 petitio

118 2479 181 2499 non
198 2470 344 2499 deberet:
362 2476 562 2508 proponente
580 2476 670 2509 parte
683 2471 785 2500 altera
802 2472 887 2510 quod
905 2472 991 2501 idem
1006 2482 1121 2502 mona-

117 2522 197 2551 chus
212 2531 310 2559 super
324 2522 398 2552 hiis.
419 2527 571 2561 tanquam
586 2524 727 2554 diversis
743 2524 893 2554 irretitus
910 2525 1120 2561 criminibus,

118 2583 181 2604 non
208 2580 276 2604 erat
300 2574 510 2613 aliquatenus
536 2577 732 2606 audiendus.
756 2578 891 2606 Verum.
917 2586 989 2607 cum
1014 2578 1122 2608 dictus

117 2627 306 2661 cardinalis,
337 2633 466 2666 recepto
494 2639 509 2657 a
534 2630 683 2667 partibus
702 2630 891 2668 juramento
918 2630 956 2660 de
984 2631 1122 2661 veritate

117 2680 266 2709 «licenda.
292 2689 481 2717 processum
504 2682 537 2710 in
564 2681 754 2720 hujusmodi
781 2682 941 2713 electione
973 2683 1122 2713 habitum

119 2732 294 2769 n‘liligenter
313 2734 516 2764 examinans.
536 2735 644 2772 ipsum
662 2735 803 2765 fideliter
820 2735 997 2773 retul[er]it
1014 2745 1123 2766 coram

119 2786 224 2815 nobis.
242 2786 276 2814 in
300 2796 363 2824 quo
384 2788 523 2816 sormam
545 2788 737 2817 canonicam
761 2788 952 2819 invenimus
968 2789 1124 2819 observa-

120 2843 183 2867 tam
203 2848 208 2866 :
230 2847 299 2869 nos,
327 2840 497 2876 providere
520 2840 666 2869 volentes
690 2849 729 2870 ne
754 2841 842 2870 idem
870 2842 1121 2877 monasterium,

119 2891 289 2920 occasicme
314 2892 495 2920 vacationis
522 2892 661 2923 diutine.
689 2893 837 2922 incurrat
863 2893 996 2932 aliquod
1022 2894 1124 2924 detri-

121 2947 281 2978 mentum,
311 2944 504 2974 mandamus
531 2950 710 2983 quatenus,
740 2946 967 2976 examinantes
1000 2947 1123 2976 dictum

1199 357 1401 394 prepositum
1414 357 1599 394 diligenter,
1612 357 1639 386 si
1652 357 1844 395 repperitis¹
1854 365 2028 395 personam
2039 357 2203 390 idoneam,

1199 409 1253 438 cui
1278 409 1383 438 nichil
1411 409 1520 439 obviet
1546 409 1584 439 de
1611 409 1781 439 canonicis
1802 409 1985 444 institutis,
2011 409 2205 439 electionem

1199 461 1305 499 ipsam
1328 462 1523 491 auctoritate
1542 461 1722 499 apostolica
1738 462 1986 497 confirmantes,
2010 461 2140 491 faciatis
2158 461 2206 491 ci-

1200 514 1272 544 dem
1299 514 1402 544 electo
1425 515 1646 544 reverentiam
1663 519 1693 544 et
1709 515 1933 545 obedientiam
1951 515 2095 544 debitam
2114 514 2206 544 exhi-

1200 566 1271 596 beri
1294 571 1323 597 et
1344 575 1464 596 munus
1487 567 1729 597 benedictionis
1753 567 1910 605 impendi,
1930 567 2094 605 recepturi
2111 567 2150 596 ab
2169 576 2206 597 eo

1200 619 1420 658 postmodum,
1440 629 1498 658 pro
1521 620 1616 649 nohis
1640 624 1671 650 et
1694 619 1842 650 Ecclesia
1858 621 2019 654 Romana,
2037 619 2206 650 fidelitatis

1201 672 1297 702 solite
1309 673 1548 711 juramentum,
1563 672 1655 710 juxta
1669 673 1807 702 sormam
1820 682 1918 711 quam
1933 673 2025 702 vohis
2042 672 2103 702 sub
2118 672 2206 702 bulla

1201 730 1313 755 nostra
1326 726 1489 755 mittimus
1503 726 1734 761 interclusam3
1754 727 1891 756 sormam
1906 731 2013 755 autem
2025 725 2207 763 juramenti

1201 779 1287 817 quod
1300 779 1370 816 ipse
1384 779 1554 816 prestabit.
1570 778 1609 809 de
1625 779 1722 809 verbo
1736 779 1775 809 ad
1791 779 1925 809 verbum
1939 787 1994 817 per
2008 779 2079 817 ejus
2093 783 2207 816 paten-

1201 837 1248 861 tes
1264 831 1403 866 litteras,
1425 840 1484 861 suo
1504 831 1613 869 sigillo
1630 832 1789 869 signatas,
1809 831 1950 871 [τιοὶιίς]α
1966 840 2023 869 per
2038 831 2205 869 proprium

1201 885 1355 914 nuntium
1367 885 1575 923 quamtocius
1587 885 1772 914 destinetis.
1785 884 1954 923 Alioquin,
1965 884 2124 914 electione
2136 884 2207 922 ipsa

1200 937 1263 967 rite
1280 942 1419 969 cassata.
1437 937 1569 967 faciatis
1586 938 1650 975 ipsi
1667 937 1868 967 monasterio
1884 937 1922 966 dc
1938 936 2207 975 personaidonea

1202 999 1258 1028 per
1277 989 1472 1019 electionem
1491 990 1683 1019 canonicam
1703 990 1867 1028 provideri
1880 1007 1928 1019 —.
1948 991 2020 1019 Dat.
2040 989 2205 1023 Laterani,

1201 1044 1266 1073 XII
1285 1043 1444 1073 kalendas
1459 1043 1582 1074 martii.
1603 1052 1690 1072 anno
1704 1042 1907 1072 duodecimo.
1931 1055 1942 1068 »

1271 1215 1396 1243 4225
1755 1215 1875 1243 Latran.
1889 1215 1923 1241 25
1937 1215 2136 1241 sevrier1239.

1237 1279 1469 1312 Archiepiscopo
1491 1278 1700 1305 Cantuariensi
1720 1277 1842 1304 mandat
1860 1280 2019 1311 quatenus,
2036 1277 2159 1303 Nicolao
2175 1277 2210 1303 de

1202 1327 1336 1359 Navilla,
1354 1330 1464 1353 rectore
1484 1326 1626 1352 ecclesiae
1642 1326 1678 1352 de
1692 1326 1845 1357 waleton,
1858 1325 2080 1352 XYintoniensis
2095 1325 2210 1351 dioece-

1202 1376 1252 1407 sis,
1270 1390 1302 1393 —
1319 1376 1396 1410 qui«
1415 1375 1629 1409 hospitalitatis
1645 1374 1773 1401 officium
1798 1378 1825 1401 et
1848 1374 1947 1401 studia
1969 1373 2102 1401 caritatis
2121 1381 2135 1399 )>
2151 1382 2212 1400 am—

1202 1424 1397 1459 plectebatur,
1412 1427 1440 1451 et
1455 1424 1490 1450 de
1504 1424 1587 1457 cujus
1602 1423 1768 1453 nobilitate,
1782 1423 1911 1449 moribus
1925 1426 1953 1449 et
1969 1422 2094 1449 scientia
2110 1422 2209 1449 lauda-

1201 1473 1261 1500 bile
1274 1473 1478 1500 testimonium
1494 1472 1715 1507 perhibebatur,
1730 1487 1761 1490 -—
1774 1471 1917 1498 beneficia
1928 1479 2027 1498 curam
2039 1470 2207 1497 animarum

1202 1522 1353 1553 habentia,
1379 1531 1453 1556 quae
1478 1522 1542 1548 sine
1565 1521 1786 1555 dispensatione
1806 1520 1967 1555 apostolica
1989 1519 2152 1551 obtinebat,
2178 1519 2209 1546 in

1201 1571 1295 1605 ipsius
1311 1570 1525 1604 archiepiscopi
1546 1570 1683 1597 manibus
1699 1569 1878 1603 resignante,
1898 1578 1931 1596 ac
1954 1569 1989 1595 de
2013 1568 2158 1603 perceptis
2174 1576 2208 1595 ex

1201 1620 1243 1646 eis
1264 1619 1409 1646 fructibus
1431 1627 1603 1652 congruum,
1622 1619 1707 1652 juxta
1727 1618 1820 1652 ipsius
1844 1617 2059 1651 archiepiscopi
2081 1616 2209 1643 taxatio-

1201 1677 1280 1697 nem,
1299 1670 1466 1701 praestante
1480 1668 1587 1694 Terrae
1605 1668 1732 1694 Sanctae
1752 1666 1929 1698 subsidium,
1944 1666 2080 1699 injuncta
2096 1673 2209 1699 quoque

1202 1717 1243 1748 ei,
1262 1724 1313 1750 pro
1333 1716 1478 1742 dictorum
1500 1715 1707 1741 beneficiorum
1726 1715 1834 1741 illicita
1850 1714 2035 1746 detentione,
2054 1713 2209 1748 paeniten-

1202 1765 1243 1791 tia
1260 1764 1456 1798 competenti,
1478 1772 1564 1798 super
1579 1764 1688 1790 eisdem
1708 1763 1784 1789 circa
1801 1771 1867 1789 eum
1885 1762 2083 1796 dispensando
2099 1764 2210 1788 statuat

1202 1816 1297 1847 prout,
1315 1812 1509 1839 consideratis
1525 1812 1759 1839 circumstantiis
1776 1811 1934 1843 universis,
1949 1811 2012 1844 ejus
2025 1810 2114 1837 saluti
2130 1810 2210 1837 vide-

1202 1862 1241 1888 rit
1254 1862 1402 1896 expedire.
1418 1876 1452 1879 —
1467 1862 1553 1893 (Rea.
1572 1861 1615 1892 19,
1633 1862 1652 1886 f.
1670 1861 1701 1887 71
1719 1864 1763 1891 v⁰;
1780 1868 1849 1886 ann.
1867 1860 1935 1891 xli,
1953 1868 1977 1885 c.
1995 1859 2069 1890 384.)

1245 1976 1257 1989 «
1279 1986 1298 1991 ..
1316 1963 1540 2000 archiepiscopo
1558 1962 1787 1991 Canium-tensi.
1801 1960 1946 1998 Dignum
1964 1964 2012 1990 est
2025 1965 2060 1989 ut
2073 1977 2122 1988 —.
2137 1960 2208 1989 Dat.

1205 2015 1370 2049 Laterani,
1389 2016 1417 2045 V
1432 2015 1591 2045 kalendas
1607 2014 1728 2048 martii,
1747 2022 1833 2043 anuo
1850 2012 2055 2042 duodecimo.
2078 2025 2090 2039 n

1273 2187 1394 2214 4²26
1751 2186 1872 2218 Latran,
1889 2185 1922 2212 12
1939 2185 2047 2217 sevrier
2060 2185 2139 2212 1239.

1239 2249 1337 2276 Priori
1358 2252 1386 2275 et
1407 2248 1568 2275 conventui
1592 2248 1734 2274 ecclesiae
1757 2247 1860 2274 Sancti
1883 2247 2020 2274 Andreae
2042 2247 2078 2273 de
2100 2247 2210 2278 Scotia,

1203 2313 1235 2316 —
1252 2306 1374 2332 quorum
1392 2297 1620 2331 postulationem
1642 2296 1677 2322 de
1695 2296 1830 2330 episcopo
1848 2295 2053 2322 Dunkeldensi
2072 2294 2114 2330 [in
2134 2295 2211 2329 epis-

1203 2355 1307 2380 copum
1325 2345 1428 2373 Sancti
1444 2343 1592 2379 Andreae]
1614 2345 1670 2378 ipsi
1692 2352 1784 2378 papae
1805 2347 2037 2378 praesentatam,
2059 2352 2115 2370 non
2137 2343 2211 2370 vitio

1203 2403 1352 2430 personae,
1374 2394 1424 2421 sed
1445 2394 1513 2428 quia
1535 2401 1547 2418 «
1571 2394 1623 2420 hoc
1645 2401 1697 2419 nec
1715 2401 1821 2426 urgens
1837 2392 1996 2419 necessitas
2017 2401 2070 2419 nec
2090 2392 2211 2418 evidens

1204 2453 1217 2469 n
1238 2444 1355 2471 utilitas
1371 2443 1546 2478 exposcebat
1562 2450 1587 2474 ι),
1606 2451 1661 2468 nou
1676 2442 1848 2474 admiserat,
1866 2456 1897 2459 —
1912 2444 2086 2475 potestatem
2103 2441 2211 2468 iterum

1203 2493 1333 2527 eligendi
1352 2492 1495 2524 restituit,
1519 2491 1618 2525 eisque
1643 2491 1765 2517 mandat
1788 2493 1932 2524 quatenus
1953 2489 2008 2516 sibi
2032 2489 2067 2516 de
2090 2497 2213 2524 persona

1203 2542 1309 2568 idonea
1325 2549 1375 2575 per
1391 2540 1566 2567 electionem
1584 2539 1756 2566 canonicam
1773 2537 1815 2573 [in
1829 2536 2012 2572 episcopum]
2026 2537 2210 2572 provideant.

1204 2605 1237 2608 —
1253 2591 1340 2622 (Hm.
1358 2589 1406 2621 19,
1424 2590 1444 2615 f.
1461 2589 1492 2615 71
1511 2591 1554 2620 v⁰;
1572 2596 1641 2614 ann.
1658 2588 1731 2620 XII,
1753 2596 1778 2614 c.
1795 2587 1863 2619 385;
1881 2602 1913 2605 —
1931 2587 2088 2614 Porrnas‘r
2103 2585 2213 2617 10700.)

1247 2704 1259 2717 «
1281 2714 1298 2720 ..
1316 2691 1417 2728 priori
1433 2695 1459 2719 et
1474 2691 1638 2719 conventui
1658 2689 1775 2718 ecclesie
1795 2689 1902 2718 Sancti
1919 2689 2036 2717 Andree
2052 2689 2085 2717 de
2100 2688 2212 2717 Scoticr.

1205 2744 1288 2774 Cum
1310 2741 1534 2781 presentatam
1553 2742 1647 2771 nobis
1668 2759 1716 2770 —.
1738 2742 1811 2771 Dat.
1834 2740 1999 2775 Laterani,
2026 2741 2057 2770 11
2074 2739 2148 2769 idus
2166 2739 2214 2770 se-

1206 2796 1344 2826 bruarii.
1364 2805 1450 2825 anno
1468 2795 1673 2825 duodecimo.
1692 2806 1706 2820 »

1239 2915 1258 2938 1.
1275 2916 1329 2938 Sir.

1235 2957 1258 2981 2.
1276 2958 1316 2982 Cf.
1334 2965 1430 2987 supra,
1447 2962 1475 2981 11⁰
1492 2958 1560 2981 4719.
