2519 3518
149 261 222 291 1049
990 253 1211 291 DOUZIEME
1234 251 1391 289 ANNEE.
2166 256 2239 287 1050

188 340 200 353 «
226 327 319 357 Nulli
343 336 419 365 ergo
444 345 492 356 —.
522 328 594 357 Dat.
623 327 789 363 Laterani,
818 328 847 357 II
871 327 1030 357 kalendas
1051 325 1150 364 junii,

150 388 236 409 anno
254 379 459 410 duodecimo.
481 392 494 406 »

216 550 334 578 4393

182 612 412 646 Αι·011101)15001)0
444 612 673 647 Rothomageusi
705 612 823 639 mandat
855 615 999 646 quatenus
1027 611 1151 641 'vu-tori,

149 660 250 686 rectori
268 660 408 687 eeclesiae
423 660 459 687 de
473 661 601 693 pevilla,
619 675 650 679 —
667 661 728 694 qui,
744 664 858 695 praeter
873 660 1026 687 ecelesiam
1047 659 1151 693 ipsam,

147 716 246 735 curant
271 709 427 735 habentem
453 709 621 735 animarum
645 717 803 740 annexam,
826 709 883 735 duo
903 708 963 735 alia
984 707 1150 734 consimilia

148 756 287 783 beneficia
311 760 381 783 ante
402 757 561 783 concilium
586 757 721 789 generale
741 757 919 788 obtinuerat,
943 764 1064 789 quorum
1089 764 1152 781 om-

124 836 130 838 >
149 804 229 831 nium
253 808 412 839 proventus
438 805 561 838 triginta
583 805 965 832 librarum.'I‘uronensium
989 805 1150 831 valentiam

149 862 203 880 nou
221 853 412 886 excedebant,
429 868 458 871 —
472 853 573 880 «dieta
588 854 730 880 beneficia
741 854 903 887 resiguanti
915 857 941 879 et
956 853 1152 879 satissavivnti

148 909 162 926 1)
182 901 217 928 (10
240 901 432 935 proventibus
455 910 489 928 ex
515 901 666 928 beneficiis
690 901 790 928 taliter
809 901 938 928 obtentis
962 901 1105 935 perceptis
1127 909 1152 932 1),

149 950 300 984 provideat
312 950 340 976 in
353 950 553 976 eeclesiastico
562 950 703 977 beneficio
716 950 911 984 competenti:
925 950 998 983 quod
1010 949 1151 983 1110511115-

752 552 872 582 Latrau,
889 552 904 577 3
920 551 983 584 juin
1003 550 1079 576 1238.

149 998 276 1024 factione
290 998 500 1032 jamdictorum
523 1002 718 1032 proventuum
739 998 800 1032 ipse
821 998 1058 1031 areltiepisvoluts
1077 1006 1153 1023 reee-

148 1046 222 1080 perit
236 1046 381 1073 abeodem
397 1049 517 1079 rectore,
527 1049 679 1073 conservet
691 1046 720 1072 in
731 1047 838 1073 Terrae
852 1045 1151 1073 Sanctaesubsiclium

148 1095 424 1127 transmittendum,
442 1095 631 1129 praescriptis
645 1095 795 1121 benefieiis
812 1095 1008 1121 nihilominus
1023 1095 1153 1128 personis

148 1144 261 1170 idoneis
278 1152 329 1178 per
342 1153 389 1170 eos
404 1144 440 1170 ad
454 1152 525 1178 quos
541 1143 720 1177 pertineant„
738 1143 934 1169 conferendis.
957 1158 987 1161 —-
1005 1144 1091 1173 (1100..
1109 1143 1152 1174 19,

149 1192 214 1219 1126
229 1197 271 1223 1’”;
286 1201 356 1218 ann.
374 1193 442 1224 XII,
456 1201 481 1218 0.
500 1192 566 1223 135;
585 1207 616 1210 -
633 1191 860 1223 Moneo-1192,
879 1193 898 1218 f.
915 1191 972 1222 91.)

189 1306 201 1319 «
229 1316 247 1321 ..
271 1294 494 1331 archiepiscopo
516 1293 757 1330 Rolhomayensi,
781 1291 950 1321 Accedens
973 1292 1012 1321 ad
1037 1292 1155 1322 Sedent

147 1363 195 1375 —.
216 1346 289 1375 Dat.
309 1345 475 1380 Laterani,
501 1346 551 1375 ΙΙΙ
571 1354 675 1375 nonas
688 1345 788 1384 junii,
806 1353 893 1374 anno
915 1344 1119 1374 duodecimo.
1139 1357 1152 1370 n

217 1523 336 1551 4394
755 1523 878 1555 Lat-ran,
892 1523 906 1549 4
922 1523 986 1557 juin
1005 1523 1082 1549 1238.

182 1586 413 1620 Areliiepiscopo
426 1585 593 1612 Gueznensi
608 1585 742 1612 coneedit
756 1589 788 1612 ut
804 1593 854 1619 per
871 1585 1074 1613 Guezuensem
1093 1593 1155 1618 pro-

148 1634 278 1662 vinciam
300 1638 369 1661 ante
388 1642 418 1660 se
437 1633 544 1660 deferri
562 1634 652 1660 iaciat
668 1634 786 1667 signum
806 1633 912 1662 crucis,
935 1633 991 1659 uisi
1006 1642 1071 1659 eum
1090 1633 1156 1667 quis

148 1684 236 1710 fuerit
264 1684 294 1710 in
320 1683 445 1710 Polonia
468 1683 658 1718 Apostolicae
682 1683 767 1709 Sedis
793 1684 905 1717 legatus
919 1683 1108 1709 constitutus.
1124 1698 1155 1700 —

149 1733 235 1765 (Rae.
253 1732 297 1764 19,
313 1734 333 1759 f.
357 1732 390 1759 27
412 1736 449 1764 ¹¹⁰3
467 1741 536 1759 ann.
554 1732 622 1765 XII,
639 1742 664 1758 c.
688 1732 754 1763 136;
770 1747 801 1750 —-
818 1732 951 1759 Mor-teau
971 1732 1050 1764 1192,
1071 1734 1090 1758 f.
1111 1731 1155 1764 96,

153 1789 188 1807 ex
205 1781 384 1808 RAYxALno:
400 1795 431 1798 —
446 1781 603 1807 Porrfflsr
615 1780 726 1811 10612.)

191 1894 204 1907 «
231 1904 250 1910 ..
275 1882 498 1919 archiepiscopo
522 1881 704 1910 Gneznensi.
731 1880 953 1910 Considerans
980 1881 1158 1918 diligenter

150 1934 237 1972 quod
257 1951 305 1963 —.
329 1935 403 1964 Dat.
426 1934 594 1969 Laterani,
621 1934 653 1963 ΙΙ
675 1942 780 1963 nonas
798 1933 902 1972 junii.
925 1943 1011 1963 anno
1035 1933 1158 1963 duode-

151 1995 248 2017 cimo.
271 1999 283 2012 n

221 2159 340 2187 4385
761 2158 881 2191 Latratu,
898 2159 913 2184 4
925 2158 989 2191 Juin
1009 2158 1086 2185 1-238.

189 2222 284 2250 Priori
316 2221 418 2248 Sancti
444 2220 574 2247 Victoris
600 2219 777 2246 Parisiensis
805 2219 907 2246 scribit
929 2220 964 2245 de
989 2220 1159 2253 quaestione

151 2274 233 2298 mota
247 2271 324 2297 iuter
343 2270 513 2304 episcopum
531 2268 742 2300 Parisiensem,
764 2276 799 2294 ex
821 2276 879 2294 una
894 2271 986 2301 parte,
1006 2271 1033 2294 et
1051 2269 1160 2302 magis—

154 2323 212 2347 tros
232 2320 437 2352 seliolaresque
459 2317 653 2349 Parisienses,
677 2316 737 2350 qui,
760 2319 914 2350 praetextu
937 2317 1091 2350 cujusdam
1113 2317 1160 2343 iu-

154 2368 324 2401 dulgentiae
343 2366 531 2400 apostolieae,
553 2365 780 2392 constitutiones
796 2365 936 2398 quasdam
957 2365 1111 2392 ediderant
1129 2366 1158 2391 in

154 2417 374 2444 enervationem
392 2414 609 2449 jurisdictionis
632 2413 774 2447 praedicti
795 2413 934 2447 episcopi.
951 2422 986 2439 ex
1002 2415 1112 2443 altera:
1134 2414 1159 2440 ei

156 2466 275 2493 mandat
293 2468 437 2499 quatenus
458 2463 572 2490 eosdem
591 2462 773 2496 episcopum,
792 2461 945 2495 magistros
966 2467 990 2488 et
1015 2463 1161 2489 scholares

153 2515 190 2541 ad
213 2513 398 2540 concordiam
420 2512 537 2539 studeat
558 2519 712 2541 rev‹)eare;
734 2510 882 2544 alioquin,
906 2510 1037 2544 inspecta
1061 2511 1162 2537 indul-

154 2563 252 2597 gentia
270 2563 305 2589 tle
319 2570 375 2596 qua
391 2561 542 2595 agebatur,
558 2559 686 2585 rationes
700 2559 829 2592 partium
846 2559 874 2585 in
897 2559 1015 2593 scriptis
1030 2560 1162 2586 redactas

155 2612 192 2638 ad
216 2612 322 2639 Setlem
346 2610 546 2644 Apostolieam
571 2608 766 2635 transmittat.
795 2622 824 2625 —
852 2608 938 2637 (Rau.
961 2608 1004 2639 19,
1029 2609 1049 2633 i.
1069 2608 1102 2634 ΞΤ
1125 2612 1162 2636 r‘':

155 2669 225 2688 ann.
252 2660 320 2691 xil,
339 2668 364 2685 0.
386 2659 453 2689 137;
481 2673 512 2675 —
537 2658 670 2684 Demi-*LE
695 2661 719 2682 et
747 2656 931 2687 (museus,
950 2656 1163 2682 chartularium

158 2708 350 2735 Unum-sitatis
367 2707 541 2738 Parii-tensis,
559 2709 580 2731 t.
599 2706 608 2731 I
626 2704 728 2736 (1889).
744 2712 771 2738 p.
788 2703 848 2735 166,
865 2707 893 2729 n⁰
907 2704 980 2730 121.)

199 2822 212 2836 «
228 2832 247 2838 ..
263 2810 364 2847 priori
377 2808 482 2838 Sancti
499 2806 624 2835 Victoris
635 2805 832 2834 Parisionsis.
849 2804 1058 2833 Transmissa
1070 2804 1166 2834 nohis

160 2861 362 2893 venerabilis
386 2860 499 2890 fratris
523 2858 628 2889 nostri
652 2881 671 2887 ..
697 2857 900 2888 Parisiensis
921 2857 1065 2895 episcopi
1090 2866 1168 2887 con-

160 2914 291 2954 questio
306 2913 460 2953 patefecit
475 2911 562 2951 quod
574 2909 725 2949 magistri
742 2914 772 2939 et
787 2909 930 2939 scolares
947 2909 1166 2946 parisienses,

1237 329 1383 363 pretextu
1399 325 1569 364 cujusdam
1585 325 1790 363 indulgentie
1803 334 1900 364 quam
1918 334 1935 354 a
1952 324 2034 355 Sede
2051 323 2239 362 Apostolica

1236 386 1270 408 se
1293 378 1478 408 obtinuisse
1503 383 1699 416 proponunt,
1725 382 1758 407 ut
1786 377 1937 407 videlicet
1960 377 2089 415 privare
2112 376 2239 414 possint

1237 430 1396 460 beneficio
1408 431 1576 460 societatis
1593 440 1650 460 sue
1667 440 1721 460 eos
1739 430 1794 469 qui
1808 429 2062 459 rationabilibus
2078 429 2236 458 constitu-

1237 482 1383 512 tionibus
1394 483 1701 513 etordinationilms
1713 483 1782 512 suis
1792 481 2237 521 presumpserintcontraire.

1236 535 1307 573 ipso
1333 535 1536 574 irrequisito,
1564 536 1620 574 qui
1648 535 1773 574 requiri
1798 535 1891 565 debet
1911 535 2053 573 dejure,
2079 534 2242 563 constitu-

1237 588 1342 618 tiones
1372 588 1531 626 quasdam
1565 589 1597 617 in
1631 597 1689 618 5110
1717 587 1962 627 jurisdictionis
1994 587 2240 617 enervationem

1235 640 1344 670 facere
1362 645 1631 679 presumpserunt
1647 651 1652 670 :
1672 645 1702 670 et
1720 641 1747 669 si
1767 640 1897 678 quando
1914 639 2011 669 idem.
2032 639 2153 669 utendo
2166 639 2240 678 jure

1237 702 1306 729 suo,
1325 694 1373 723 eis
1394 703 1428 723 se
1449 694 1525 723 velit
1541 703 1704 732 opponere
1726 694 1759 722 in
1777 693 1837 722 hae
1855 698 1956 731 parte.
1979 693 2042 730 ipsi
2065 692 2240 729 magistros

1236 750 1267 775 et
1284 746 1426 776 scolares
1442 746 1634 776 obedientes
1655 746 1760 776 eidem
1784 750 1973 783 supponunt
1992 745 2142 783 protinus
2160 745 2240 773 ban-

1238 799 1288 828 015
1313 799 1394 828 suis.
1415 799 1553 835 Quidam
1580 799 1679 829 etiam
1707 798 1855 835 magistri
1879 803 1909 827 et
1930 797 2084 829 scolares.
2108 797 2240 835 propria

1236 851 1327 881 lucra
1349 855 1512 881 sectantes
1536 856 1565 881 et
1591 851 1794 881 studentium
1815 851 2016 889 profectibus
2040 850 2239 886 invidentes,

1238 904 1307 934 fieri
1335 908 1511 942 procurant
1535 903 1763 934 conventicula
1790 904 1938 937 insueta,
1963 903 2134 932 occasione
2159 911 2237 941 quo-

1237 966 1309 985 rum
1341 956 1552 986 interdicitur
1578 956 1723 986 studium
1754 961 1785 985 et
1811 955 2037 994 jurisdictioni
2067 964 2125 984 sue
2153 955 2239 984 circa

1237 1009 1412 1047 magistros
1436 1014 1466 1038 et
1489 1008 1633 1038 scolares
1657 1017 1720 1038 non
1746 1008 1910 1037 modicum
1935 1008 2120 1037 detrahitur
2148 1012 2241 1037 ante-

1237 1062 1352 1091 dictos.
1370 1063 1534 1095 Preterea,
1552 1070 1624 1090 cum
1647 1061 1745 1090 idem.
1764 1060 1961 1090 cancellaria
1982 1060 2162 1090 Parisiensi
2184 1069 2241 1089 va-

1238 1120 1342 1149 cante,
1357 1115 1399 1144 511
1416 1115 1450 1144 10
1468 1115 1676 1153 possessione
1691 1113 1740 1143 vel
1757 1114 1852 1152 quasi
1866 1113 2060 1143 licentiandi
2073 1117 2241 1151 provectos

1238 1168 1277 1196 ad
1294 1168 1437 1197 officium
1458 1167 1684 1204 magistratus,
1702 1167 1821 1204 prefati
1838 1166 1998 1203 magistri.
2017 1166 2046 1195 ei
2065 1175 2163 1203 super
2182 1165 2241 1195 1100

1238 1229 1272 1250 50
1299 1220 1445 1250 indebite
1469 1224 1681 1258 opponentes,
1709 1219 1867 1257 quosdam
1893 1218 2034 1248 scolares
2061 1218 2243 1247 rationabi-

1237 1273 1313 1303 liter
1328 1273 1516 1302 licentiatos
1540 1272 1580 1302 ab
1603 1272 1685 1310 ipso.
1705 1272 1743 1302 ad
1762 1271 1944 1301 docendum
1969 1280 2024 1309 pro
2045 1279 2103 1300 sue
2127 1270 2244 1300 volun-

1238 1327 1315 1356 tatis
1332 1326 1470 1355 arbitrio
1485 1334 1548 1355 non
1564 1325 1753 1359 admittunt,
1767 1324 1910 1354 scolares
1921 1333 1998 1354 suos
2011 1323 2244 1353 subtrahentes

1238 1379 1362 1413 eidemg
1396 1388 1431 1408 ac
1464 1378 1601 1416 insuper
1628 1377 1770 1407 scolares
1802 1378 1890 1415 ipsos
1922 1381 1952 1406 et
1978 1377 2153 1413 magistros
2183 1375 2244 1405 suh

1239 1432 1360 1470 quibus
1384 1431 1550 1461 licentiat-i
1573 1431 1768 1468 inceperunt
1791 1430 1939 1468 predicti,
1963 1438 1980 1458 a
2005 1429 2160 1459 societate
2184 1437 2244 1458 sua

1240 1484 1427 1518 excludunt.
1455 1484 1488 1513 in
1516 1484 1586 1522 ejus
1613 1483 1834 1522 prejudicium
1862 1487 1892 1512 et
1919 1490 2116 1519 gravamen3
2148 1480 2242 1510 alias.

1240 1537 1404 1568 abutendo
1420 1536 1628 1574 indulgentia
1643 1541 1832 1570 memorata,
1850 1535 2005 1574 injuriosi
2022 1534 2199 1564 existentes
2214 1533 2244 1563 ei

1240 1590 1420 1629 plurimum
1433 1594 1463 1620 et
1475 1589 1605 1620 molesti
1619 1607 1667 1618 —.
1683 1589 1879 1618 Mandamus
1891 1592 2064 1626 quatenus,
2080 1587 2243 1624 episcopo,

1240 1644 1409 1681 magistris
1426 1648 1457 1673 et
1475 1642 1659 1672 scolaribus
1680 1641 1856 1671 antedictis
1874 1640 1914 1670 ad
1933 1645 2020 1670 tuam
2043 1639 2245 1677 presentiam

1241 1696 1396 1727 evocatis.
1414 1696 1503 1733 ipsos
1520 1695 1558 1725 de
1567 1694 1676 1733 plano,
1694 1692 2184 1732 absquejudiciorumstrepitu,
2206 1691 2245 1721 ad

1241 1749 1448 1779 concordiam
1463 1748 1596 1778 studeas
1611 1756 1776 1777 revocare.
1794 1745 1963 1784 Alioquin,
1979 1745 2127 1783 inspecta
2140 1743 2247 1773 indul-

1241 1803 1363 1840 gentia,
1383 1802 1520 1840 siquam
1534 1800 1667 1830 habent.
1686 1804 1717 1829 et
1734 1799 1856 1829 auditis
1875 1799 2050 1836 utriusque
2069 1798 2171 1835 partis
2192 1807 2246 1827 ra-

1241 1855 1388 1884 tionibus
1407 1859 1435 1884 01
1455 1853 1587 1892 plenius
1611 1852 1800 1882 intellectis.
1821 1860 1876 1881 eas
1896 1850 2037 1880 fideliter
2059 1850 2092 1878 in
2113 1849 2245 1887 scriptis

1242 1908 1410 1937 redactas¹
1427 1906 1487 1936 sub
1502 1905 1612 1944 sigillo
1627 1910 1681 1934 tuo
1696 1905 1791 1934 nobis
1807 1904 1973 1933 destinare
1987 1912 2152 1941 procures.
2172 1903 2244 1931 Dat.

1241 1965 1275 1990 ut
1293 1968 1403 1998 supra.
1424 1972 1435 1985 ›>

1312 2144 1430 2172 4396

1279 2207 1396 2233 Dec-auo
1409 2209 1437 2232 et
1453 2205 1583 2239 capitulo
1598 2204 1808 2231 Leodiensibus
1822 2203 1968 2237 significat
1985 2212 2014 2229 se
2027 2202 2182 2229 arbitrium
2201 2201 2247 2228 111-

1839 2143 1958 2174 Latran,
1972 2141 2007 2168 ΞΟ
2021 2142 2079 2167 mai
2096 2141 2174 2167 1238.

1244 2258 1287 2282 ter
1302 2255 1389 2289 ipsos,
1403 2263 1438 2281 ex
1455 2262 1511 2280 una
1529 2258 1620 2288 parte,
1638 2257 1666 2279 et
1686 2253 1854 2287 episcopum
1874 2252 2077 2279 Leodiensem.
2095 2259 2129 2277 ex
2143 2251 2246 2282 altera,

1243 2312 1330 2338 super
1344 2303 1470 2330 diversis
1487 2302 1622 2329 articulis
1638 2302 1743 2331 latum,
1763 2316 1797 2318 —
1817 2304 1951 2327 revocato
1967 2304 2076 2327 statuto
2092 2300 2128 2326 ab
2145 2299 2244 2325 eodem

1243 2353 1379 2386 episeopo
1398 2352 1428 2378 in
1445 2352 1574 2385 ipsorum
1597 2350 1810 2384 praejudicium
1829 2349 1918 2381 edito,
1935 2358 1969 2375 ex
1989 2357 2045 2383 quo
2065 2352 2142 2375 certa
2160 2356 2247 2382 pecu-

1244 2402 1311 2428 niae
1329 2409 1445 2428 sumnia
1463 2401 1498 2427 de
1519 2400 1603 2426 rebus
1619 2399 1744 2433 singulis
1756 2398 1911 2424 venalibus
1928 2397 2060 2424 civitatis
2077 2396 2247 2423 Lcodiensis

1244 2450 1353 2483 absque
1362 2449 1486 2483 capituli
1499 2456 1619 2474 assensu
1630 2447 1813 2479 exigebatur,
1826 2448 2048 2473 -001111111101-0.
2063 2461 2093 2463 -
2106 2445 2247 2477 (110519.

1246 2498 1363 2529 r.‘271·“;
1380 2506 1450 2524 auu.
1465 2498 1532 2524 xll.
1550 2506 1574 2523 0.
1593 2496 1666 2526 138.)

1288 2611 1300 2625 (t
1317 2621 1336 2627 ..
1353 2599 1500 2627 ‹Iccanoel
1517 2598 1652 2634 capitulo
1667 2595 1911 2634 Leodien[sib11s].
1930 2595 1976 2624 Ea
1991 2603 2053 2632 que
2065 2593 2190 2632 judit-io
2200 2610 2248 2621 -.

1247 2652 1293 2681 Ex
1310 2655 1400 2689 parte
1417 2650 1582 2688 siquidem
1602 2653 1710 2678 vestra
1727 2648 1789 2677 fuit
1810 2647 2013 2685 propositum
2030 2655 2137 2675 coram
2156 2645 2250 2675 nobis

1248 2703 1345 2742 quod,
1374 2712 1448 2732 cum
1477 2701 1589 2731 nullus
1614 2701 1652 2730 de
1678 2700 1775 2730 rebus
1801 2699 1974 2729 venalibus
2001 2698 2145 2728 civitatis
2171 2699 2252 2727 Leo-

1248 2756 1374 2787 diensis
1403 2756 1526 2794 absque
1554 2759 1662 2784 vestro
1689 2761 1828 2782 assensu
1855 2756 1884 2781 et
1915 2751 2108 2781 auctoritate
2137 2749 2251 2780 debeat

1284 2875 1303 2899 1.
1323 2877 1372 2898 Ms.
1389 2883 1396 2898 .-
1417 2874 1545 2898 redactis.
1561 2886 1590 2890 —
1606 2872 1731 2896 Des-tur:
1749 2875 1774 2895 et
1795 2870 1955 2894 Camenam
1977 2872 2025 2892 ont
2045 2869 2116 2891 suivi
2132 2869 2156 2891 la
2174 2868 2252 2897 1ος011

1252 2919 1288 2942 (111
1303 2920 1437 2948 Reqistre.
