2423 3487
127 273 183 303 327
851 261 1090 294 REGisTREs
1112 260 1168 290 DE
1190 253 1413 292 GREGOIRE
1436 263 1495 292 1x.
2165 259 2224 291 328

164 338 206 364 32.
226 337 381 370 Proprium
396 337 493 361 autem
509 333 707 364 intelligimus
723 330 853 363 qm'cquid
868 329 1135 360 itlwlsit,sircp‹1r-

131 395 203 415 rwn,
220 387 274 410 sire
291 391 434 415 massalem.
451 383 504 405 sire
522 382 581 410 vile,
600 382 653 405 sim:
668 387 781 406 carum,
799 379 960 405 secundum
981 377 1052 409 quod
1069 376 1136 401 dicit

130 435 220 459 bantus
238 432 392 458 llivivdiclns
410 432 437 455 ιἰι
456 430 564 461 Πορκία.
583 428 640 455 Sed
658 436 750 462 neque
763 429 904 455 nzntuam,
922 433 1005 458 neque
1021 431 1136 449 cummo-

128 483 234 510 ιΙαΙιιυι,
254 488 337 512 neque
352 479 514 511 depositum,
533 484 616 508 neque
639 477 756 500 loentum
774 474 883 507 aliquid
897 474 1018 501 omnino
1034 480 1137 499 mona-

130 532 201 557 chus
217 530 265 555 vel
281 535 438 554 conversus
453 526 572 552 nomine
586 534 636 551 suo
653 524 792 558 recipiat.
813 532 864 550 nec
881 523 970 549 etiam
989 523 1137 548 monaste-

130 579 166 606 rii
181 578 310 609 nomine,
326 576 383 602 nisi
400 576 436 601 de
451 575 567 601 abbatis
584 575 631 600 vel
648 576 810 600 conventus
828 572 949 599 licentia
965 569 1099 605 speciali,
1114 571 1138 594 ct

130 630 158 653 in
175 627 280 652 casibus
294 634 308 650 α
318 627 384 657 jure
395 625 533 650 concess-iv,

127 694 136 698 -
164 675 207 702 33.
230 676 293 709 Ipse
308 676 406 701 antem
426 673 516 700 abbas
534 673 583 699 det
603 671 739 705 singulis,
758 673 841 705 prout
862 660 968 703 ruique
983 676 1054 702 opus
1071 668 1137 699 erit,

129 728 161 752 ut
178 733 234 751 non
251 724 288 750 sit
308 730 496 757 personarum
514 721 656 754 acceptio,
674 720 722 746 sed
741 719 950 745 infirmitatum
970 717 1138 744 considera-

129 774 171 801 tio
187 773 339 799 habeatur.

164 820 207 848 34.
226 821 302 848 Illud
320 828 433 854 qnoque
455 819 614 844 ‹listi-trtius
633 818 799 848 inlzi'br‘niiix,
821 825 857 843 ne
879 816 945 849 quis
964 815 1053 842 abbas
1069 822 1139 840 con-

130 869 290 903 sanguineo
304 877 364 895 sno.
385 867 481 901 egenti
498 868 544 893 vel
560 875 616 893 non
639 866 751 900 egenti.
770 865 936 891 immobilia
951 863 1073 890 ecclesie
1089 871 1140 889 sue

131 917 281 949 concedat,
299 925 351 943 nec
368 916 458 942 etiam
473 915 570 942 donet.
585 915 642 941 nisi
657 914 737 946 sorte.
756 915 780 938 si
794 919 899 946 pauper·
914 913 1021 944 s'nerit5
1036 913 1058 935 et
1076 913 1140 935 [unc

129 969 200 992 sicut
215 967 268 991 atii
281 966 399 998 pauperi
415 965 528 998 aliquid
551 964 700 990 modicum
717 963 838 989 nomine
854 961 1013 988 elemosine
1032 960 1140 993 largia-

130 1019 192 1047 tur:
210 1017 236 1042 et
252 1015 301 1049 qui
320 1016 420 1040 contra
437 1012 662 1047 presumpserit,
680 1012 716 1038 ab
734 1011 834 1038 eadem
854 1012 1027 1037 amoveatur
1046 1009 1141 1035 eccle-

131 1065 188 1096 sia;
206 1063 353 1098 prioribus
369 1065 396 1089 et
410 1061 596 1092 officialibus,
613 1061 637 1087 si
656 1069 702 1087 eos
716 1059 787 1087 talia
802 1058 986 1086 commisisse
999 1057 1140 1084 constite-

131 1113 181 1142 rit,
195 1120 212 1137 α
229 1113 292 1137 loeis
307 1112 366 1136 suis
381 1113 403 1135 et
421 1110 518 1142 officiis
534 1118 650 1144 prorsus
666 1108 782 1141 amotis,
805 1110 831 1134 et
848 1107 937 1134 alias.
956 1108 1041 1141 prout
1056 1105 1141 1139 culpe

131 1161 260 1196 qualitas
274 1159 418 1193 exegerit,
433 1158 564 1191 graviter
578 1157 747 1192 puniendis.

165 1209 210 1236 35.
228 1208 375 1240 Claustri,
397 1206 546 1234 refectorii
558 1228 564 1236 ,
581 1205 764 1237 dormitorii,
781 1207 804 1230 et
823 1204 1000 1236 infirmitorii
1016 1206 1042 1230 et
1059 1202 1141 1229 chori

131 1257 265 1285 custodia
281 1256 368 1283 certis
383 1256 589 1282 committatur
605 1254 747 1288 personis,
766 1257 793 1280 et
810 1254 893 1280 nulla,
909 1252 1017 1279 mulier
1030 1252 1142 1277 omnino

131 1307 323 1342 permittatur
338 1306 458 1333 intrare.
479 1305 537 1331 nisi
563 1306 635 1330 forte
658 1304 689 1330 in
710 1302 980 1330 consecrationibus
1002 1301 1142 1328 ecclesia-

131 1365 195 1382 rum
221 1358 247 1382 et
268 1354 401 1389 exequiis
418 1356 599 1380 mortuorum
621 1352 737 1386 aliquas
759 1351 887 1375 mulieres
907 1358 957 1384 per
979 1350 1140 1376 claustrum

130 1405 178 1431 vel
201 1405 320 1430 chorum
345 1402 471 1429 transire
496 1401 665 1433 contingam
687 1400 818 1434 exceptis
836 1398 986 1425 nobilibus
1011 1406 1066 1432 que
1090 1406 1142 1432 pa-

131 1455 215 1479 trone
231 1454 298 1478 sunt
317 1451 506 1478 monasterii.
523 1451 570 1477 vel
587 1450 656 1477 aliis
678 1449 828 1476 nobilibus
849 1448 955 1482 quibus
976 1448 1040 1474 sine
1060 1447 1143 1481 gravi

132 1501 271 1528 scandalo
285 1509 342 1526 non
358 1501 442 1532 possit
458 1499 597 1525 introitus
613 1498 766 1532 denegari:
784 1501 810 1524 et
832 1497 942 1524 eisdem
960 1496 1048 1523 certis
1065 1496 1143 1522 horis

135 1552 161 1577 et
178 1548 360 1583 temporibus
377 1548 482 1582 poterit
500 1547 648 1579 ingressus
664 1547 700 1573 ab
716 1546 821 1573 abbate
837 1545 884 1571 vel
899 1545 994 1579 priore
1011 1543 1141 1571 concedi.

134 1598 218 1629 Quod
240 1597 263 1623 si
288 1598 388 1623 contra
411 1597 464 1622 ho(-
485 1598 691 1629 presumptum
713 1594 812 1621 fuerit.
837 1593 971 1620 officialis
994 1601 1045 1626 per
1061 1592 1144 1625 cujus

133 1647 242 1673 ostium
270 1645 377 1671 mulier
402 1644 579 1672 intraverit.
606 1643 695 1670 abbas
718 1651 831 1677 quoque
853 1643 900 1668 vel
928 1641 1017 1676 prior.
1043 1641 1067 1667 si
1091 1641 1145 1667 hoc

135 1695 198 1722 fieri
219 1694 423 1723 mandaverit,
438 1701 551 1720 SEPTEM
568 1700 672 1719 [neers
686 1700 737 1725 pro
751 1691 882 1725 qualibet
897 1690 963 1717 viee
978 1690 1008 1716 in
1026 1698 1101 1724 pane
1117 1691 1143 1716 et

134 1753 209 1778 aqua
225 1744 347 1777 jejunet.

169 1937 214 1964 36.
229 1937 358 1964 Abbates
374 1937 422 1963 vel
438 1936 559 1970 priores,
577 1936 601 1962 si
618 1935 780 1962 servientes
797 1935 942 1960 seculares
955 1941 1052 1960 secum
1070 1933 1146 1965 equi-

136 1989 222 2012 tantes
239 1986 366 2015 habeant,
384 1992 438 2010 non
455 1985 571 2009 habeant
589 1984 778 2011 adolescentes.
799 1990 850 2008 non
875 1982 990 2012 nobiles,
1012 1989 1066 2008 non
1081 1989 1147 2007 eon-

135 2036 315 2067 sanquinem,
334 2041 380 2058 nec
397 2033 507 2058 indulos
525 2033 640 2058 restibus
659 2033 788 2063 rimatis,
814 2034 861 2056 ant
884 2031 1022 2063 arqentois
1038 2030 1148 2056 nodutis

135 2084 252 2110 ornatis,
276 2083 313 2108 zwt
336 2082 459 2115 partilis,
484 2082 524 2106 rel
547 2081 684 2106 vir-idibus
703 2083 751 2105 aut
773 2080 874 2110 rubeis,
898 2079 942 2105 sed
967 2082 1096 2106 maturos
1120 2081 1148 2105 et

136 2133 282 2163 honestos,
298 2134 324 2157 et
341 2131 418 2155 nulle
433 2130 612 2154 dissolutione
633 2129 778 2155 notabiles:
800 2129 849 2161 qui
864 2136 911 2153 nec
928 2128 1043 2153 habeant
1058 2128 1147 2160 capet-

102 2201 104 2204 .
138 2180 195 2205 lum
210 2179 241 2203 lle
256 2178 370 2211 floribus
388 2178 425 2202 rel
441 2177 517 2209 fote'ix
539 2179 567 2202 ili
589 2177 713 2202 domibus
731 2177 879 2209 religiosis,
898 2177 937 2202 vpl
962 2177 991 2201 in
1010 2177 1148 2208 presentia

138 2228 346 2259 retigsiosornm,
364 2234 447 2258 neque
463 2233 558 2256 canes,
580 2231 663 2257 neque
680 2233 739 2250 aves
757 2225 916 2255 venaticias,
935 2232 1019 2257 neque
1034 2232 1148 2256 scaccos,

139 2276 212 2301 aleas
227 2275 267 2300 vel
281 2275 401 2300 taxilles.

173 2323 217 2350 37.
234 2323 380 2349 Volumus
393 2330 507 2356 quoque
523 2324 551 2348 ct
569 2322 745 2348 mandamus
762 2324 793 2348 ut
810 2321 840 2348 in
855 2321 986 2355 quolibet
1004 2324 1149 2348 monaste-

138 2372 181 2399 rio
197 2373 244 2399 vel
261 2371 402 2405 prioratu,
419 2370 519 2399 abbas.
538 2370 626 2404 prior,
644 2378 697 2397 SEU
711 2378 775 2397 Locl
792 2377 983 2402 mocessxns,
998 2378 1029 2396 lx
1045 2379 1149 2397 NEGLI-

139 2429 247 2447 GENTtA
259 2427 479 2452 PREDICTORL'M,
493 2421 553 2451 aut,
566 2419 639 2453 ipsis
651 2418 844 2451 cessantibus,
855 2418 1022 2445 visitatores
1037 2418 1086 2452 qui
1098 2427 1149 2453 pro

139 2472 270 2503 tempore
285 2468 406 2500 fuerint,
421 2467 583 2494 secundum
601 2467 831 2501 possibilitatem
848 2468 977 2493 locorum
992 2467 1150 2501 hospitali-

140 2520 231 2544 tatem
249 2517 385 2543 ordinent
403 2518 425 2541 ct
441 2516 618 2542 elemosinas
634 2516 795 2543 faciendas.
811 2518 888 2542 certo
905 2515 1032 2550 hospitio
1052 2516 1088 2543 ad
1104 2524 1150 2543 re-

140 2566 291 2600 cipiendos
305 2573 447 2599 pauperes
463 2567 491 2591 et
511 2565 584 2591 alios
601 2564 741 2598 hospites,
761 2566 789 2591 et
811 2564 947 2591 ministro
968 2564 1082 2597 idoneo,
1101 2565 1150 2599 qui

141 2615 183 2642 eis
197 2614 355 2646 deserviat,
370 2613 537 2647 deputatis,
555 2617 594 2646 et,
618 2613 643 2640 si
661 2612 751 2640 alictii
774 2613 897 2645 reliyiose
918 2620 1028 2645 persone
1052 2614 1151 2648 hospi—

141 2663 216 2690 tium
232 2666 370 2695 negatum
389 2662 488 2690 fuerit.
506 2662 556 2696 qui
574 2662 701 2696 hospitio
715 2662 872 2696 deputatus
886 2664 956 2688 tnnc
973 2662 1073 2689 fuerit.
1088 2670 1152 2689 ser-

140 2720 199 2738 ΤΕΜ
215 2711 318 2737 (liebus
334 2711 446 2744 jejunet
463 2710 492 2736 in
511 2719 586 2744 panc
602 2713 628 2737 ct
643 2719 728 2744 aqua.

177 2759 221 2786 38.
258 2759 430 2786 Inhibemus
455 2767 515 2784 vero
529 2781 534 2788 .
566 2759 619 2786 sub
652 2759 896 2786 interminatione
930 2759 1153 2793 dampnationis

144 2811 253 2841 eterne,
271 2817 306 2834 ne
323 2808 517 2842 possessiones
531 2810 579 2834 aut
597 2808 730 2835 redditus
746 2808 781 2835 ad
796 2807 1000 2840 elemosinam,
1014 2808 1077 2834 sive
1090 2809 1152 2836 hos—

143 2857 325 2891 pitalitatem
347 2857 395 2883 vel
417 2857 611 2883 infirmariam
634 2857 766 2891 deputati
788 2857 835 2883 vel
854 2857 966 2884 collati.
985 2856 1022 2883 ab
1041 2857 1151 2883 eisdem

144 2906 246 2932 usibus
263 2905 479 2934 abstrahentem
499 2905 523 2931 si
542 2913 610 2931 vero
629 2906 682 2931 hoc
699 2907 902 2939 presumptum
923 2904 1022 2931 fuerit.
1037 2913 1094 2931 non
1109 2908 1153 2932 te—

1252 327 1295 354 32.
1313 328 1470 363 Proprium
1488 332 1586 356 autem
1604 329 1802 363 intelligimus
1817 328 1978 355 secundum
2001 328 2072 354 beati
2089 327 2226 354 Benedicti

1218 375 1357 408 Reyttlam.
1377 377 1434 404 Sed
1451 386 1544 412 neque
1567 378 1750 409 romodatmn,
1769 384 1853 410 neque
1872 377 2000 407 toz-atum,
2022 383 2107 408 neque
2121 376 2226 408 deposi-

1218 426 1277 449 tum
1293 425 1396 457 aliquis
1412 427 1534 452 omnino
1551 427 1712 453 monachus
1727 426 1775 452 vel
1789 433 1947 452 conversus
1959 424 2078 451 nomine
2091 433 2142 451 suo
2153 424 2226 451 reci-

1218 473 1291 506 piat,
1308 482 1361 500 nec
1377 474 1466 501 etiam
1484 474 1655 501 monasterii
1672 474 1808 506 nomine,
1830 473 1887 500 nisi
1911 473 1946 499 de
1961 473 2077 500 abbatis
2091 473 2140 499 vel
2155 481 2226 500 con-

1218 524 1325 548 ventus
1354 522 1477 549 licentia
1507 523 1629 557 speciali
1642 544 1648 555 ,
1680 522 1724 548 sed
1755 529 1841 554 neque
1874 523 2003 546 mutuum
2037 521 2114 546 ultra
2145 521 2226 546 illam

1219 570 1414 603 quantitatem,
1431 578 1515 603 quam
1534 571 1702 596 ‘moderatam
1722 571 1816 596 tascari
1832 570 1956 595 volumus
1971 576 2019 603 per
2032 569 2187 602 capitulum
2202 570 2227 594 et

1220 617 1352 644 abbatem.

1255 665 1298 692 33.
1318 666 1412 699 [Utin
1432 668 1473 700 A.)

1256 810 1300 838 34.
1325 812 1402 838 Illud
1426 821 1540 846 qnoque
1561 811 1685 837 districte
1705 812 1884 844 precipimus,
1906 820 1942 838 ne
1965 811 2030 845 quis
2051 810 2140 838 abbas
2158 818 2229 837 con—

1221 860 1382 894 sanguineo
1398 869 1459 893 suo,
1475 860 1573 893 egenti
1587 861 1635 887 vel
1651 869 1708 887 non
1725 861 1833 894 egenti,
1851 860 2020 887 immobilia
2039 859 2161 886 ecclesie
2178 867 2229 886 sue

1222 909 1378 941 concedat,
1403 917 1457 935 nec
1477 909 1566 935 etiam
1591 909 1713 935 mobilia
1738 909 1841 940 donet,
1863 908 1920 935 nisi
1942 908 2055 942 aliquid
2079 907 2244 935 modicum·

1223 958 1343 984 nomine
1368 958 1529 985 elemosine
1555 958 1714 992 largiatur;
1738 960 1766 984 et
1790 957 1891 992 quide
1916 957 2102 983 immobilibus
2127 959 2229 984 eontra

1222 1006 1452 1041 presumpserit,
1478 1007 1514 1034 ab
1539 1007 1640 1033 eadem
1668 1008 1840 1033 amoveatur
1865 1005 2005 1038 ecelesia;
2032 1005 2178 1040 prioribus
2202 1006 2231 1032 et

1223 1055 1398 1082 officialibus
1410 1076 1416 1087 ‚
1433 1055 1457 1082 si
1474 1063 1520 1082 eos
1536 1055 1609 1082 talia
1625 1054 1808 1081 commisisse
1827 1054 2010 1087 constiterit,
2032 1053 2065 1079 ab
2080 1053 2232 1079 annninis-

1225 1104 1392 1129 trationibus
1421 1112 1538 1138 prorsus
1567 1104 1689 1136 amotis,
1716 1106 1744 1131 et
1769 1103 1859 1135 alias,
1885 1106 1970 1138 prout
1993 1103 2078 1137 culpe
2102 1102 2232 1137 qualitas

1223 1152 1363 1186 exegerit,
1381 1152 1510 1185 graviter
1526 1152 1696 1186 puniendis.

1259 1200 1302 1228 35.
1319 1201 1460 1233 Claustri,
1478 1201 1636 1234 refectorii,
1651 1201 1818 1228 dormitorii
1831 1203 1859 1228 et
1872 1200 1964 1233 chori,
1979 1200 2090 1233 quando
2101 1201 2233 1225 cantatur

1201 1254 1205 1256 ·
1223 1250 1358 1282 officium,
1371 1249 1504 1276 custodia
1517 1250 1605 1276 certis
1617 1249 1822 1276 committatur
1835 1249 1977 1284 personis,
1992 1251 2020 1276 et
2031 1249 2112 1275 nulla
2126 1247 2234 1274 mulier

1224 1298 1414 1332 permittatur
1430 1298 1541 1325 intrare
1552 1298 1676 1331 predicta
1693 1298 1759 1330 loca,
1776 1305 1860 1330 neque
1873 1297 1996 1326 eliorum,
2012 1296 2121 1329 quando
2135 1297 2233 1322 canta—

1225 1348 1272 1371 tur
1288 1346 1395 1376 ibidem,
1414 1346 1471 1372 nisi
1488 1348 1561 1373 forte
1576 1346 1607 1373 in
1622 1346 1891 1373 consecrationibus
1905 1347 1927 1370 et
1945 1345 2127 1377 indumentiis
2139 1345 2234 1380 eecle—

1224 1395 1347 1427 siarum,
1364 1397 1387 1420 et
1404 1395 1470 1426 sesto
1484 1395 1638 1427 principali
1652 1395 1765 1424 ecclesie,
1784 1397 1812 1421 et
1827 1393 1960 1428 exequiis
1979 1396 2159 1420 mortuorum
2176 1384 2234 1420 ali-

1225 1452 1296 1477 quas
1314 1444 1463 1468 mulierum
1480 1452 1530 1477 per
1544 1445 1705 1470 claustrum
1721 1444 1769 1470 vel
1783 1443 1903 1469 chorum
1921 1442 2048 1469 transire
2063 1441 2232 1475 contingat;

1225 1492 1356 1526 exceptis
1371 1492 1519 1519 nobilibus
1535 1501 1591 1526 que
1606 1495 1728 1526 patrone
1745 1493 1815 1518 sunt
1830 1490 2017 1523 monasterii,
2034 1491 2082 1517 vel
2098 1489 2166 1517 aliis
2181 1497 2234 1516 no-

1225 1541 1336 1568 bilibus
1352 1541 1458 1575 quibus
1474 1541 1538 1567 sine
1553 1541 1635 1574 gravi
1652 1541 1790 1567 scandalo
1807 1549 1864 1567 non
1885 1542 1970 1573 posset
1987 1538 2127 1566 introitus
2144 1537 2234 1565 dene-

1225 1590 1304 1624 ga1·i;
1322 1594 1348 1617 et
1364 1590 1473 1617 eisdem
1489 1590 1577 1617 certis
1591 1590 1670 1617 horis
1681 1592 1708 1616 et
1725 1589 1907 1624 temporibus
1921 1589 2028 1623 poterit
2040 1588 2187 1622 ingressus
2198 1586 2235 1614 ab

1225 1639 1330 1666 abbate
1346 1639 1393 1665 vel
1411 1639 1506 1673 priore
1522 1639 1658 1670 concedi;
1673 1641 1697 1663 et
1713 1638 1797 1664 saluis
1816 1637 1999 1670 inclutae-utils
2014 1643 2097 1669 super
2112 1636 2160 1662 hoc
2174 1642 2235 1662 eer-

1227 1689 1262 1713 tis
1277 1688 1399 1719 personis
1421 1695 1438 1712 a
1459 1686 1523 1713 Sede
1546 1687 1698 1720 Apostoliea
1719 1687 1865 1717 concessis,
1887 1687 1925 1711 ret
1945 1687 2030 1711 etiam
2049 1683 2233 1710 concedendis.

1227 1737 1311 1768 Quod
1331 1736 1355 1763 si
1376 1738 1476 1763 contra
1500 1737 1553 1762 hoc
1576 1739 1781 1770 presumptum
1804 1735 1904 1767 fuerit,
1925 1734 2060 1761 officialis
2082 1742 2132 1768 per
2152 1733 2236 1767 cujus

1226 1785 1333 1811 ostium
1359 1784 1467 1811 mulier
1493 1784 1665 1817 intraverit,
1689 1784 1778 1810 abbas
1806 1791 1919 1817 quoque
1946 1783 1994 1809 vel
2019 1783 2107 1817 prior,
2130 1781 2155 1809 si
2180 1783 2235 1808 hoc

1227 1833 1290 1860 fieri
1316 1833 1520 1865 mandaverit,
1544 1841 1595 1866 pro
1618 1831 1751 1866 qualibet
1774 1832 1840 1859 vice
1867 1831 1898 1858 in
1922 1839 1998 1866 pane
2022 1833 2051 1858 et
2075 1839 2151 1865 aqua
2174 1838 2236 1858 UNA

1228 1891 1276 1909 mn
1291 1882 1414 1916 jejunet.

1262 1930 1306 1957 36.
1323 1930 1454 1957 Abbates
1469 1931 1517 1957 vel
1534 1930 1659 1965 priores,
1676 1931 1700 1957 si
1724 1930 1886 1957 servientes
1906 1930 2052 1957 seculares
2067 1936 2165 1956 seeum
2183 1927 2237 1953 ha-

1229 1979 1339 2005 buerint
1355 1980 1507 2012 equitantes
1519 1979 1550 2004 de
1561 1980 1677 2012 propria
1692 1979 1732 2005 vet
1747 1980 1880 2004 continua
1894 1978 2018 2010 familia,
2035 1984 2089 2003 non
2104 1977 2162 2002 nisi
2177 1984 2238 2004 ma-

1229 2030 1309 2054 turos
1323 2027 1440 2053 habeant
1456 2031 1483 2054 et
1499 2029 1645 2059 honestos,
1662 2030 1691 2054 et
1706 2028 1736 2053 in
1752 2027 1850 2053 habitu
1865 2034 1919 2052 non
1937 2027 2045 2052 lascivo.

1264 2321 1309 2349 37,
1326 2323 1473 2349 Volumus
1489 2330 1602 2356 quoque
1617 2325 1645 2349 et
1663 2321 1839 2349 mandamus
1854 2324 1886 2349 ut
1900 2321 1931 2348 in
1946 2320 2077 2355 quolibet
2093 2323 2239 2348 monaste-

1230 2371 1273 2398 rio
1286 2371 1335 2397 vel
1350 2371 1492 2405 prioratu,
1507 2370 1596 2398 abbas
1610 2371 1649 2396 vel
1665 2370 1754 2405 prior,
1768 2373 1829 2403 aut,
1845 2370 1917 2405 ipsis
1930 2369 2123 2403 cessantibus,
2135 2369 2239 2397 visita-

1230 2423 1307 2446 tores
1323 2419 1372 2453 qui
1388 2427 1438 2453 pro
1454 2421 1585 2454 tempore
1598 2419 1720 2452 fuerint,
1737 2419 1899 2447 secundum
1918 2418 2147 2453 possibilitatem
2161 2419 2240 2445 loco-

1230 2475 1295 2494 rum
1315 2467 1550 2502 hospitalitatem
1571 2467 1710 2494 ordinent
1728 2467 1763 2493 acl
1785 2467 1961 2494 elemosinas
1983 2467 2144 2500 faciendas,
2161 2467 2240 2494 certo

1232 2516 1360 2550 hospitio
1374 2517 1410 2543 ad
1427 2517 1611 2551 recipiendos
1627 2525 1769 2551 pauperes
1783 2519 1811 2543 et
1820 2516 1893 2543 alios
1903 2515 2043 2550 hospites,
2058 2518 2085 2543 et
2102 2515 2239 2542 ministro

1232 2565 1347 2597 idoneo,
1365 2565 1414 2599 qui
1429 2566 1470 2592 eis
1486 2566 1645 2598 deserviat,
1661 2565 1828 2600 deputatis;
1845 2567 1888 2598 et,
1903 2565 1927 2592 si
1941 2564 2032 2592 alicui
2046 2571 2158 2597 persone
2173 2563 2242 2590 reli-

1231 2615 1303 2646 qiose
1323 2614 1485 2648 hospitium
1505 2617 1643 2649 negatum
1661 2615 1761 2648 fuerit,
1778 2614 1829 2648 qui
1850 2614 1978 2648 hospitio
1995 2614 2153 2648 deputatus
2168 2615 2240 2640 tunc

1233 2662 1333 2695 fuerit,
1347 2671 1454 2690 Tamus
1470 2663 1573 2690 diebus
1589 2664 1702 2697 jejunet
1718 2663 1748 2689 in
1766 2671 1841 2697 paine
1857 2665 1885 2689 et
1898 2671 1983 2696 aqua.

1268 2758 1312 2786 38.
1342 2760 1514 2787 Inhibemus
1538 2761 1636 2792 etiam,
1662 2760 1717 2787 sub
1745 2759 1990 2787 interminatione
2018 2757 2241 2793 dampnationis

1233 2810 1348 2841 eterne,
1365 2805 1402 2835 ne¹
1417 2806 1613 2843 possessiones
1628 2811 1678 2836 aut
1697 2809 1830 2836 redditus
1845 2808 1882 2835 ad
1900 2807 2092 2835 elemosinam
2102 2829 2108 2840 ,
2127 2807 2191 2834 sive
2206 2806 2242 2832 ad

1234 2856 1470 2890 hospitalitatem
1491 2858 1538 2884 vel
1561 2857 1757 2884 infirmariam
1778 2856 1912 2891 deputati
1932 2857 1980 2883 vel
2004 2856 2115 2889 collati,
2132 2855 2169 2883 ab
2184 2855 2242 2882 eis-

1233 2905 1300 2932 dem
1318 2905 1418 2932 usibus
1434 2905 1636 2938 abstraantur;
1653 2906 1677 2932 si
1692 2914 1760 2932 vero
1780 2906 1834 2932 hoc
1847 2907 2051 2940 presumptum
2067 2904 2166 2938 fuerit,
2182 2911 2240 2932 non
