2423 3487
175 300 228 329 171
893 286 1131 320 REG1sTREs
1153 284 1207 314 DE
1231 276 1451 313 GREGOIRE
1475 284 1533 312 IX.
2208 279 2263 309 172

174 365 295 394 famam
315 361 496 398 negligens,
517 360 554 389 de
575 359 731 388 continua
750 357 910 387 scelerum
934 351 1175 392 perpetratione

176 416 308 445 letatur.
326 414 414 443 Idem
433 412 529 441 etiam
547 411 799 449 inquisitionem
817 413 928 438 contra
947 416 979 436 se
997 406 1174 435 obtentam,

180 466 264 496 male
282 465 443 498 conscius,
461 464 534 493 dato
548 462 828 495 archidiaconatu,
846 459 933 489 trahi
951 458 988 488 ad
1002 456 1177 486 discussio-

180 519 232 548 nis
256 517 488 555 experientiam
513 524 575 544 non
601 519 647 545 est
670 523 798 552 passus.
821 513 905 548 Quia
928 511 1030 548 igitur
1051 509 1122 543 hec,
1149 508 1177 536 si

178 579 255 601 vera
272 574 362 599 sunt.
385 577 448 597 non
471 568 587 596 dehent
611 566 773 604 impunita
798 564 957 602 relinqui,
982 561 1176 591 mandamus

176 627 354 662 quatenus,
375 621 413 650 ad
430 621 607 649 Oscensem
631 624 661 649 et
682 620 875 649 Jaccensem
891 615 1047 646 ecclesias
1064 622 1176 651 perso-

175 675 295 704 naliter
311 673 468 703 accedens
485 676 515 701 et
532 672 657 701 habens
680 680 736 709 pre
755 670 858 700 oculis
878 669 983 698 solum
1006 668 1126 699 Deum,
1148 666 1176 694 si

176 727 284 765 ipsum
302 735 399 763 super
417 724 573 762 predictis
594 723 762 753 inveneris
781 722 1003 753 diffamatum,
1024 719 1175 757 inquiras

173 788 271 817 super
287 778 458 816 premissis
475 777 668 814 diligentius
687 776 875 805 veritatem.
894 778 923 803 et
941 773 1027 811 quod
1043 773 1175 801 invene-

175 832 232 867 ris,
250 840 307 870 per
323 835 394 860 tuas
414 830 509 859 nobis
528 829 655 858 litteras
675 828 815 857 fideliter
836 827 991 856 intimare
1008 833 1174 863 procures,

173 884 337 923 prefigens
355 883 459 913 eidem
478 882 628 920 episcopo
647 881 825 911 terminum
842 882 1092 917 competentem,
1112 886 1175 915 quo

173 941 284 966 nostro
308 945 342 965 se
365 934 554 972 conspectui
579 933 797 972 personaliter
820 935 1040 970 representet,
1064 939 1175 967 recep-

172 994 267 1020 turus
291 998 349 1027 pro
373 997 508 1017 suorum
536 987 700 1024 exigentia
726 986 929 1016 meritorum.
960 985 1032 1014 Dat.
1059 983 1174 1017 Asisii,

171 1043 234 1072 XV
248 1041 406 1071 kalendas
424 1040 577 1075 octobris,
596 1040 806 1078 pontificatus
821 1038 925 1068 nostri
942 1046 1028 1067 anno
1046 1045 1140 1065 nono.
1161 1048 1173 1061 »

241 1240 358 1268 2284
669 1237 780 1270 Assise,
796 1237 830 1263 17
845 1236 1010 1270 septembre
1026 1235 1104 1261 1235.

210 1301 354 1336 Episcopo
368 1299 491 1327 Oscensi
508 1299 630 1326 mandat
644 1301 787 1332 quatenus
803 1297 962 1331 paeniteat.
980 1310 1011 1314 —
1026 1296 1112 1327 (Ix‘so.
1132 1294 1176 1327 18,

172 1352 192 1377 f.
206 1351 240 1377 74
253 1352 293 1381 r⁰;
310 1357 379 1376 ann.
401 1349 454 1381 lx,
471 1357 495 1375 c.
512 1348 586 1378 241.)

212 1469 226 1485 α
255 1479 275 1486 ..
306 1458 439 1495 episcopo
467 1456 595 1485 Oscensi.
626 1454 782 1485 Pervenit
810 1454 849 1484 ad
876 1462 936 1483 nos
963 1470 1009 1481 —.
1040 1453 1113 1482 Dat.
1141 1456 1177 1481 ut

171 1519 282 1549 supra.
302 1521 316 1536 »

242 1708 362 1736 2ἵ85
669 1706 780 1739 Assise,
797 1706 831 1732 26
847 1705 1011 1740 septembre
1027 1705 1105 1731 1235.

210 1771 255 1798 Dc
277 1770 358 1797 Pelis
383 1772 411 1796 et
433 1769 511 1796 Belli
533 1769 635 1796 Fontis
660 1768 826 1800 abbatibus,
846 1771 873 1794 ct
893 1767 1100 1794 archidiacono
1121 1767 1179 1794 Ba-

176 1818 291 1846 chiensi
306 1818 428 1845 mandat
444 1821 587 1852 quatenus
600 1817 765 1852 praeposito
781 1816 948 1849 Orodiensi,
961 1816 991 1842 in
1006 1824 1092 1849 quem
1106 1816 1180 1843 Stri-

175 1867 324 1902 goniensis
336 1867 583 1901 archiepiscopus,
597 1866 833 1900 jurisdictionem
851 1865 907 1891 sibi
922 1867 981 1891 tam
995 1865 1025 1891 in
1040 1865 1101 1898 ejus
1118 1872 1180 1899 per-

174 1924 246 1943 sona
261 1924 348 1950 quam
369 1915 400 1942 in
421 1915 483 1949 ejus
498 1914 714 1949 praepositura,
732 1922 804 1948 quae
820 1913 926 1947 regalis
942 1915 1018 1946 erat,
1040 1921 1180 1948 usurpare

172 1964 368 1996 contendens,
386 1966 449 1997 post
469 1963 700 1997 appellationem
722 1963 758 1988 ad
779 1962 884 1989 Sedent
907 1961 1109 1995 Apostolieam
1132 1961 1180 1989 in-

175 2013 346 2048 terpositam
368 2012 686 2039 excommunicationis
707 2011 885 2038 sententiam
902 2011 1079 2045 protulerat,
1096 2010 1181 2038 abso-

178 2061 300 2089 lutionis
320 2061 495 2088 beneficium
519 2061 555 2087 ad
578 2061 723 2087 cautelam
749 2060 935 2094 impendant.
961 2074 993 2077 —
1019 2060 1104 2091 (ΗΕΘ.
1131 2059 1179 2092 18,

173 2111 194 2138 f.
210 2111 244 2137 74
260 2113 303 2142 τος
318 2118 387 2136 ann.
405 2109 457 2142 IX,
475 2118 499 2136 c.
516 2109 584 2141 242;
602 2123 634 2127 —
651 2109 807 2136 PorTnAsr
822 2108 931 2139 10024.)

213 2229 227 2244 α
248 2240 265 2246 ..
283 2218 316 2246 de
329 2218 407 2246 Pelis
418 2222 443 2246 et
459 2240 478 2245 ..
491 2218 566 2246 Belli
579 2217 683 2246 Fontis
696 2217 862 2251 abbatibus,
881 2221 906 2245 et
925 2239 944 2245 ..
961 2216 1180 2246 archidiacono

172 2272 334 2301 Bachi‘ensi·
347 2271 368 2305 ¹,
392 2271 618 2308 Vesprihiicnsis
634 2275 659 2299 et
676 2271 841 2300 Colocehsis
859 2271 1019 2299 diocesmn.
1044 2269 1180 2307 Signifi-

175 2323 261 2353 cavit
283 2322 378 2352 nohis
403 2345 422 2351 ..
444 2322 631 2360 prepositus
651 2339 700 2351 —.
722 2323 796 2352 Dat.
820 2322 937 2357 Asisii,
958 2323 1003 2352 vl
1021 2322 1180 2352 kalendas

170 2375 326 2411 octobris,
345 2384 432 2405 anno
448 2384 543 2404 nono.
567 2387 580 2401 »

244 2572 362 2600 2286

209 2635 366 2663 Universis
379 2635 608 2670 archiepiscopis
627 2638 656 2663 et
672 2636 816 2670 episcopis
834 2644 885 2670 per
901 2644 1022 2669 regnum
1040 2635 1182 2662 Franciae

178 2684 348 2712 constitutis
374 2684 496 2711 mandat
518 2687 662 2718 quatenus
684 2684 821 2711 omnibus
842 2683 1052 2717 crucesignatis
1072 2684 1182 2717 singuli

175 2733 208 2760 in
221 2741 274 2760 sua
287 2733 412 2760 dioecesi
428 2733 594 2759 districtius
610 2733 791 2759 interdicant
805 2741 841 2759 ne
854 2736 923 2759 ante
935 2733 1069 2766 generale
1082 2741 1182 2767 passa.—

178 2781 259 2815 gium
282 2781 339 2808 iter
357 2781 445 2808 eundi
463 2781 494 2807 in
515 2782 633 2809 Terram
661 2782 802 2809 Sanctam
823 2781 951 2815 arripere
971 2781 1113 2813 audeant;
1137 2790 1183 2807 eos

179 2838 248 2857 vero
269 2830 319 2864 qui
336 2830 382 2857 his
397 2831 547 2857 mandatis
565 2831 817 2865 praesumpserint
831 2830 990 2863 contraire,
1007 2830 1184 2857 denuntient

676 2573 787 2606 Assise,
803 2572 837 2599 28
853 2572 1018 2607 septembre
1031 2573 1109 2600 1235.

204 2956 225 2980 1.
241 2958 290 2980 Ms.
309 2966 315 2980 :
332 2956 488 2982 Bochiensi.

1258 349 1395 375 omnibus
1425 348 1693 381 crucesignatorum
1724 346 1920 381 indulgentiis
1954 345 2073 380 penitus
2108 346 2262 374 carituros.

1259 411 1291 415 —
1308 397 1393 429 (nm.
1418 396 1466 429 18,
1489 397 1508 422 f.
1533 397 1566 422 74
1582 399 1627 427 v⁰3
1651 404 1720 422 ann.
1746 396 1802 428 IX,
1827 403 1851 422 c.
1874 394 1943 426 243;
1967 408 1999 412 ——
2022 393 2154 422 Monimo
2177 394 2262 428 1190,
2279 406 2285 412 -

1258 446 1279 471 f.
1296 444 1363 476 140;
1382 459 1413 463 —
1430 445 1613 471 Romanasne
1629 444 1703 474 663.)

1301 565 1313 579 κ
1333 553 1485 581 [ἠῖυενεῖε
1501 553 1736 589 archiepiscopis
1752 556 1777 580 et
1793 551 1938 588 episcopis
1950 559 2006 588 per
2023 559 2152 587 requam
2167 551 2262 580 Fran-

1259 607 1302 634 cie
1318 606 1500 634 constitutis.
1521 605 1614 639 Cum,
1635 605 1721 634 sieut
1744 603 1970 633 intelleximus
1986 620 2034 631 -.
2055 603 2128 633 Dat.
2145 602 2262 639 Asisii,

1259 659 1327 688 IIII
1343 658 1503 688 kalendas
1519 657 1672 693 octobris,
1693 665 1780 686 anno
1797 665 1894 685 nono.
1913 668 1925 681 ι)

1293 786 1395 810 2Ἷ87,
1410 800 1439 803 -
1455 784 1488 810 In
1509 783 1635 810 eundem
1659 783 1778 809 modum
1799 782 2009 815 archiepiscopis
2026 784 2050 807 et
2070 782 2197 816 episcopis
2216 788 2265 814 per

1261 833 1419 858 Teutoniam
1435 833 1600 858 constitutis.

1294 884 1396 907 2588.
1413 896 1443 900 —
1458 881 1491 908 In
1512 881 1637 907 eundem
1660 880 1780 907 modum
1801 879 2011 912 archiepiscopis
2028 880 2052 904 et
2071 879 2200 913 episcopis
2216 885 2268 912 per

1258 937 1371 963 reginum
1387 930 1483 962 Anylie
1498 930 1663 954 constitutis.

1294 982 1397 1005 2789.
1414 978 1490 1005 —In
1513 978 1638 1004 eundem
1663 977 1782 1003 modum
1805 977 2013 1010 archiepiscopis
2034 978 2056 1001 et
2077 976 2205 1011 episcopis
2218 982 2269 1009 per

1259 1035 1374 1060 reqnum
1393 1026 1510 1058 Unqarie
1525 1027 1692 1051 constitutis.
1708 1040 1739 1043 —
1757 1026 1925 1058 (POTTHAST
1940 1024 2050 1055 10028.)

1331 1219 1450 1249 2290

1294 1281 1438 1315 Episcopo
1455 1280 1675 1307 Hildesemensi
1697 1280 1926 1314 praedicationis
1942 1280 2070 1308 officium
2087 1280 2118 1306 in
2139 1279 2268 1314 Magun-

1260 1331 1323 1357 tina
1339 1329 1494 1365 provincia
1513 1338 1564 1364 pro
1584 1329 1700 1362 negotio
1720 1329 1826 1356 Terrae
1847 1329 1974 1356 Sanctae
1993 1328 2139 1364 imponit:
2157 1328 2183 1355 ei
2199 1336 2268 1355 con-

1260 1380 1338 1407 cedit
1360 1382 1535 1414 potestatem
1552 1379 1725 1405 absolvendi
1748 1387 1890 1405 manuum
1913 1378 2070 1412 injectores
2092 1377 2124 1404 in
2147 1377 2269 1404 clericos

1259 1438 1293 1456 ac
1306 1428 1516 1461 incendiarios,
1530 1428 1687 1455 dumtaxat
1699 1427 1914 1461 crucesignatos
1923 1449 1929 1460 ,
1946 1429 1975 1454 et
1988 1427 2110 1456 mandat
2124 1428 2268 1460 quatenus

1261 1478 1456 1513 quaestum-iis
1477 1477 1640 1510 universis,
1655 1477 1679 1504 si
1697 1477 1747 1511 qui
1771 1477 1801 1503 in
1825 1476 2055 1511 praedicationis
2075 1476 2168 1502 officio
2184 1483 2270 1510 prae.-

1260 1530 1357 1556 sentes
1374 1527 1500 1559 fuerint,
1516 1526 1669 1553 licentiam
1691 1526 1810 1561 penitus
1830 1525 1991 1554 interdicat
2010 1524 2192 1560 proponendi
2212 1524 2270 1551 ali-

1261 1577 1331 1611 quid
1346 1576 1462 1610 populo.
1472 1590 1503 1593 —
1514 1576 1600 1608 (Res.
1611 1575 1654 1607 18,
1668 1575 1688 1601 f.
1703 1575 1737 1601 74
1748 1578 1792 1607 v⁰;
1805 1583 1874 1601 ann.
1888 1575 1941 1608 IX,
1954 1582 1978 1603 c.
1993 1574 2060 1606 244;
2071 1588 2102 1591 —
2113 1574 2269 1601 PorrnAsi·

1260 1625 1364 1657 100273
1380 1640 1411 1642 —
1426 1625 1609 1651 Romanasne
1626 1623 1700 1655 664.)

1761 1218 1871 1251 Assise,
1887 1218 1921 1245 28
1935 1218 2100 1253 septembre
2116 1218 2194 1245 1235.

1303 1745 1316 1759 «
1333 1756 1354 1761 ..
1372 1733 1506 1770 episcopo
1523 1732 1727 1761 chesemensi.
1741 1731 1908 1767 Quantum
1924 1739 1984 1761 nos
2001 1733 2118 1768 urgeat
2128 1746 2177 1758 —.
2195 1729 2270 1759 Dat.

1261 1786 1378 1821 Asisii,
1394 1786 1462 1816 IIII
1479 1785 1638 1815 kalendas
1655 1784 1810 1819 octobris,
1831 1792 1917 1815 anno
1934 1792 2032 1813 nono.
2052 1795 2064 1809 n
2262 1782 2267 1786 ⁴

1332 1984 1446 2013 2291

1298 2048 1444 2082 Episcopo
1460 2046 1666 2081 Portugalensi
1677 2045 1812 2074 concedit
1822 2047 1865 2078 ut,
1879 2059 1911 2063 —
1923 2053 1990 2071 cum
2003 2044 2187 2077 Sabinensis,
2200 2045 2272 2071 tunc

1261 2096 1450 2132 Apostolicae
1465 2095 1550 2123 Sedis
1564 2096 1687 2129 legatus
1700 2096 1728 2122 et
1741 2093 1929 2129 postmodum
1942 2092 2119 2120 Palentinus
2130 2091 2271 2127 episcopi,

1262 2154 1295 2173 ac
1311 2146 1356 2179 Ε,
1373 2145 1599 2172 archidiaconus
1620 2143 1812 2176 Patentinus,
1827 2151 1844 2170 a
1858 2142 1933 2170 Sede
1946 2141 2117 2176 Apostolica
2132 2140 2270 2175 delegati,

1263 2197 1411 2229 patronos,
1427 2194 1555 2220 merinos
1565 2215 1571 2226 ‚
1586 2193 1723 2225 barones,
1738 2192 1882 2219 vassallos
1896 2193 1923 2218 et
1939 2190 2078 2217 officiales
2098 2189 2205 2224 regios,
2221 2189 2272 2224 qui

1263 2252 1280 2270 a
1302 2242 1527 2277 gravaminibus
1549 2241 1740 2269 eeclesiarum
1762 2239 1985 2274 Portugalensis
2007 2239 2192 2273 episcopatus
2213 2246 2271 2265 non

1263 2292 1426 2324 cessabant,
1444 2289 1795 2321 excommunicavissent,
1812 2303 1845 2307 —
1861 2288 1987 2320 eisdem,
2002 2287 2171 2322 petentibus
2186 2286 2271 2314 abso-

1263 2340 1407 2368 lutionem
1431 2343 1459 2367 et
1479 2338 1731 2367 satisfacientibus
1764 2345 1889 2371 congrue
1918 2344 2004 2371 super
2030 2335 2148 2363 damnis
2177 2334 2271 2362 illatis

1263 2389 1450 2417 monasteriis
1467 2391 1495 2416 et
1508 2387 1641 2415 ecclesiis
1657 2387 1714 2421 ipsi
1728 2387 1862 2421 episcopo
1878 2384 2029 2419 subjectis,
2044 2384 2136 2419 possit
2152 2384 2271 2411 absolu-

1263 2439 1389 2471 tionem,
1413 2438 1498 2472 juxta
1525 2438 1650 2464 formam
1676 2435 1827 2463 Ecclesiae
1837 2456 1843 2468 ,
1870 2433 2030 2469 impertiri.
2057 2448 2088 2452 —
2114 2434 2200 2466 (Bm.
2225 2432 2272 2466 18,

1262 2488 1283 2514 f.
1298 2487 1332 2514 75
1345 2490 1384 2520 r⁰;
1402 2495 1471 2514 ann.
1487 2486 1540 2519 IX,
1558 2494 1582 2512 c.
1597 2485 1672 2517 245.)

1763 1982 1874 2015 Assise‚
1891 1982 1926 2008 27
1939 1981 2104 2016 septembre
2118 1981 2198 2008 1235.

1304 2607 1318 2622 ι(
1336 2618 1356 2623 ..
1373 2595 1506 2632 episcopo
1522 2593 1747 2630 Portuyalensi.
1760 2591 1854 2627 Cum,
1871 2583 1957 2620 sicut
1968 2589 2124 2628 proponis
2135 2581 2184 2618 '—.
2196 2588 2271 2618 Dat.

1263 2647 1380 2683 Asisii,
1397 2648 1426 2677 V
1441 2646 1600 2676 kalendas
1619 2645 1773 2681 octobris,
1793 2652 1880 2674 anno
1898 2651 1996 2673 nono.
2017 2654 2030 2669 n

1334 2844 1452 2880 2292
1765 2841 1876 2875 Assise,
1890 2841 1924 2868 26
1939 2840 2105 2875 septembre
2119 2839 2199 2866 1235.

1302 2907 1407 2935 Eidem
1417 2928 1423 2940 ,
1438 2906 1532 2941 ipsius
1552 2914 1644 2941 papae
1658 2903 1796 2932 manibus
1811 2905 1993 2936 consecrato,
2007 2902 2142 2936 indulget
2157 2903 2190 2928 ut
2203 2900 2272 2928 nul·-

1269 2956 1315 2983 lus
1328 2956 1359 2983 in
1374 2956 1467 2990 ipsius
1482 2963 1648 2990 personam,
1665 2953 1729 2980 sine
1745 2952 1886 2980 mandato
1900 2951 1985 2979 Sedis
2000 2950 2187 2986 Apostolicae
2204 2956 2271 2984 spe-
