2519 3518
78 295 132 325 ¹77
913 295 1140 334 NEUVIEME
1162 296 1320 334 ANNEE.
2104 317 2158 347 173

75 360 141 390 nisi
161 361 222 391 sub
239 371 276 392 ea
294 363 482 395 conditione
500 365 686 404 dumtaxat,
707 368 735 397 si
752 368 791 398 ad
813 368 1001 407 eligendum
1021 369 1078 399 de-

74 411 166 443 beret
187 414 318 453 dejure
343 417 486 454 procedi.
513 418 616 458 Cujus
639 420 857 459 appellatione
879 426 1074 460 contempta,

73 467 280 503 postmodum
302 469 415 498 eodem
439 471 596 509 magistro
620 473 671 507 G.,
696 474 752 512 qui
775 474 924 504 residens
950 479 1019 504 erat
1041 474 1074 503 in

73 517 224 554 ecelesia,
250 523 280 549 et
306 520 419 552 multis
445 522 484 553 de
510 528 601 562 parte
626 525 798 555 decaniae
818 527 980 556 sociorum
1005 527 1075 565 ejus

74 569 279 606 absentibus,
298 572 528 609 ignorantibus
546 580 577 606 et
593 578 799 615 contemptis,
815 578 970 614 iuitdies,
989 579 1075 609 vide-

72 621 150 652 11661
165 628 255 653 sexta
271 624 365 660 feria,
384 626 423 655 ad
440 627 628 665 eligendum
646 634 676 659 et
695 631 934 661 continuandos
950 631 1020 661 dies
1037 641 1074 662 ac

72 676 305 712 prorogandos,
324 677 521 716 simpliciter
541 684 571 710 et
588 681 658 712 sine
676 682 873 717 conditione,
893 684 1024 721 prolixa,
1043 689 1074 714 et

72 725 181 757 littere
193 728 231 758 de
246 731 465 761 convocandis
481 732 674 764 absentibus
687 739 763 764 tunc
780 737 944 771 601116616;
962 737 1073 775 inqua

73 787 146 808 cum
170 789 283 811 omnes
308 782 342 811 in
369 782 529 814 electione
555 794 665 816 vocem
686 786 846 817 habentes
869 789 902 817 in
930 789 1072 827 capitulo

72 833 316 869 convenissent,
331 835 546 873 etjamdictus
562 838 718 875 magister
731 840 782 875 G„
798 840 831 868 in
847 841 1072 877 assignatione

72 882 137 912 diei
155 883 278 923 absque
298 888 520 926 suprascripta
537 890 724 921 conditione
741 900 893 922 asserens
910 902 944 923 se
960 903 1072 930 grara-

72 937 151 970 tum,
172 946 347 973 gravamen
365 939 553 978 huJ'usmodi
569 943 700 980 petierit
717 945 873 976 revocari,
893 945 990 984 idque
1007 946 1071 975 sibi

71 995 89 1016 a
106 992 196 1025 parte
219 989 356 1020 adversa
374 992 474 1022 suerit
497 993 710 1032 denegatum,
736 996 905 1026 innovavit
927 998 1071 1036 appella-

71 1039 194 1069 tionem
219 1041 414 1079 jamdudum
443 1045 671 1084 interpositam
699 1052 730 1078 et
755 1049 854 1078 etiam
882 1050 1067 1088 appellavit,

69 1090 210 1121 Demum
227 1103 313 1129 vero,
331 1095 399 1125 illis
417 1096 631 1133 instantibus,
649 1100 706 1138 qui
722 1100 755 1129 in
774 1106 988 1131 memoratum
1006 1112 1071 1132 ma-

69 1143 210 1181 gistrum
227 1146 280 1175 W.
298 1154 549 1180 consenserant.
568 1155 602 1180 ut
623 1161 680 1189 per
700 1153 897 1183 scrutinium
916 1155 1070 1192 procede-

68 1199 160 1225 retur
177 1197 217 1226 ad
236 1199 474 1236 providendum
491 1202 629 1233 ecclesie
650 1204 688 1234 de
704 1209 848 1242 pastore,
867 1206 929 1235 11111
946 1207 985 1236 ab
1005 1208 1070 1238 615-

69 1247 142 1277 (16111
178 1240 300 1281 decano
338 1256 369 1282 et
400 1259 492 1291 parte
525 1264 585 1284 sua
618 1265 812 1294 responsum
848 1259 935 1297 quod
963 1261 1069 1297 magis

68 1301 258 1338 expediebat
275 1312 332 1342 per
348 1305 434 1335 viani
451 1309 694 1345 compromissi,
712 1319 773 1348 que
790 1311 880 1348 pacis
897 1316 975 1346 erat,
994 1321 1069 1350 pro-

66 1352 191 1389 cedere,
211 1364 309 1393 quam
325 1366 382 1394 per
398 1359 595 1389 scrutinium
608 1384 614 1395 ,
638 1371 675 1390 ex
697 1371 760 1400 quo
781 1363 892 1401 sepius
915 1365 1068 1394 oriuntur

66 1404 229 1437 discordie
245 1412 276 1437 et
291 1404 457 1440 rancores.
474 1412 547 1447 Sed,
563 1422 637 1442 curn
653 1413 713 1443 boc
730 1414 769 1444 ab
787 1415 834 1445 eis
850 1416 992 1446 obtineri
1010 1426 1067 1447 ne-

65 1466 231 1497 quaquam
251 1466 375 1499 posset‚
395 1467 426 1493 et
442 1464 585 1495 decanus
610 1475 647 1496 ac
669 1471 733 1497 tres
751 1468 977 1499 archidiaconi
993 1479 1066 1500 cum

66 1510 166 1541 sociis
177 1513 350 1552 suisjuxta
365 1515 487 1545 ostium
501 1517 637 1555 capituli
650 1520 867 1550 secessissent
880 1521 912 1550 in
928 1526 1064 1560 partem,

63 1561 279 1594 deliberaturi
300 1575 340 1595 an
357 1567 514 1598 deberent
529 1571 720 1607 procedere,
741 1576 771 1602 et
787 1573 825 1602 de
842 1574 936 1603 modo
952 1584 1066 1613 proce-

63 1614 162 1645 dendi
181 1617 221 1646 ad
236 1617 379 1648 invicem
395 1620 558 1657 collaturi,
571 1622 707 1653 fuerunt
720 1624 759 1654 ab
771 1625 837 1656 hiis
850 1627 906 1664 qui
920 1632 1012 1657 erant
1030 1628 1064 1657 in

62 1668 216 1706 capitulo,
235 1674 270 1700 ut
287 1671 433 1702 redirent
451 1676 638 1712 processuri
656 1685 730 1706 cum
749 1678 796 1708 eis
814 1679 854 1708 ad
870 1679 1064 1711 electionem

61 1728 119 1758 per
134 1722 344 1760 scrutinium,
361 1726 497 1755 evocati.
514 1727 587 1763 Sed,
606 1729 654 1759 eis
671 1731 948 1768 respondentibus
965 1734 1061 1772 quod,

55 1780 136 1807 cum
151 1772 383 1811 deliberarent,
401 1786 466 1807 non
482 1778 639 1809 deberent
650 1782 825 1819 procedere
839 1792 912 1812 cum
925 1784 1061 1821 eisdem,

62 1827 110 1859 et,
133 1825 161 1854 si
180 1825 337 1857 deberent
352 1830 545 1866 procedere,
569 1831 607 1862 de
628 1834 825 1870 procedendi
842 1836 937 1865 modo
955 1837 994 1866 ad
1010 1838 1063 1866 in-

60 1876 166 1907 vicem
182 1879 400 1917 conferentes,
419 1882 657 1915 deliberatione
673 1885 797 1922 habita,
817 1893 1063 1919 reverterentur

61 1927 96 1958 in
109 1928 212 1966 brevi,
223 1933 398 1969 presertim
410 1943 483 1964 cum
498 1936 615 1967 merito
629 1937 829 1975 dubitarent,
845 1946 976 1979 propter
991 1952 1061 1980 pec-

61 1984 171 2010 catum
189 1983 275 2020 quod
294 1984 328 2013 in
351 1986 454 2023 priori
472 1997 627 2025 processu
650 1992 900 2028 commiserant,
922 1995 1061 2033 receptis

61 2033 228 2071 superhoe
237 2036 387 2067 consiliis
399 2038 621 2070 diversorum:
635 2041 754 2072 iterum
769 2048 799 2073 et
814 2045 915 2075 tercio
926 2055 984 2083 per
996 2051 1061 2076 tam

59 2085 188 2116 modica
203 2087 377 2119 intervalla
393 2095 424 2120 et
440 2091 519 2121 adeo
534 2093 720 2131 importune
738 2097 872 2132 moniti,
893 2099 980 2136 quod
995 2108 1060 2129 non

59 2136 167 2167 solum
191 2139 373 2171 deliberare
393 2142 489 2180 plene
513 2153 579 2174 non
601 2150 768 2183 poterant,
798 2149 855 2178 sed
880 2150 978 2179 etiam
1004 2160 1061 2189 per

58 2189 343 2228 importunitatem
367 2196 573 2226 monentium
599 2198 840 2236 impediebatur
866 2202 1060 2234 deliberatio

59 2243 249 2280 eorundem,
267 2246 353 2284 quod
369 2247 475 2277 adhuc
492 2258 557 2278 non
572 2250 669 2288 plene
689 2252 967 2291 deliberaverant,
990 2266 1060 2287 res-

56 2295 254 2333 ponderunt.
278 2299 400 2335 Quarto
419 2301 518 2331 etiam
543 2311 597 2332 eos
622 2308 694 2342 post
717 2306 881 2336 modicum
905 2311 1059 2347 temporis

58 2347 201 2386 spatium
210 2354 439 2388 monuerunt¹‚
454 2358 488 2383 ut
502 2355 647 2386 redirent
659 2357 698 2386 ad
710 2358 889 2396 capitulum
900 2370 972 2390 cum
984 2362 1059 2393 aliis

55 2402 260 2438 processuri3
283 2403 409 2443 adJ'ecto
434 2405 672 2438 nichilominus
697 2410 782 2448 quod
801 2411 869 2450 jam
892 2412 1057 2451 elegerant

57 2456 268 2491 scrutatores,
284 2455 437 2487 videlicet
453 2459 628 2496 magistros
646 2461 842 2492 Michaelem
853 2463 892 2494 de
908 2465 1056 2503 Barceio,

55 2505 84 2535 J.
104 2505 143 2536 de
158 2506 278 2537 Sancto
292 2508 403 2540 Laudo
415 2514 445 2540 et
458 2512 496 2541 R.
511 2512 549 2542 de
561 2513 742 2544 Tonevilla.
760 2515 799 2544 Et
815 2520 902 2552 tunc,
917 2518 956 2547 ad
973 2520 1057 2558 capi-

55 2557 162 2588 tulum
178 2559 369 2597 redeuntes,
388 2569 629 2602 proposuerunt
645 2575 679 2596 se
696 2567 764 2597 sore
781 2574 946 2606 gravatos,
966 2580 1003 2601 ex
1020 2581 1057 2602 eo

55 2610 152 2649 quod,
167 2611 250 2650 ipsis
267 2616 474 2653 contemptis,
493 2616 588 2647 electi
601 2618 733 2648 fuerant
750 2625 948 2652 scrutatores
965 2628 996 2653 et
1012 2629 1057 2654 ta-

53 2662 102 2694 les
128 2673 210 2703 quos
229 2665 396 2698 habebant
418 2674 507 2699 certa
529 2671 657 2702 ratione
682 2678 865 2711 suspectos,
895 2684 969 2705 cum
993 2677 1056 2708 duo

53 2715 212 2755 ipsorum,
226 2719 353 2750 scilicet
368 2721 507 2759 predicti
524 2724 554 2753 J.
569 2728 600 2753 et
614 2725 666 2759 R.,
678 2725 712 2754 111
724 2725 848 2755 dictum
861 2728 1055 2765 magistrum

85 2849 104 2874 l.
121 2851 345 2881 Responderunt.
359 2855 386 2876 et
399 2853 460 2883 plus
473 2854 530 2877 10111
542 2859 762 2885 proposuerunt,
778 2860 825 2880 ont
838 2865 909 2888 pour
922 2860 992 2889 qu'et
1006 2862 1054 2884 cle-

51 2900 141 2918 canus
157 2896 181 2918 et
197 2896 257 2924 ejus
273 2897 359 2924 socii,·
375 2897 446 2920 cetui
463 2897 496 2921 (16
513 2902 687 2923 monuerunt
709 2903 764 2929 est,
785 2907 819 2924 au
839 2902 990 2931 contraire,
1006 2906 1054 2932 qui

51 2938 82 2960 in
98 2939 268 2968 magistrum
287 2941 328 2963 W.
345 2945 562 2973 consenserant,
584 2943 757 2967 c'est-a-dire
778 2945 803 2967 la
822 2946 910 2975 partie
929 2946 1052 2971 adverse.

173 2988 358 3020 GREGOIRE
377 2997 427 3028 lx,
446 3000 464 3022 t.
484 2998 519 3023 11.

1159 367 1365 399 W'illelmum
1387 371 1421 400 in
1439 373 1539 410 priori
1567 375 1727 405 scrutinio
1744 378 2010 414 consensissent;
2031 386 2062 410 et
2085 386 2157 412 tan-

1160 423 1238 455 tum,
1258 425 1291 450 ut
1309 429 1472 459 asserunt,
1491 425 1596 455 adime
1613 426 1650 456 (16
1669 428 1826 458 trimestri
1845 434 1987 468 tempore
2005 442 2157 471 superes-

1158 476 1222 506 set,
1244 472 1394 504 videlicet
1417 476 1487 506 dies
1511 479 1775 515 quatnontecini.
1796 482 1880 519 quod
1901 483 1939 511 ad
1963 484 2156 516 electionem

1158 525 1323 555 commode
1340 531 1465 564 poterat
1485 529 1599 559 haberi
1618 540 1809 568 processusg
1833 543 1891 563 uec
1911 544 1974 564 non
1995 542 2024 566 et
2048 537 2156 575 ipsum

1157 576 1354 607 scrutinium
1380 580 1492 610 multis
1518 581 1556 610 de
1582 584 1690 613 causis
1711 590 1896 622 suspectum
1918 588 2154 620 nichilominus

1157 632 1243 657 esset
1261 629 1319 664 eis,
1338 634 1368 659 et
1387 632 1465 669 quia
1482 638 1555 663 vota
1573 635 1719 663 oninium
1744 646 1778 665 ex
1798 638 1916 674 prioris
1933 640 2154 677 publicatione

1157 682 1311 711 scrutinii
1330 687 1405 712 nota
1422 689 1526 720 erant,
1546 691 1575 715 et
1593 687 1694 726 [quia]
1709 688 1775 726 jam
1791 690 1845 728 qui
1864 691 1896 719 in
1910 701 2004 729 quem
2020 703 2155 724 consen-

1156 740 1277 771 serant,
1295 738 1487 775 apparebam
1506 740 1662 770 addentes
1679 743 1775 780 quod,
1794 754 1865 772 cum
1882 745 1948 783 jani
1966 757 2155 785 processum

1155 792 1241 816 esset
1258 788 1356 818 simul
1379 795 1516 829 utraque
1540 792 1590 821 via
1615 797 1645 822 et
1667 793 1701 822 in
1725 804 1879 832 processu
1900 798 2004 827 forma
2023 801 2155 830 concilii

1155 847 1219 867 non
1245 845 1390 874 servata,
1421 851 1485 871 non
1512 844 1687 874 credebant
1710 846 1748 875 ad
1771 851 1943 878 tractatum
1964 851 2152 887 electionis,

1154 891 1294 922 maxime
1312 902 1368 930 per
1386 894 1469 923 viam
1490 896 1654 926 scrutinii.
1673 907 1767 935 posse
1784 900 1821 928 de
1836 901 1908 939 jure
1928 904 2059 932 reverti.
2078 906 2151 940 Sed,

1153 943 1289 973 adversa
1307 952 1396 983 parte
1413 953 1581 978 asserente
1599 959 1632 979 se
1649 960 1748 988 super
1769 952 1833 981 biis
1851 954 2040 985 nullatenus
2057 957 2154 987 dubi-

1155 999 1233 1031 tare,
1251 998 1417 1034 petierunt
1435 1001 1559 1029 assumi
1576 1008 1796 1040 competentes
1808 1006 1959 1038 arbitros.
1976 1008 2023 1037 vel
2037 1009 2153 1039 saltem

1154 1047 1282 1086 aliquos
1299 1050 1386 1079 viros
1404 1050 1516 1086 bonos,
1535 1062 1643 1082 coram
1660 1055 1780 1092 quibus
1799 1057 1836 1086 (16
1854 1057 1919 1087 biis
1935 1061 2088 1090 omnibus
2105 1062 2153 1091 vi-

1153 1099 1299 1136 deretur,
1332 1103 1416 1140 quod
1443 1104 1521 1142 quia
1548 1106 1609 1134 suit
1637 1115 1673 1135 ex
1699 1107 1834 1138 adversa
1862 1115 1952 1148 parte
1979 1118 2149 1150 negatum,

1152 1151 1238 1181 idem
1256 1153 1399 1184 decanus
1415 1160 1531 1193 etpars
1549 1166 1607 1186 sua
1624 1158 1785 1189 duxerunt
1803 1161 1842 1190 ad
1858 1163 1973 1193 Sede-tn
1991 1166 2151 1202 Apostoli-

1152 1213 1222 1233 cam
1253 1206 1494 1244 appellandum.
1528 1210 1673 1245 Quorum
1703 1213 1920 1250 appellatione
1948 1222 2148 1256 contempta,

1152 1262 1350 1288 scrutatores
1368 1259 1447 1297 ipsi,
1467 1270 1530 1290 non
1552 1263 1723 1301 requisitis
1741 1266 1895 1303 predictis
1916 1268 2041 1299 duobus
2058 1271 2152 1301 infir-

1152 1309 1225 1344 mis,
1244 1311 1300 1348 qui
1317 1316 1410 1341 erant
1432 1313 1512 1343 adeo
1530 1323 1545 1343 6
1566 1315 1683 1351 ricino,
1702 1318 1786 1355 quod
1804 1319 1926 1358 absque
1947 1321 2151 1354 incommodo

1152 1366 1225 1390 vota
1238 1371 1351 1392 eorum
1369 1365 1495 1402 requiri
1507 1371 1668 1404 poterant,
1682 1369 1715 1397 in
1731 1371 1890 1401 scrutinio
1902 1381 2148 1411 processerunt,

1151 1413 1329 1453 eodemque
1348 1417 1509 1447 scrutinio
1527 1419 1709 1456 publicato,
1735 1423 1935 1459 sepedictum
1956 1427 2151 1464 magistrum

1150 1465 1368 1503 NVillelmum,
1387 1474 1459 1506 post
1475 1470 1586 1507 plures
1603 1473 1839 1510 appellationes
1858 1477 1897 1505 ad
1911 1478 2026 1508 Sedern
2046 1482 2151 1518 Apos-

1150 1517 1281 1547 tolicam
1297 1519 1504 1559 interjectas,
1528 1528 1558 1552 et
1577 1523 1659 1553 alias
1681 1525 1791 1555 minus
1808 1530 1980 1564 canonice,
2003 1540 2061 1561 nec
2080 1533 2151 1563 ido-

1150 1578 1249 1599 neum
1275 1571 1314 1600 ad
1335 1576 1421 1602 tante
1444 1573 1617 1611 dignitatis
1643 1577 1768 1614 apicem
1791 1579 2017 1617 obtinendum,
2041 1589 2149 1622 utpote

1148 1630 1317 1652 sacrorum
1339 1633 1503 1655 canonum
1527 1631 1820 1666 transgressorem,
1845 1641 1918 1661 cum
1944 1635 2148 1667 archidiaco-

1148 1679 1228 1704 natu
1251 1666 1397 1713 pre'dicto
1420 1678 1620 1716 prebendam
1644 1690 1706 1719 que
1728 1682 1848 1712 dicitur
1875 1685 1913 1715 de
1938 1687 2069 1723 Leseia,
2095 1691 2148 1719 cui

1148 1737 1226 1757 cura
1239 1729 1390 1760 imminet
1407 1731 1603 1769 animarum,
1621 1734 1744 1773 absque
1763 1736 2008 1775 dispensatione
2024 1748 2148 1779 aposto-

1146 1780 1209 1810 lica
1225 1782 1261 1810 in
1278 1783 1391 1813 eadem
1408 1784 1547 1815 ecclesia
1564 1786 1756 1824 obtinendo,
1775 1790 1932 1822 electores
1954 1794 2005 1822 sui
2027 1795 2147 1833 eligere

1146 1841 1428 1873 presumpserunt.
1451 1838 1558 1874 Quare
1577 1839 1656 1869 dicti
1675 1841 1818 1871 decanus
1835 1848 1865 1873 et
1882 1855 1957 1882 pars
1981 1856 2040 1877 sua
2062 1849 2146 1879 elec-

1144 1887 1269 1916 tionem
1287 1888 1424 1918 eandem
1440 1898 1504 1919 non
1522 1892 1790 1929 confirmandam,
1810 1897 1866 1925 sed
1879 1897 2074 1929 irritandam
2090 1911 2146 1939 po-

1145 1939 1210 1968 tius
1237 1941 1439 1970 asserebant.
1469 1943 1533 1973 Sed
1557 1945 1597 1973 ad
1623 1945 1682 1975 1106
1707 1956 1782 1984 pars
1813 1949 1982 1987 replicavit
2008 1953 2144 1984 adversa

1144 1992 1247 2030 quod,
1277 2002 1351 2021 cum
1380 2003 1439 2024 nec
1470 1995 1533 2025 talc
1564 1998 1664 2027 fuerit
1693 2002 1965 2038 compromissum
1997 2015 2054 2035 nec
2081 2007 2144 2037 tale

1143 2045 1342 2074 scrutinium
1367 2047 1543 2084 extitisset,
1571 2051 1657 2088 quod
1686 2052 1737 2081 vel
1762 2054 1905 2091 provisio
1930 2057 2067 2088 ecclesie
2094 2060 2144 2090 vel

1143 2096 1259 2126 electio
1278 2099 1372 2136 sequi
1390 2102 1532 2137 potuerit
1554 2112 1589 2132 ex
1611 2104 1735 2134 eisdem
1756 2111 1811 2135 aut
1831 2107 1932 2137 suerit
1955 2110 2140 2147 subsecuta,

1142 2157 1284 2187 sequens
1302 2150 1417 2181 electio
1434 2153 1535 2183 veluti
1552 2157 1710 2186 canonica
1723 2163 1854 2196 propter
1870 2160 1930 2190 1106
1950 2171 2013 2192 11011
2030 2163 2143 2194 debuit

1142 2202 1264 2238 vitiari,
1289 2212 1363 2233 cum
1384 2206 1575 2237 constitutio
1597 2210 1760 2245 generalis
1782 2213 1915 2242 concilii
1935 2223 2052 2252 penam
2076 2218 2143 2247 nisi

1141 2259 1255 2285 contra
1269 2256 1408 2286 sormam
1425 2267 1612 2297 expressam
1634 2261 1774 2300 ibidem,
1792 2263 1992 2302 eligentibus
2009 2277 2074 2298 non
2090 2270 2142 2298 in-

1140 2307 1242 2345 fligat.
1261 2309 1330 2339 Nec
1350 2310 1384 2339 in
1408 2312 1633 2349 assignatione
1652 2315 1717 2345 diei
1742 2318 1868 2353 gravati
1892 2319 2033 2355 fuerant,
2055 2332 2139 2358 cum,

1140 2361 1297 2398 predictis
1313 2363 1351 2391 A.
1372 2363 1604 2396 archidiacono
1629 2371 1659 2396 et
1681 2368 1782 2399 fratre
1802 2379 1860 2400 suo
1886 2374 2142 2405 contradicenti-

1139 2412 1200 2442 bus
1217 2418 1247 2443 et
1264 2415 1507 2453 appellantibus
1530 2427 1570 2448 ne
1590 2420 1817 2457 assignaretur
1833 2423 1903 2453 dies
1922 2425 2064 2462 citerior,
2083 2428 2141 2458 illa

1139 2465 1209 2495 dies
1225 2466 1326 2497 fuerit
1342 2469 1528 2507 assignata;
1547 2476 1577 2501 et
1593 2473 1737 2503 conditio
1754 2484 1816 2513 que
1832 2476 1952 2507 litteris
1968 2479 2071 2509 inseri
2083 2490 2139 2518 pe-

1139 2517 1279 2555 tebatur,
1300 2521 1453 2552 videlicet
1478 2523 1507 2552 si
1530 2524 1662 2555 deberet
1684 2526 1724 2555 ad
1745 2527 1938 2559 electionem
1960 2531 2078 2561 iterum
2100 2533 2138 2563 de

1135 2571 1209 2610 jure
1224 2573 1367 2610 procedi,
1384 2574 1628 2614 intelligeretur
1639 2578 1778 2615 inserta;
1793 2583 1966 2618 presertim
1982 2593 2055 2614 cum
2073 2595 2137 2615 non

1139 2624 1288 2655 debuerit
1306 2626 1451 2657 dubitari
1468 2629 1547 2667 quin
1565 2630 1603 2659 ad
1623 2631 1817 2662 electionem
1836 2639 1921 2665 esset
1939 2636 1977 2666 de
1991 2637 2065 2675 jure
2082 2639 2138 2668 de-

1138 2686 1203 2707 nuo
1220 2679 1474 2716 procedendum.
1494 2683 1561 2712 Nec.
1578 2683 1676 2712 etiam
1696 2694 1750 2713 eos
1769 2685 1802 2714 in
1822 2688 2059 2719 monitionibus
2079 2700 2136 2720 seu

1138 2735 1356 2762 scrutatorum
1373 2735 1597 2773 assumptione
1614 2743 1805 2773 gravarant,
1831 2748 1903 2768 cum
1927 2750 1982 2770 eos
2005 2751 2137 2773 monue—

1136 2783 1204 2812 rint
1219 2793 1277 2822 per
1293 2794 1357 2815 non
1374 2786 1500 2816 modica
1516 2788 1700 2818 intervalla.
1719 2795 1813 2827 prout
1836 2793 1988 2829 superius
2014 2799 2061 2823 est
2081 2804 2136 2824 ex-

1136 2844 1302 2873 pressum,
1332 2843 1361 2867 et
1389 2839 1568 2869 obtulerint
1593 2841 1693 2870 etiarn
1717 2852 1867 2872 revocare
1888 2854 2079 2881 gravamen,
2107 2848 2136 2877 si

1137 2888 1224 2926 quod
1240 2889 1276 2918 in
1293 2891 1519 2921 nominatione
1536 2897 1754 2923 scrutatorum
1777 2895 1920 2932 ipsorum
1938 2897 1985 2926 eis
2006 2898 2134 2928 illatum

1138 2940 1265 2978 fuerat,
1295 2948 1325 2973 et
1351 2945 1544 2975 continuare
1566 2945 1716 2975 die111.ac
1742 2956 1909 2978 assumere
1936 2955 2134 2981 scrutatores

1987 3015 2011 3038 ti
