2423 3487
115 335 165 362 57ι
832 327 1069 358 REGISTRES
1092 326 1146 355 DE
1169 318 1390 356 GREGOIRE
1414 327 1472 355 IX.
2144 324 2201 355 580

117 398 189 427 coni
223 396 337 429 nostri,
365 395 501 424 rectoris
527 393 665 423 ecclesie
693 394 730 423 de
756 393 988 427 Domcrcham,
1017 400 1115 429 super

116 459 214 480 causa
237 458 299 486 que
324 448 462 477 vertitur
484 447 572 476 inter
596 447 720 484 ipsum,
749 455 785 476 ex
811 451 901 484 parte
927 455 1007 475 una.
1035 450 1065 475 et
1093 468 1112 474 ..

116 502 303 540 episcopum
317 499 613 532 Saresbcriensem,
628 504 657 528 et
669 522 690 527 ..
704 498 853 528 abbatem
870 508 904 528 ac
918 502 1114 527 conventum

115 554 374 585 Gtastonienses,
402 561 437 581 ac
458 553 511 581 W.
536 551 574 580 de
596 552 767 586 Mer-eton.,
795 551 966 586 clericum,
992 550 1114 580 Batho-

115 607 241 638 niensis
259 611 286 635 et
305 604 592 640 Saresberien[sis]
610 603 814 640 dioces[um].
833 612 868 632 ex
886 603 998 632 altera.
1017 611 1116 640 super

115 659 237 698 capella
255 659 293 687 de
311 658 483 690 Mereton.,
502 656 541 685 ad
564 655 700 685 eandem
720 655 910 684 ecclesiam.
928 659 963 683 ut
980 654 1110 683 dicitur.

114 712 311 751 pertinente.
336 714 366 739 et
392 708 487 738 nobis
513 708 683 736 fastidium
705 707 838 744 ingerit,
863 711 903 736 et.
931 715 1004 735 cum
1028 715 1114 735 nun-

114 772 211 803 quam
231 763 414 791 litterarum
438 764 624 789 nostrarum
646 760 756 796 vigore
774 759 919 788 debitum
939 758 1036 787 finem
1057 767 1114 796 po-

115 816 213 847 tuerit
228 815 387 844 obtinere.
403 822 461 842 nos
473 812 671 842 verecundia
684 816 714 841 et
730 811 840 840 dolore
856 811 1014 849 percellit.
1029 812 1113 840 Nam

114 878 198 899 cum.
217 868 301 898 sicut
319 867 404 896 idem
423 870 529 895 rector
543 874 601 894 sua
619 864 713 894 nobis
730 864 888 902 petitione
905 865 1112 899 monstravit,

114 921 252 951 dilectus
270 919 358 948 tilius
377 944 394 948 ..
415 918 557 947 decanus
577 917 773 947 Exoniensis
793 921 823 946 et
842 917 1030 956 conjudices
1048 917 1111 951 sui,

114 974 234 1013 quibus
255 971 480 1001 commisimus
503 979 635 999 causam
657 970 777 1007 ipsam,
802 969 871 1008 ejus
894 969 1022 999 meritis
1044 969 1114 1007 ple-

115 1028 190 1056 nius
203 1025 379 1062 indagatis,
394 1023 601 1052 diffinitivam
617 1031 674 1060 pro
689 1031 725 1051 eo
742 1022 940 1052 sententiam
957 1021 1114 1060 protulis-

115 1083 200 1114 sent,
233 1087 269 1107 ac
299 1078 332 1106 in
363 1076 606 1114 possessionem
640 1075 725 1104 dicte
752 1075 875 1113 capelle
904 1075 1114 1105 induxissent

115 1131 275 1161 eundem:
294 1129 373 1158 dicti
390 1128 490 1158 abbas
507 1133 535 1157 et
550 1132 730 1157 conventus
747 1131 776 1156 et
792 1127 943 1161 clericus,
962 1137 996 1157 se
1014 1137 1030 1157 a
1044 1136 1113 1165 pre-

115 1183 212 1212 dictis
224 1182 405 1220 appellasse
419 1181 587 1220 judicibus
604 1180 840 1217 confingentes.
859 1189 895 1209 ac
910 1180 1018 1218 ipsum
1036 1180 1114 1210 sub-

115 1236 288 1265 diaconum
316 1234 442 1272 presata
464 1233 605 1271 capella,
631 1241 728 1271 quam
756 1232 950 1271 aliquandiu
975 1233 1009 1262 in
1034 1242 1113 1271 pace

114 1288 313 1326 possederat.
338 1296 395 1325 per
415 1286 606 1316 violentiam
629 1285 820 1323 spoliantes.
846 1286 886 1315 ad
907 1309 926 1314 ..
950 1287 1113 1317 cancella-

114 1341 199 1370 rium
213 1340 416 1370 wellensem
431 1344 461 1368 et
478 1339 619 1376 collegas
632 1347 709 1368 suos
723 1338 881 1376 quasdam
895 1348 994 1377 super
1007 1339 1113 1377 appel-

112 1394 235 1423 latione
257 1402 330 1428 sua,
357 1392 515 1430 quasdam
536 1400 612 1421 vero
633 1392 740 1421 dictus
764 1392 936 1430 episcopus
957 1393 1114 1423 Saresbe-

114 1446 235 1475 riensis
253 1445 292 1475 ad
311 1468 330 1474 ..
347 1445 489 1483 priorem
508 1444 767 1474 Bathoniensem
787 1449 816 1474 et
831 1453 908 1475 suos
925 1446 1113 1485 conjudices

115 1508 213 1536 super
232 1498 355 1536 capella
373 1498 528 1535 predicta.
547 1501 660 1526 contra
676 1497 816 1527 eundem
835 1498 1047 1535 magistrum,
1065 1504 1111 1535 ut,

115 1551 161 1581 sic
190 1552 365 1581 distractus
395 1550 564 1579 laboribus
592 1553 622 1579 et
650 1549 813 1587 expensis,
843 1559 859 1579 a
884 1551 1114 1588 prosecutione

111 1605 198 1644 juris
210 1603 261 1633 sui
273 1603 457 1632 desisteret,
471 1602 597 1631 litteras
611 1602 829 1639 impetrarunt
842 1613 847 1637 ;
862 1612 879 1632 a
891 1604 1012 1641 quibus
1028 1604 1113 1634 idem

115 1657 347 1690 subdiaconus,
367 1664 404 1684 ex
421 1664 457 1684 eo
476 1655 624 1684 sentiens
643 1654 788 1684 indebite
806 1664 840 1685 se
857 1657 996 1693 gravari,
1016 1657 1112 1695 quod,

115 1718 188 1740 cum
206 1708 396 1746 excipiendo
413 1711 606 1745 proponeret
624 1716 657 1736 se
675 1716 738 1736 non
755 1708 878 1739 teneri.
897 1708 963 1738 nisi
980 1709 1115 1738 restitu-

115 1762 203 1791 tione
219 1761 282 1790 sibi
296 1761 381 1789 facta
398 1760 561 1797 primitus,
580 1759 788 1797 respondere,
805 1760 883 1789 dicti
895 1761 1035 1799 J'udices,
1054 1762 1114 1791 hac

115 1814 186 1852 ejus
202 1812 389 1850 exceptione
406 1812 551 1850 legitima
569 1816 680 1841 contra
694 1812 858 1851 justitiam
876 1822 939 1843 non
958 1815 1113 1851 admissa,

115 1867 148 1895 in
166 1865 339 1904 principali
357 1865 487 1902 negotio
501 1865 730 1902 procedebant,
750 1874 860 1895 vocem
877 1867 916 1895 ad
929 1875 987 1897 nos
1004 1868 1116 1906 appel-

114 1918 248 1948 lationis
265 1918 386 1951 emisit,
400 1922 430 1947 et
445 1922 572 1946 nostras
590 1926 687 1955 super
703 1917 762 1947 hoc
779 1918 818 1947 ad
834 1918 990 1948 dilectum
1010 1920 1114 1950 filium

113 1972 164 2005 21¹,
183 1970 451 2000 archidiaconum
469 1970 728 1999 Norxvicensem.
748 1974 824 1999 tunc
841 1971 1013 2009 in'Anglia
1028 1982 1116 2002 com-

114 2027 308 2057 morantem,
326 2022 544 2052 camerarium
562 2027 721 2057 nostrum,
739 2022 883 2052 obtinuit
898 2023 1026 2054 litteras
1043 2034 1116 2054 con-

114 2076 258 2105 tinentes
270 2079 315 2106 ut,
332 2075 442 2105 eodem
459 2075 658 2104 subdiacono
674 2075 777 2112 prius,
792 2075 877 2105 sicut
890 2076 1016 2114 justum
1034 2077 1116 2107 exis-

117 2133 213 2162 teret,
233 2128 401 2162 restituto,
426 2137 460 2156 ac
480 2131 629 2156 revocato
652 2128 685 2156 in
708 2131 828 2157 statum
853 2128 1000 2158 debitum
1023 2130 1116 2168 quic-

117 2180 195 2218 quid
220 2184 291 2217 post
314 2179 566 2217 appellationem
591 2180 747 2209 emissam
771 2180 811 2209 ab
843 2180 925 2218 ipso,
951 2181 1117 2211 inveniret,

118 2236 238 2261 temere
258 2236 496 2269 attemptatum.
515 2240 647 2260 causam
664 2232 782 2269 ipsam,
800 2232 829 2261 si
845 2232 882 2262 de
899 2233 1041 2270 partium
1060 2243 1116 2263 ro-

116 2284 242 2313 luntate
268 2283 472 2321 procederet,
503 2284 566 2313 fine
593 2283 701 2313 debito
727 2284 938 2314 terminaret:
968 2285 1116 2324 alioquin

118 2345 188 2366 eam
214 2336 415 2365 sufficienter
443 2335 638 2364 instructam
665 2336 704 2364 ad
735 2345 870 2366 examen
901 2338 1116 2374 apostolicum

117 2389 299 2418 remitteret
328 2387 579 2417 terminandam.
607 2388 756 2426 Cumque
778 2389 924 2426 prefatus
951 2390 1116 2420 archidia-

118 2449 219 2470 conus
246 2463 265 2468 ..
290 2440 391 2477 priori
414 2439 452 2469 de
477 2440 590 2470 Cuwic
612 2449 745 2469 causam
771 2441 1018 2478 subdelegasset
1041 2452 1116 2472 ean-

117 2493 201 2527 dem,
220 2497 248 2522 et
268 2492 355 2521 idem
376 2492 608 2529 subdelegatus
631 2492 738 2530 ipsum
761 2493 998 2523 subdiaconum
1022 2495 1118 2525 resti-

116 2545 274 2575 tuendum
295 2545 382 2578 fore,
408 2544 529 2573 auditis
551 2544 628 2573 hinc
652 2544 728 2574 inde
753 2545 945 2583 propositis,
967 2547 1117 2584 exigente

113 2597 259 2636 justitia.
285 2596 527 2626 sententialiter
552 2596 763 2631 decrevisset,
790 2597 879 2635 quia,
906 2598 1009 2635 partis
1037 2599 1117 2629 alte-

117 2649 187 2679 rius
206 2649 348 2678 faciente
368 2647 509 2682 malitia,
530 2648 773 2678 restitutionem
790 2649 896 2687 ipsius
913 2650 1035 2687 capelle
1052 2660 1117 2680 non

116 2702 222 2740 potuit
254 2701 420 2736 obtinere,
458 2705 585 2730 nostras
623 2701 662 2730 ad
697 2701 892 2739 magistrum
922 2703 1117 2733 Haimonem

119 2754 157 2784 de
173 2753 415 2788 Raddenchalc,
440 2758 598 2783 rectorem
623 2753 761 2783 ecclesie
781 2754 819 2784 de
845 2755 1116 2793 Massingetham,

118 2806 345 2836 Norwicensis
366 2806 521 2841 diocesis,
540 2806 684 2835 obtinuit
706 2806 844 2841 litteras,
868 2811 918 2842 ut,
945 2816 1018 2837 eum
1042 2818 1118 2846 pars

150 2930 170 2954 1.
186 2929 348 2960 J[ohannes]
370 2929 403 2953 dc
424 2929 571 2953 Ferentino
589 2930 633 2960 (ef.
655 2937 755 2960 supra,
777 2936 803 2954 n.
824 2930 879 2960 271,
901 2930 960 2961 552,
976 2931 1030 2961 946,
1048 2932 1118 2963 2590,

119 2974 179 2998 3302
194 2977 220 2998 et
238 2974 316 3003 3303).

1197 391 1333 421 adversa
1365 392 1502 421 eandem
1535 391 1694 429 capellam
1725 392 1848 421 faceret
1877 400 1949 421 cum
1981 391 2136 425 armatis,
2165 392 2201 421 in

1197 453 1294 481 grave
1329 444 1479 482 jamdicti
1518 444 1712 473 subdiaconi
1744 444 1981 482 prejudicium,
2022 443 2199 480 custodiri,

1196 500 1328 534 propter
1349 497 1435 534 quod
1454 497 1698 534 possessionem
1720 497 1790 535 ejus
1810 497 2002 535 nequiverat
2021 497 2202 535 apprehen-

1197 549 1272 577 dere
1296 548 1516 586 corporalem,
1544 549 1706 587 inquisita
1734 558 1832 587 super
1856 549 1923 579 hiis
1949 549 2144 586 diligentins
2170 554 2201 579 et

1197 601 1327 637 cognita
1354 601 1507 636 veritate,
1532 601 1772 631 subdiaconum
1801 602 1909 639 ipsum
1936 602 1969 631 in
1998 602 2200 640 corporalem

1196 653 1441 690 possessionem
1463 654 1588 690 prefate
1609 653 1748 691 capelle,
1774 653 1859 683 sicut
1875 654 2001 692 justum
2020 659 2122 689 esset,
2147 654 2202 684 in-

1196 705 1320 734 ducens
1343 714 1379 734 ac
1405 705 1585 735 defendens
1608 706 1792 741 inductum,
1816 707 1938 736 faceret
1961 707 2024 736 sibi
2047 707 2199 737 obtentas

1196 757 1363 787 hincinde
1378 758 1506 787 litteras
1520 762 1549 787 et
1561 767 1736 796 processus
1751 767 1809 796 per
1821 767 1875 788 eas
1890 758 2021 789 habitos
2038 759 2200 795 exhiberi,

1196 809 1382 839 detentores
1406 810 1445 839 ad
1467 809 1706 840 exhibitionem
1730 819 1858 845 eorum,
1887 811 1915 839 si
1944 820 2078 841 necesse
2104 812 2200 847 foret,

1195 871 1253 899 per
1275 871 1447 891 censuram
1471 862 1742 897 ecclesiasticam,
1766 863 1985 901 appellatione
2006 864 2200 902 postposita,

1195 913 1431 952 compellendo,
1447 923 1581 944 causam
1593 923 1667 944 cum
1680 915 1803 945 eisdem
1818 915 1938 945 litteris
1949 920 1979 945 et
1990 916 2202 954 processibus

1195 966 1235 996 ad
1251 975 1386 996 examen
1401 966 1619 1004 apostolicum
1633 968 1903 1002 transmissurus,
1915 969 2038 1006 pretixo
2051 968 2202 1006 partibus

1196 1019 1337 1049 termino
1368 1024 1509 1057 quatuor
1539 1020 1707 1049 mensium
1741 1029 1759 1049 a
1795 1020 1982 1058 receptione
2012 1021 2202 1050 litterarum

1195 1072 1354 1110 ipsarum,
1381 1081 1478 1110 quem
1504 1072 1552 1102 eis
1575 1072 1833 1110 peremptorium
1859 1073 2117 1111 assignavimus,
2137 1083 2202 1113 quo

1196 1134 1253 1163 per
1276 1134 1310 1154 se
1332 1124 1384 1154 vel
1403 1129 1633 1162 procuratores
1656 1125 1793 1155 idoneos
1819 1129 1931 1155 nostro
1952 1135 1986 1155 se
2010 1126 2203 1164 conspectui

1195 1182 1436 1215 presentat-ent,
1462 1178 1589 1207 facture
1614 1181 1645 1207 et
1670 1182 1840 1215 recepture
1864 1178 1950 1216 quod
1970 1178 2101 1217 justitia
2125 1187 2203 1208 sua-

1196 1231 1295 1260 deret.
1309 1230 1371 1260 Sed
1382 1239 1457 1268 pars
1470 1230 1619 1265 adversa,
1631 1230 1750 1268 spiritu
1761 1230 1800 1259 ad
1814 1231 2003 1268 superbiam
2016 1231 2199 1268 obfirmato,

1196 1291 1255 1312 nec
1268 1282 1409 1312 eundem
1423 1282 1663 1312 subdiaconum
1675 1282 1861 1317 restituere,
1881 1282 2059 1320 diligenter
2074 1283 2114 1312 ab
2129 1283 2203 1322 ipso

1196 1335 1354 1373 magistro
1367 1335 1504 1370 monita,
1518 1344 1577 1365 nec
1591 1335 1719 1365 litteras
1733 1339 1763 1365 et
1774 1335 2051 1374 processusjuxta
2062 1336 2203 1366 formam

1195 1387 1342 1417 mandati
1360 1387 1531 1425 apostolici
1547 1387 1652 1417 voluit
1671 1387 1844 1423 exhibere;
1865 1393 1997 1426 propter
2013 1388 2100 1427 quod
2114 1389 2206 1419 idem·

1196 1440 1355 1477 magister
1367 1445 1431 1469 tam
1444 1440 1479 1469 in
1491 1440 1598 1478 ipsam
1610 1449 1708 1478 quam
1720 1440 1754 1469 in
1769 1440 1927 1479 quosdam
1943 1441 2202 1478 Lincolniensis,

1197 1493 1435 1523 Bathoniensis
1458 1498 1489 1523 et
1512 1493 1778 1523 Saresberiensis
1801 1493 1984 1529 diocesum,
2007 1493 2063 1532 qui
2087 1494 2123 1523 in
2148 1502 2204 1524 ca-

1196 1546 1281 1584 pella
1300 1546 1464 1585 predicta,
1486 1546 1681 1576 auctoritate
1698 1550 1811 1575 nostra
1829 1546 2005 1575 interdicto
2020 1546 2201 1585 supposita,

1197 1599 1309 1629 divina
1326 1598 1505 1632 celebrare,
1523 1607 1559 1628 ac
1576 1598 1658 1628 alias
1675 1607 1791 1636 graves
1805 1598 1912 1628 eidem
1930 1598 2072 1638 injurias
2091 1604 2122 1629 et
2136 1600 2204 1639 Jac-

1198 1658 1288 1682 turas
1314 1652 1439 1682 inferre
1464 1655 1754 1690 presumpserunt,
1780 1651 2010 1690 suspensionis
2033 1653 2150 1690 primo,
2172 1656 2204 1683 et

1197 1705 1328 1735 demum
1343 1703 1696 1735 excommunicationis
1708 1708 1739 1734 et.
1750 1704 1918 1734 interdicti
1933 1705 2116 1735 sententias
2130 1714 2204 1744 pro-

1197 1758 1367 1796 mulgavit.
1391 1757 1605 1788 Postmodum
1621 1766 1713 1794 vero,
1733 1766 1807 1787 cum
1830 1766 1906 1795 pars
1924 1758 2076 1793 adversa,
2094 1762 2130 1788 ut
2145 1767 2204 1796 per

1197 1812 1374 1841 varietates
1392 1810 1664 1840 commissionum
1680 1814 1791 1848 posset
1809 1810 2089 1848 inexplicabiliter
2102 1811 2203 1841 intri-

1197 1873 1270 1894 care
1290 1864 1469 1901 negotium,
1489 1863 1528 1892 ad
1545 1872 1604 1892 nos
1622 1871 1656 1892 se
1676 1862 1858 1901 appellasse
1876 1872 2074 1901 proponens,
2092 1872 2204 1893 coram

1197 1942 1217 1947 ..
1238 1918 1347 1955 priore
1370 1916 1488 1946 Sancte
1510 1915 1740 1954 Frideswid[e]
1764 1915 1901 1954 suisque
1922 1915 2072 1953 collegis,
2090 1919 2204 1946 aucto-

1197 1971 1294 2000 ritate
1311 1969 1529 2008 quarumdam
1543 1968 1730 1998 litterarum
1743 1973 1942 2003 nostrarum,
1958 1969 2054 1998 citari
2069 1969 2205 1999 fecisset

1198 2023 1356 2058 eundem,
1375 2031 1412 2052 ex
1432 2026 1523 2060 parte
1540 2021 1646 2059 ipsius
1662 2021 1726 2050 fuit
1742 2021 1776 2049 in
1798 2021 1965 2059 presentia
1984 2030 2098 2051 eorum
2116 2020 2205 2051 exci-

1196 2076 1317 2114 piendo
1333 2075 1536 2113 propositum
1557 2082 1591 2104 se
1610 2082 1676 2104 non
1692 2082 1788 2112 posse
1805 2082 1862 2111 per
1877 2073 1959 2103 tales
1977 2073 2105 2104 litteras
2126 2081 2205 2104 con-

1199 2128 1317 2164 veniri,
1340 2138 1403 2167 que
1422 2127 1460 2157 de
1482 2127 1604 2156 litteris
1628 2126 1667 2156 ad
1688 2126 1873 2164 predictum
1893 2126 2090 2164 magistrum
2111 2127 2206 2165 Hay-

1198 2190 1329 2211 monem
1346 2180 1502 2215 obtentis,
1521 2184 1551 2209 et
1568 2179 1654 2218 quod
1674 2179 1947 2217 supranominata
1963 2188 2062 2209 causa
2078 2183 2148 2209 erat
2164 2179 2205 2208 ad

1198 2243 1335 2265 examen
1354 2233 1571 2272 apostolicum
1589 2241 1664 2262 cum
1685 2231 1897 2270 processibus
1920 2240 1991 2261 earn
2008 2232 2206 2270 contingen-

1199 2288 1287 2317 tibus
1310 2291 1478 2321 revocata,
1501 2285 1626 2315 nullam
1648 2285 1815 2314 faciebant
1833 2285 1966 2322 penitus
1987 2284 2204 2314 mentionem.

1199 2340 1262 2371 Sed
1276 2340 1353 2378 quia
1368 2339 1447 2369 dicti
1458 2339 1598 2377 judices,
1612 2338 1673 2367 hac
1684 2337 1790 2375 ipsius
1803 2337 1993 2375 exceptione
2005 2341 2203 2376 contempta,

1198 2393 1233 2422 in
1251 2393 1322 2430 ipso
1340 2392 1471 2429 negotio
1488 2396 1610 2422 temere
1626 2390 1857 2428 procedebant,
1876 2390 1974 2425 idem,
1993 2399 2031 2420 ex
2048 2389 2110 2420 hoc
2127 2398 2204 2419 sen-

1200 2445 1284 2474 tiens
1316 2444 1463 2474 indebite
1494 2452 1528 2473 se
1559 2443 1704 2481 gravari,
1738 2447 1885 2472 nostram
1915 2442 2118 2471 audientiam
2148 2451 2206 2480 ap-

1199 2497 1344 2535 pellavit.
1368 2498 1477 2533 Quare
1500 2496 1595 2525 nobis
1620 2496 1786 2534 sepedicto
1810 2495 2012 2525 subdiacono
2034 2494 2208 2525 humiliter

1201 2550 1406 2588 supplicante
1429 2554 1479 2584 ut,
1499 2558 1588 2584 cum,
1607 2549 1679 2587 ipso
1700 2549 1734 2577 in
1756 2548 1879 2586 prefixo
1899 2547 1964 2577 sibi
1987 2547 2128 2577 termino
2148 2555 2207 2585 per

1200 2606 1445 2640 procuratorem
1472 2601 1629 2631 idoneum
1661 2604 1887 2639 comparente,
1916 2608 1992 2637 pars
2018 2599 2121 2630 altera
2145 2608 2208 2629 nec

1201 2655 1328 2684 venerit
1344 2663 1404 2684 nec
1425 2654 1581 2683 direxerit
1600 2653 1761 2691 aliquem,
1783 2661 1840 2690 per
1856 2652 2004 2690 quinque
2023 2660 2154 2682 menses
2175 2655 2208 2682 et

1201 2707 1342 2745 amplius
1362 2710 1433 2744 post
1450 2706 1629 2736 terminum
1648 2708 1827 2743 expectata,
1845 2708 1941 2742 prout
1960 2703 2099 2734 dilectus
2115 2703 2206 2734 filius

1201 2764 1312 2789 noster
1328 2758 1546 2798 G[nifredus].
1565 2758 1654 2787 tituli
1671 2757 1783 2787 Sancti
1799 2757 1902 2786 Marci
1918 2756 2082 2795 presbiter
2098 2755 2206 2786 cardi-

1201 2812 1302 2847 nalis,
1324 2807 1421 2850 quem
1442 2820 1542 2849 super
1562 2811 1624 2840 hoc
1643 2810 1828 2840 auditorem
1851 2809 2092 2845 concessimus,
2111 2808 2207 2839 nobis

1200 2864 1314 2894 retulit
1334 2864 1409 2893 viva
1427 2872 1521 2898 voce,
1539 2863 1712 2901 providere
1736 2861 1800 2892 sibi
1819 2870 1918 2899 super
1933 2861 2010 2897 hoc,
2031 2869 2106 2891 cum
2124 2862 2204 2901 giam,

1201 2917 1333 2946 attritus
1345 2916 1514 2946 laboribus
1531 2919 1562 2945 et
1576 2915 1756 2945 exhaustus
1769 2913 1934 2952 expensis,
1947 2923 1964 2943 a
1976 2914 2207 2952 prosecutione

1197 2968 1283 3007 Juris
1305 2968 1358 2998 sui
1379 2968 1540 2998 desistere
1560 2971 1748 3005 cogeretur,
1767 2965 1946 2996 salubriter
1965 2966 2178 3004 dignaremur
2196 2975 2204 2994 ε
