2519 3518
68 313 127 344 285
904 302 1132 340 NEUVIEME
1153 303 1312 340 ANNEE.
1995 348 1998 352 Α
2088 311 2146 340 286

70 381 221 418 quartam
237 382 327 408 extra
343 386 435 407 suam
453 377 609 407 diocesim
621 385 696 415 pars
708 376 809 406 altera
826 384 888 405 non
907 374 1067 404 trahatur.

71 431 208 462 Proviso
235 439 275 461 nc
300 430 333 460 in
359 419 476 460 tem-am
501 430 579 459 ‹ncn
604 429 724 459 nobilis
748 434 809 459 etc.
835 417 928 465 Qtiod
951 427 979 456 si
1003 435 1067 457 non

70 491 185 514 omnes
203 487 264 514 etc.
286 483 359 512 Dat.
375 482 533 518 viterbii,
553 483 600 513 111
618 482 692 512 idus
710 482 838 515 martii,
858 481 1068 520 pontificatus

70 535 175 566 nostri
192 543 278 566 anno
293 543 388 566 nono.
410 547 423 561 ι»

140 725 257 754 8008
643 725 775 757 Viterbe,
791 725 808 752 9
824 734 901 752 mars
920 725 998 751 1236.

105 787 335 821 Arehiepiscopo
355 787 533 818 Turonensi,
550 786 648 814 abbati
674 787 774 814 Sancti
793 787 904 815 Juliani
921 790 948 813 et
964 785 1070 813 subde-

71 843 143 863 cano
158 834 244 863 Beati
259 834 384 862 Martini
399 835 626 867 Turonensinm,
640 850 670 853 —
685 844 750 862 cum
763 835 852 862 abbas
867 839 895 862 et
909 838 1070 861 conventus

70 883 194 917 Majoris
221 883 395 910 Monasterii
422 883 616 916 Turonensis,
644 883 829 910 attendentes
854 883 951 916 sigillo
978 883 1070 917 ipsius

72 931 242 958 monasterii
258 930 367 965 absque
389 931 517 965 ipsorum
539 932 729 959 conniventia
750 932 938 965 quamplures
953 931 1071 958 cednlas

71 980 100 1005 et
116 979 230 1006 litteras
245 979 382 1013 sigillari,
399 979 429 1006 in
450 988 598 1006 enormem
615 980 688 1006 dicti
709 980 876 1006 {nonasterii
897 980 1070 1010 laesionem,

71 1027 244 1053 statuissent
270 1030 302 1053 ut
326 1028 426 1054 nullus
445 1027 482 1054 de
508 1031 602 1054 cetero
622 1027 720 1061 sigillo
740 1028 862 1062 praefati
890 1027 1070 1059 monasterii,

72 1074 130 1101 nisi
145 1074 250 1101 abbate
266 1077 417 1108 praesente
429 1083 463 1101 ac
481 1075 682 1102 consentiente
697 1078 842 1102 conventu
852 1097 858 1104 ,
876 1078 1072 1110 praesumeret

71 1121 190 1149 cedulas
206 1123 253 1149 vel
268 1122 382 1149 litteras
397 1122 511 1156 aliquas
527 1123 668 1155 sigillare.
682 1137 712 1141 —
724 1123 869 1155 signifieat
884 1132 914 1149 se
927 1123 1001 1149 illud
1016 1125 1071 1149 sta-

72 1172 169 1197 tutum
191 1170 377 1201 confirmare,
401 1170 500 1204 eisque
524 1171 644 1197 mandat
666 1174 809 1204 quatenus
833 1179 880 1197 eos
902 1171 950 1204 qui
972 1173 1071 1198 contra

73 1218 338 1252 praesumpserint,
364 1218 499 1252 puniant.
515 1233 546 1237 —
569 1219 655 1250 (nm.
677 1219 726 1251 18,
750 1220 769 1245 f.
793 1220 844 1246 117
864 1222 903 1250 r‘¹;
927 1227 995 1245 ann.
1018 1219 1070 1250 lx,

72 1274 98 1293 c.
112 1265 178 1298 42ος
194 1280 225 1284 -
242 1265 374 1294 Momm]
388 1265 470 1298 1190,
488 1268 507 1292 f.
524 1266 599 1298 237.)

115 1378 128 1393 α
151 1389 170 1395 ..
187 1366 426 1403 archiepiscopo,
454 1388 473 1394 ..
494 1366 596 1394 abbati
611 1366 718 1395 Sancti
734 1367 857 1395 Iuliani
876 1371 902 1395 et
926 1389 943 1394 ..
966 1367 1072 1395 subde-

73 1427 149 1448 cano
172 1419 256 1448 Beati
283 1419 412 1447 Martini
435 1418 694 1457 Turonen[sibus].
725 1418 940 1448 Attendentes
961 1418 1072 1448 dilecti

73 1470 135 1500 filii
150 1487 199 1499 —.
216 1471 289 1500 Dat.
307 1469 461 1504 Viterbii.
479 1470 542 1499 VII
558 1469 632 1499 idus
646 1470 769 1505 martii,
787 1478 874 1500 anno
890 1479 987 1500 nono.
1007 1482 1020 1496 n

142 1659 260 1688 8009
627 1659 764 1691 Viterbe,
780 1659 814 1686 15
830 1667 908 1686 mars
922 1659 1001 1686 1236.

107 1720 218 1748 Abbati
231 1722 259 1748 et-
272 1720 430 1747 conventui
444 1719 568 1754 Majoris
580 1719 755 1747 Monasterii
770 1720 948 1747 Turonensis
959 1721 1074 1755 suppli-

72 1768 209 1796 cantibus
222 1768 369 1803 siguiflcat
383 1776 414 1794 se
428 1767 563 1795 inhibere
576 1775 612 1794 ne
625 1768 691 1801 quis
703 1767 740 1794 ad
754 1768 841 1802 ipsos
854 1768 958 1802 quibus
974 1770 1075 1803 regula

73 1817 168 1844 saneti
186 1816 341 1844 Benedicti
357 1816 490 1843 earnium
506 1824 559 1842 usu
574 1815 780 1848 interdicebat,
796 1816 956 1849 divertens,
973 1825 1074 1844 earnes

73 1865 158 1892 edere
173 1865 252 1892 infra
267 1865 395 1899 ipsorum
417 1865 586 1892 monasterii
602 1867 683 1898 septa
702 1867 884 1899 praesumat,
901 1865 1073 1899 praesertim

73 1921 141 1940 cum
159 1913 192 1940 in
213 1913 313 1939 eodem
334 1904 511 1940 monasterio
533 1920 634 1939 carnes
655 1913 825 1940 nullatenus
841 1913 1072 1946 comederentur,

73 1961 133 1988 nisi
152 1961 184 1988 in
204 1961 319 1988 casibus
341 1960 372 1987 in
393 1960 494 1987 eadem
517 1960 616 1993 regula
636 1960 864 1994 comprehensis.
880 1975 912 1978 —
928 1961 1014 1992 (Rue.
1029 1961 1072 1993 18,

73 2009 95 2036 f.
111 2008 163 2036 117
176 2011 212 2041 r⁰;
229 2016 298 2035 ann.
314 2008 366 2040 IX,
381 2016 405 2034 c.
419 2007 494 2039 421.)

117 2120 131 2134 u
157 2131 177 2137 ..
199 2108 300 2136 abbati
317 2112 342 2136 el
360 2108 524 2137 conuentu-i
539 2107 663 2144 MaJoris
684 2108 859 2136 illonasterii
879 2108 1072 2143 Turonensis,

74 2160 196 2190 ordinis
217 2160 317 2189 sancti
335 2159 498 2188 Benedicti.
517 2159 677 2194 Quotiens
695 2167 713 2188 a
733 2158 827 2188 nobis
848 2176 896 2187 —.
922 2160 995 2189 Dat.
1014 2161 1074 2190 Vi-

75 2211 185 2247 terbii,
205 2211 316 2241 idibus
333 2211 454 2245 martii,
475 2219 562 2241 anno
579 2219 676 2240 nono.
696 2222 709 2236 ιι

147 2399 268 2428 3010
650 2399 786 2432 Viterbe,
800 2400 816 2427 3
832 2408 909 2428 mars
924 2401 1002 2429 1236.

113 2461 257 2496 Episcopo
271 2463 300 2487 et
314 2460 424 2487 decano
440 2459 668 2491 Parisiensibus,
684 2463 712 2486 et
728 2461 811 2488 fratri
828 2461 963 2494 Roberto‚
982 2471 1075 2496 quon—

76 2509 146 2537 dam
161 2508 261 2536 abbati
282 2508 415 2535 Blesensi
433 2509 478 2539 (=
495 2507 597 2535 Sancti
614 2508 793 2535 Launomari
808 2509 978 2543 Blesensis),
995 2519 1075 2537 com—

78 2557 174 2585 mittit
186 2555 394 2591 inquirendam
411 2563 528 2582 causam
545 2563 618 2590 quae
629 2555 707 2582 inter
719 2556 887 2591 episcopum
901 2558 1075 2586 Trecensem

79 2607 110 2632 et
129 2603 266 2632 abbatem
290 2603 431 2630 ecclesiae
451 2603 553 2630 Sancti
577 2603 653 2638 Lupi
672 2603 824 2631 Trecensis
844 2613 930 2639 super
948 2605 1076 2640 inquisi-

79 2652 160 2680 tione
178 2651 216 2680 ab
235 2651 336 2679 eodem
361 2651 495 2686 episcopo
516 2651 654 2678 Trecensi
678 2655 876 2687 praesumpta,
898 2653 1075 2687 vertebatur,

80 2700 180 2734 eisque
202 2699 323 2727 mandat
343 2702 501 2733 quatenus,
522 2699 547 2726 si
567 2700 882 2727 excommunicationis
897 2702 1075 2729 sententiam

81 2748 114 2776 in
126 2748 261 2776 eumdem
276 2747 413 2775 abbatem
430 2756 447 2775 a
466 2749 596 2782 praefato
612 2748 746 2782 episcopo
761 2749 975 2783 promulgatam
991 2750 1076 2777 inve-

82 2795 180 2823 nerint
199 2795 255 2822 rite
273 2796 379 2828 latam,
394 2796 493 2830 ipsum
509 2796 660 2828 abbatem,
677 2805 763 2830 quem
784 2797 846 2831 ipse
862 2805 936 2831 papa
952 2805 1002 2831 per
1017 2798 1077 2824 fra-

81 2845 157 2871 trem
178 2843 406 2877 Raymundum,
429 2844 616 2878 capellanum
639 2847 667 2871 et
687 2844 949 2878 paenitentiarium
973 2854 1076 2878 suum,

83 2890 197 2918 absolvi
218 2891 326 2918 fecerat
347 2891 383 2918 ad
405 2893 562 2923 cautelam,
588 2892 625 2918 ad
649 2892 881 2919 satisfactionem
907 2895 1028 2926 cogant3
1052 2893 1077 2920 si

83 2938 252 2965 satisfacere
271 2938 398 2966 noluerit
418 2939 496 2966 idem
513 2939 616 2971 abbas.
633 2939 663 2965 in
680 2939 995 2966 excommunicationis
1011 2948 1078 2967 sen-

1150 375 1273 402 tentiam
1291 376 1431 403 reducant
1446 377 1593 404 eumdem.
1618 392 1647 396 —
1668 378 1754 408 (Rae.
1772 377 1815 408 18.
1835 379 1854 404 i.
1872 377 1922 404 117
1938 380 1981 408 v·;
1997 385 2066 403 ann.
2082 376 2141 409 tx,

1149 431 1174 449 c.
1190 423 1257 455 4⁴22:
1274 439 1304 442 —
1321 424 1452 452 Monam
1467 425 1545 457 1190,
1564 427 1582 452 t.
1597 426 1671 457 232.)

1191 543 1203 555 «x
1225 553 1245 558 ..
1262 533 1396 569 episcopo
1411 537 1437 560 et
1455 555 1474 560 ..
1489 533 1599 561 decano
1615 533 1847 566 Parisiensihns,
1865 538 1890 561 e!
1904 533 2000 568 fratri
2014 533 2145 565 [roberto.

1149 583 1301 618 quondam
1313 584 1415 612 abbati
1427 585 1566 618 Blesensi.
1584 586 1776 615 Car-nolensis
1789 586 1923 614 diocesis.
1938 585 2146 616 Constitutus

1150 633 1185 662 in
1211 635 1377 672 presentia
1407 641 1518 666 nostra
1544 637 1683 667 dilectus
1712 637 1799 667 iilius
1827 661 1846 666 ..
1877 638 1978 667 abbas
2007 637 2145 667 ecclesie

1151 686 1262 715 Sancti
1291 687 1372 725 Lupi
1399 689 1572 718 Trecensis
1598 690 1764 727 proposuit
1791 699 1899 719 coram
1927 689 2021 719 nobis
2045 689 2143 728 quod,

1151 746 1225 767 cnm
1252 739 1451 769 venerabilis
1477 741 1578 770 frater
1601 746 1748 771 noster..
1771 741 1943 771 Trecensis
1960 742 2143 779 episcopus.

1152 795 1223 828 post
1243 791 1527 822 denuntiationem
1550 794 1754 832 quorundam
1775 794 1837 823 sihi
1859 799 1971 823 contra
1995 794 2146 824 abbatem

1152 843 1270 872 saetam
1288 844 1438 874 eundem.
1457 845 1497 874 ad
1512 845 1683 875 ecclesiam
1704 847 1903 876 nominatam
1920 856 2018 876 causa
2032 847 2148 876 visita-

1153 895 1252 925 tionis
1269 896 1417 926 faciende
1437 906 1473 926 ex
1491 898 1597 927 officio
1617 898 1859 928 descendisset.
1880 908 1916 928 ex
1936 904 2025 937 parte
2042 899 2147 937 ipsius

1153 947 1280 977 abbatis
1300 949 1363 977 init
1386 950 1587 987 propositum
1605 960 1714 979 coium
1734 960 1770 980 eo
1787 951 1887 989 quod.
1907 960 1979 980 cum
1996 956 2066 981 orta
2083 960 2146 982 non

1153 999 1269 1029 fuisset
1295 1005 1408 1029 contra
1432 1010 1506 1030 eum
1529 1002 1667 1031 infamia
1687 1003 1755 1032 sive
1778 1002 1900 1032 clamor
1918 1012 1934 1032 a
1954 1003 2098 1041 providis
2117 1008 2148 1033 et

1153 1051 1311 1083 honestis.
1330 1061 1393 1081 non
1411 1059 1490 1084 erat.
1509 1054 1547 1082 ad
1564 1063 1673 1083 vocem
1688 1055 1848 1084 dictorum
1865 1055 2144 1087 denuntiantium.

1153 1112 1227 1132 cum
1245 1109 1354 1134 essent
1369 1105 1440 1143 ejus
1457 1105 1601 1135 malivoli
1619 1111 1647 1135 et
1665 1106 1765 1135 emuli
1782 1107 1960 1142 manifesti,
1980 1108 2019 1136 ad
2035 1108 2148 1146 inqui·

1154 1156 1306 1186 sitionem
1325 1157 1513 1195 hujusmodi
1526 1159 1776 1196 procedendum.
1790 1169 1886 1197 quam
1900 1160 2041 1190 clamosa
2054 1161 2147 1191 dehet

1153 1207 1353 1238 insinuatio.
1368 1209 1460 1247 juxta
1477 1210 1641 1247 generalis
1660 1215 1780 1240 statuta
1799 1212 1948 1242 concilii.
1966 1213 2148 1250 prevenire.

1155 1260 1193 1289 Et
1220 1261 1376 1298 quoniam
1406 1261 1578 1299 episcopus
1603 1262 1802 1292 antedictus.
1832 1263 1937 1301 ipsius
1961 1264 2150 1302 exceptione

1154 1320 1219 1341 non
1242 1312 1397 1342 admissa.
1423 1314 1595 1344 associatis
1616 1314 1679 1343 sil-i
1705 1315 1901 1353 quibusdam
1928 1316 1957 1345 ei
1984 1320 2071 1345 certa
2098 1325 2151 1345 ra-

1154 1364 1242 1394 tione
1262 1365 1439 1402 suspectis,
1459 1374 1533 1394 cum
1551 1371 1661 1396 essent
1682 1367 1752 1405 ejus
1772 1367 1950 1397 adversarii
1968 1369 2148 1403 manifesti,

1154 1425 1190 1446 eo
1205 1417 1291 1454 quod
1303 1425 1401 1455 super
1414 1418 1680 1455 possessionibus
1695 1423 1724 1448 et
1741 1419 1838 1449 rebus
1851 1420 1926 1449 aliis
1943 1421 2030 1450 inter
2042 1422 2150 1459 ipsum

1154 1472 1185 1498 et
1202 1468 1277 1499 illos
1293 1479 1402 1499 coram
1418 1470 1576 1508 delegatis
1599 1480 1617 1501 a
1640 1471 1734 1500 nobis
1747 1472 1915 1510 judicibus
1931 1474 2060 1511 questio
2078 1483 2152 1503 ver-

1153 1526 1288 1557 teretur,
1310 1526 1405 1560 prout
1425 1523 1513 1553 idem
1535 1525 1705 1562 proposuit
1726 1533 1835 1554 coram
1859 1533 1913 1559 eo,
1941 1525 1982 1554 ad
2007 1525 2152 1564 inquisi-

1155 1575 1277 1604 tionem
1291 1575 1453 1614 prefatam
1466 1580 1588 1606 temere
1600 1577 1794 1615 procedebat
1811 1587 1817 1605 τ
1832 1578 1930 1608 idem.
1944 1582 2076 1616 propter
2090 1578 2151 1608 hoc

1154 1631 1185 1657 et
1205 1627 1287 1657 alias
1305 1616 1422 1657 causas
1439 1627 1605 1665 legitimas
1621 1629 1769 1658 sentiens
1792 1629 1938 1659 indebite
1955 1638 1990 1660 se
2008 1630 2149 1668 gravari.

1155 1683 1301 1709 nostram
1321 1679 1525 1709 audientiam
1545 1680 1732 1718 appellavit.
1759 1681 1822 1711 Sed
1843 1682 1949 1711 dict-us
1966 1682 2149 1720 episcopus,

1154 1730 1302 1767 legitima
1327 1731 1398 1769 ejus
1423 1731 1641 1769 appellatione
1666 1737 1861 1771 contempta.
1888 1735 2152 1764 excommunica-

1157 1783 1256 1812 tionis
1280 1783 1318 1812 de
1339 1784 1424 1812 sacto
1446 1783 1663 1821 promulgavit
1681 1785 1878 1814 sententiam
1896 1786 1929 1814 in
1946 1786 2087 1815 eundem
2101 1803 2151 1815 —.

1156 1836 1228 1864 Dat.
1246 1835 1399 1865 Yiterbii.
1416 1836 1443 1865 V
1456 1844 1559 1865 nonas
1574 1837 1696 1870 martii.
1715 1846 1801 1866 anno
1817 1846 1914 1867 nono.
1934 1850 1947 1863 n

1225 2031 1312 2060 301
1324 2032 1344 2060 1
1717 2033 1848 2065 Viterbe,
1863 2035 1896 2060 15
1910 2042 1987 2061 mars
2002 2035 2080 2062 1236.

1190 2095 1308 2121 Decano
1318 2096 1345 2121 et
1357 2094 1487 2128 capitulo
1501 2094 1730 2128 Legionensibus
1744 2095 1863 2121 mandat
1875 2098 2028 2129 quatenus,
2042 2111 2073 2114 —
2085 2105 2150 2123 cuni

1155 2142 1282 2169 decanus
1295 2142 1561 2177 Compostellanus,
1575 2142 1668 2176 ipsius
1684 2151 1775 2176 papae
1789 2143 1998 2175 subdiaconus,
2016 2145 2155 2178 magister

1155 2191 1320 2217 scholarum
1337 2190 1477 2217 ecclesiae
1493 2190 1692 2223 Legionensis,
1706 2199 1722 2217 a
1738 2190 1872 2224 pluribus
1887 2191 2036 2218 canonicis
2050 2192 2153 2226 Legio-

1155 2238 1295 2265 nensibus
1315 2238 1346 2265 in
1367 2238 1577 2272 Legionensem
1600 2238 1767 2272 episcopum
1789 2239 1913 2271 electus,
1937 2240 2063 2273 quadam
2086 2249 2154 2268 vero

1155 2288 1238 2320 parte
1250 2285 1457 2313 canonicorum
1473 2286 1702 2317 contradicente,
1718 2286 1748 2312 in
1763 2286 1899 2313 manibus
1910 2295 2002 2321 papae
2012 2288 2154 2322 resignas-

1155 2336 1209 2366 set,
1228 2348 1260 2352 —
1282 2333 1340 2361 sibi
1362 2334 1537 2368 provideant
1558 2334 1594 2360 de
1618 2342 1741 2368 persona
1765 2334 1870 2361 idonea
1888 2335 1919 2361 in
1942 2338 2098 2370 pastorem.
2121 2351 2152 2355 —

1155 2382 1242 2412 (Rae.
1262 2381 1306 2414 18,
1323 2382 1344 2408 f.
1358 2382 1410 2408 117
1424 2384 1468 2414 v·;
1485 2389 1555 2408 ann.
1572 2381 1625 2414 IX,
1642 2390 1667 2408 c.
1686 2381 1761 2413 4231)

1198 2492 1211 2507 α
1229 2503 1250 2509 ..
1267 2481 1379 2510 decano
1394 2486 1420 2510 et
1436 2482 1570 2519 capitulo
1584 2482 1825 2519 Legionensibus.
1843 2481 1939 2518 Cum,
1957 2483 2155 2520 Legionensi

1157 2532 1296 2562 ecclesia
1312 2550 1362 2561 —.
1381 2534 1453 2563 Dat.
1471 2533 1630 2564 Viterbii.
1648 2533 1759 2563 idibus
1775 2534 1901 2568 martii,
1920 2542 2006 2564 anno
2022 2543 2119 2565 nono.
2139 2547 2153 2562 n

1226 2734 1346 2764 3⁰¹2

1191 2797 1420 2832 Archiepiscopo
1436 2798 1569 2830 Bai-ensi,
1584 2806 1669 2832 quem
1687 2802 1767 2824 extra
1784 2806 1852 2825 suae
1867 2799 2036 2832 provinciae
2051 2800 2154 2826 termi-

1157 2853 1208 2872 nos
1223 2846 1373 2880 oportebat
1389 2847 1578 2878 commorari,
1596 2846 1725 2877 indulget
1745 2850 1773 2872 ut
1784 2868 1790 2873 .
1807 2854 1872 2872 eum
1893 2855 1942 2880 pro
1957 2847 2155 2881 suffraganeo-

1157 2901 1222 2919 rum
1245 2894 1462 2921 eonsecratione
1484 2902 1517 2920 ae
1539 2894 1710 2920 clericorum
1734 2894 1917 2920 ordinatione
1939 2894 1975 2921 ad
2000 2895 2152 2922 ecclesiam

1157 2940 1285 2968 alienam
1310 2941 1478 2974 declinarit,
1503 2941 1604 2968 utendi
1626 2941 1716 2975 pallio
1740 2942 1909 2968 facultatem
1932 2933 2046 2973 habeat,
2067 2943 2154 2969 dum-

1717 2735 1852 2768 Viterbe,
1867 2736 1900 2763 15
1914 2744 1990 2763 mars
2005 2737 2083 2764 1236.
