2423 3487
183 290 241 320 427
907 291 1147 321 REGISTRES
1168 290 1224 320 DE
1247 283 1469 321 GREGOIRE
1492 292 1551 321 IX.
2223 294 2284 325 428

185 356 270 391 dem,
301 360 338 385 ut
366 365 449 385 unus
472 357 653 393 procederet,
681 357 708 385 si
736 365 838 386 omnes
869 358 1030 394 nequirent
1057 358 1190 393 forsitan

186 409 339 443 interesse,
386 408 618 446 inquisitionis
655 417 847 446 processum
885 414 999 439 contra
1034 409 1191 439 dilectum

184 460 291 490 filium
314 461 360 495 L.,
381 460 585 498 prepositum
606 460 645 490 de
670 460 884 499 Repesholt¹,
907 471 1006 500 super
1028 462 1109 492 vitio
1134 472 1191 501 sy-

183 513 294 542 monie
312 521 370 550 per
386 513 527 542 eundem
547 513 691 551 priorem
711 513 877 550 habitum,
903 519 976 553 post
998 514 1192 553 appellatio-

182 573 259 595 nem
275 565 315 594 ad
330 574 389 594 nos
409 574 447 595 ex
463 565 671 595 habundanti
688 566 727 595 ab
744 566 816 604 ipso
831 568 1008 605 preposito,
1022 572 1119 606 prout
1138 577 1191 598 as-

183 618 302 653 seruit,
330 618 552 656 interjectam,
578 618 619 648 ad
644 619 861 656 apostolicum
888 620 1017 650 remisit
1040 629 1187 651 examen.

182 670 265 701 Cum
287 674 397 700 autem
417 671 697 701 examinationem
719 672 826 710 ipsius
847 672 966 703 dilecto
988 673 1056 703 filio
1079 678 1191 703 nostro

183 723 384 762 G[uifredo],
414 723 503 753 tituli
530 724 642 754 Sancti
667 725 771 754 Marci
798 725 983 763 presbitero
1010 726 1188 762 cardinali,

182 776 374 806 duxerimus
390 771 670 813 committendam,
690 778 779 816 quia,
798 787 835 807 eo
850 778 1029 816 publicato,
1047 779 1108 808 sub
1126 788 1191 818 qua

181 830 287 859 forma
303 829 460 867 predictis
477 830 579 868 priori
599 834 629 860 et
646 830 781 869 collegis
800 832 870 861 suis
887 832 961 861 data
977 832 1076 862 fuerit
1090 833 1190 871 juris-

181 882 281 912 dictio
298 891 317 912 a
331 882 455 920 legato,
475 887 505 912 et
521 892 562 912 an
581 883 683 914 iidem
700 883 823 922 college
840 893 875 914 se
890 884 1039 923 legitime
1058 894 1190 915 excusa-

184 935 265 970 rint,
290 944 348 965 seu
370 935 408 965 de
429 935 623 974 impotentia
642 937 868 966 constitisset²
884 946 1013 971 eorum,
1036 942 1189 968 utrumve

182 987 365 1017 secundum
374 988 513 1017 formam
525 988 589 1017 sibi
602 989 756 1018 traditam
768 989 896 1028 acjuris
905 990 1065 1026 ordinem,
1077 991 1189 1021 eodem

178 1040 287 1078 legato
303 1040 391 1070 infra
406 1050 463 1070 sue
476 1040 653 1079 legationis
667 1042 825 1072 terminos
838 1043 1010 1079 existente,
1024 1053 1189 1082 processe-

179 1093 234 1128 rit,
250 1093 301 1122 vel
317 1093 433 1123 saltem
450 1094 497 1123 uti
515 1095 691 1124 commissa
706 1095 771 1124 sibi
784 1096 1018 1134 jurisdictione
1035 1097 1187 1135 cepisset,

181 1145 277 1176 nobis
294 1155 360 1175 non
376 1146 482 1185 potuit
498 1147 570 1177 fieri
586 1147 683 1186 plena
698 1148 798 1178 fides:
814 1149 998 1178 venerabili
1008 1150 1103 1179 fratri
1116 1159 1187 1179 nos—

179 1203 228 1228 tro
246 1222 264 1228 ..
287 1199 438 1237 episcopo
459 1204 487 1229 et
505 1200 624 1230 dilecto
640 1200 709 1230 filio
730 1224 748 1229 ..
767 1201 940 1231 scolastico
958 1202 1187 1233 Ildesemensi-

178 1253 240 1282 bus
257 1252 387 1282 dedisse
404 1253 546 1282 dicimur
565 1254 688 1283 nostris
704 1254 826 1283 litteris
842 1255 875 1283 in
892 1256 1055 1293 preceptis
1072 1261 1118 1291 ut⁷
1137 1266 1186 1286 re-

177 1310 291 1336 vocato
312 1306 347 1334 in
366 1306 499 1335 irritum
521 1307 680 1345 quicquid
700 1312 773 1345 post.
791 1308 1044 1346 appellationem
1065 1310 1105 1339 ad
1128 1319 1187 1339 nos

176 1358 326 1396 legitime
346 1359 587 1397 interpositam,
605 1369 663 1398 per
677 1361 874 1399 jamdictum
889 1362 1032 1399 priorem
1050 1363 1101 1392 vel
1117 1363 1187 1402 ejus

178 1412 374 1441 auctoritate
391 1417 555 1442 constaret
580 1417 693 1442 contra
710 1413 818 1451 ipsum
837 1415 1042 1452 prepositum
1065 1420 1187 1446 temere

179 1468 424 1502 attemptatum,
446 1469 475 1494 et
495 1465 656 1504 inquisita
675 1476 773 1504 super
789 1468 962 1504 premissis
980 1473 1009 1498 et
1028 1473 1092 1498 toto
1112 1479 1186 1507 pro-

178 1526 275 1547 cessu
297 1518 417 1556 prioris
437 1518 585 1556 ejusdem
607 1519 802 1557 diligentius
819 1521 972 1556 veritate,
991 1523 1077 1560 quod
1094 1523 1187 1552 inre-

178 1570 302 1606 nirent,
320 1580 425 1609 usque
449 1571 487 1600 ad
511 1572 632 1601 festum
654 1573 811 1602 Omnium
828 1574 1023 1605 Sanctorum
1040 1566 1187 1613 proximo

178 1627 257 1652 tunc
275 1624 423 1652 futurum
441 1624 536 1653 nobis
553 1625 623 1654 suis
639 1625 760 1655 litteris
778 1626 988 1658 intimarent:
1008 1629 1187 1668 (1111111011-

178 1679 229 1706 ter
252 1676 436 1706 absentiam
465 1677 545 1706 dicti
566 1678 740 1715 prepositi,
760 1683 794 1708 ut
818 1679 985 1710 dicebant.
1011 1683 1186 1721 procedere

177 1738 243 1758 non
261 1728 425 1763 valentes,
446 1730 606 1759 infectum
631 1731 670 1761 ad
696 1741 754 1761 nos
774 1733 942 1769 negotium
966 1736 1184 1772 remiserunt,

178 1781 292 1812 eodem
318 1783 484 1820 preposito
508 1783 564 1811 diu
585 1784 670 1821 apud
694 1784 811 1814 Sedem
836 1786 1058 1824 Apostolicam
1084 1789 1187 1819 insis-

178 1837 335 1868 tentent,
359 1843 433 1863 cum
458 1844 516 1864 nce
541 1835 578 1865 de
595 1836 828 1874 jurisdictione
850 1838 970 1875 prioris
995 1839 1101 1877 ipsius
1127 1850 1185 1871 nec

176 1886 215 1916 de
236 1896 411 1924 processus
428 1888 565 1917 veritate
585 1893 761 1923 constaret,
782 1895 933 1920 revocato
949 1901 1105 1929 processu
1124 1893 1186 1923 hu-

171 1939 363 1978 Ι1115010111οι
381 1939 457 1969 aliis
474 1950 537 1978 que
554 1950 591 1970 ex
608 1950 645 1971 eo
660 1947 772 1971 secuta
789 1944 921 1973 fuerant
938 1944 988 1974 vel
1006 1945 1047 1975 ob
1063 1946 1182 1984 ipsum,

176 2001 250 2022 011111
268 2002 284 2021 0
303 1993 447 2031 predicta
463 1993 681 2032 inquisitione
696 1995 866 2026 absolvere
879 1996 1103 2034 dignaremur.
1117 2000 1185 2030 Nos

175 2045 280 2081 enim,
301 2046 339 2075 ad
368 2046 500 2075 eosdem
520 2047 709 2085 episcopum
732 2053 763 2078 et
782 2049 993 2079 scolasticum
1015 2052 1185 2089 negotium

174 2098 398 2134 remittentes,
425 2099 547 2129 nostris
569 2099 616 2129 eis
641 2100 793 2131 dedimus
814 2100 936 2132 litteris
958 2103 993 2132 in
1019 2105 1185 2135 mandatis

173 2155 220 2186 ut,
240 2156 392 2181 revocato
409 2152 443 2180 in
463 2153 607 2188 irritum,
626 2153 654 2182 si
668 2154 747 2192 quid
763 2159 836 2192 post
851 2155 914 2185 iter
928 2156 968 2185 ab
985 2157 1098 2187 eodem
1110 2167 1184 2196 pre-

172 2204 280 2242 posito
297 2204 337 2233 ad
354 2206 553 2242 presentiam
572 2211 718 2236 nostram
740 2212 923 2246 arreptum,
943 2214 1055 2239 contra
1074 2211 1184 2249 ipsum

172 2256 364 2286 invenirent
385 2257 532 2287 indebite
550 2262 794 2297 attemptatum,
815 2261 893 2299 quia
909 2263 1096 2300 prepositus
1113 2264 1183 2302 ipsc

172 2318 239 2339 non
265 2313 391 2348 poterat
421 2311 493 2340 sine
518 2311 681 2349 periculo,
699 2317 735 2342 ut
753 2313 898 2349 dicebat,
917 2315 956 2344 ad
980 2317 1183 2353 presentiam

173 2371 287 2392 eorum
306 2363 475 2397 accedere,
495 2363 558 2392 sibi
583 2364 621 2394 de
640 2364 710 2395 1000
733 2370 802 2396 11110
818 2366 870 2396 vel
891 2367 1067 2398 sufficienti
1088 2379 1183 2400 secu-

170 2415 270 2444 ritate
287 2415 429 2453 111-01150,
449 2416 582 2454 scriptis
603 2418 713 2453 etiam,
732 2428 795 2457 que
813 2420 873 2449 sub
894 2420 985 2451 bulla
1001 2427 1113 2453 nostra
1129 2424 1182 2453 in-

172 2468 315 2498 terclusa
339 2470 598 2506 transmisimus,
624 2471 801 2509 diligenter
823 2473 1000 2512 inspectis⁷
1027 2476 1054 2505 si
1084 2486 1182 2516 super

169 2521 237 2551 hiis
250 2530 313 2560 que
330 2523 571 2553 revocabantur
586 2524 621 2553 in
634 2524 783 2561 dubium,
798 2526 845 2556 eis
862 2527 959 2565 plena
976 2529 1067 2559 tieret
1083 2532 1181 2560 certi-

169 2574 259 2609 tudo,
274 2575 361 2613 quod
377 2581 462 2605 esset
481 2577 677 2606 canonicum
695 2583 839 2609 statuere
851 2587 1084 2618 procurarent,
1104 2583 1181 2614 alio-

169 2627 266 2666 quin,
290 2628 318 2658 si
343 2629 467 2658 dictum
490 2630 633 2668 priorem
655 2631 923 2669 jurisdictionem
941 2643 1005 2663 non
1022 2635 1180 2668 habuisse

169 2684 336 2710 constaret
355 2681 407 2710 vel
427 2681 465 2711 de
491 2682 598 2720 ipsius
622 2692 687 2713 non
710 2688 822 2722 posset
843 2695 1018 2723 processus
1041 2689 1180 2720 veritate

169 2733 290 2769 doceri,
306 2734 490 2772 predictum
507 2745 711 2773 processum,
731 2741 762 2767 et
780 2738 808 2767 si
823 2738 903 2776 quid
919 2748 955 2769 ex
971 2749 1007 2770 eo
1020 2741 1069 2771 vel
1086 2742 1126 2771 ob
1144 2743 1179 2772 11-

168 2785 238 2815 lum
251 2790 401 2815 secutum
413 2792 473 2821 est,
490 2793 694 2825 revocantes,
709 2790 736 2820 si
750 2789 941 2821 invenirent
955 2793 1096 2823 eundem
1109 2805 1179 2833 pre-

197 2903 221 2927 1.
238 2906 288 2928 1115.
305 2913 312 2928 .·
328 2904 488 2935 Reperholt.

195 2947 219 2972 2.
235 2950 285 2972 Ms.
303 2957 310 2972 .·
326 2950 479 2979 extitissct3
498 2957 533 2974 on
549 2951 579 2974 lit
600 2960 611 2974 1(
630 2953 802 2978 constitisset
816 2962 827 2976 11
844 2954 912 2979 dans
928 2956 953 2979 la
969 2956 1045 2987 pie'ce
1060 2958 1130 2983 2621.

1273 356 1418 394 positum
1433 357 1540 387 fuisse
1556 357 1594 388 de
1610 357 1801 397 hujusmodi
1818 359 1898 389 vitio
1914 359 2124 396 infamatum,
2142 356 2282 392 {feritate

1274 418 1374 447 super
1398 409 1459 439 hoc
1479 409 1620 440 sollicite
1638 410 1815 449 inquisita,
1838 415 2022 442 statuerent
2042 413 2130 451 quod
2149 413 2283 452 justitia

1275 461 1440 492 suaderet.
1465 462 1529 492 Sed
1551 467 1752 493 memoratus
1773 463 1957 502 episcopus,
1983 464 2059 494 aliis
2085 469 2278 504 occupatus,

1273 513 1435 543 infectum
1456 515 1625 552 negotium
1651 515 1691 544 ad
1714 524 1773 546 nos
1792 516 1910 546 iterato
1925 517 2070 552 remisit,
2091 527 2282 557 quanquam

1273 566 1361 597 idem
1376 567 1564 605 prepositus
1581 568 1666 606 apud
1682 568 1792 606 ipsum
1808 573 1838 599 et
1854 569 2013 608 collegam
2026 579 2123 600 suum
2139 571 2280 601 multum

1273 618 1446 654 institerit,
1460 623 1493 649 ut
1510 619 1544 648 in
1561 628 1660 650 causa
1676 621 1908 658 procederetur
1920 622 2044 658 eadem,
2060 627 2156 661 prout
2171 622 2283 654 littere

1273 672 1394 710 prefati
1414 672 1558 711 episcopi
1584 673 1680 703 nobis
1702 673 1848 704 exhibite
1873 675 2099 705 continebant.
2125 676 2280 707 Ceterum

1273 725 1373 762 prior,
1395 725 1539 755 decanus
1556 731 1587 756 et
1603 726 1798 756 scolasticus
1818 727 2016 765 supradicti,
2034 729 2207 759 occasione
2223 737 2283 759 cu-

1269 778 1402 817 jusdam
1419 779 1572 817 rescripti
1589 789 1606 809 a
1623 780 1706 810 Sede
1722 780 1922 818 Apostohca,
1938 781 2077 811 veritate
2094 782 2202 818 tacita,
2217 782 2281 812 im-

1273 831 1409 868 petrati,
1434 831 1559 861 dictum
1576 832 1791 870 prepositum,
1815 832 1986 863 absentem
2006 838 2037 864 et
2057 834 2213 870 inscium,
2240 835 2281 865 (10

1272 884 1359 913 facto
1402 885 1611 922 prepositura
1651 885 1895 916 sententialiter
1937 886 2168 924 privaverunt,
2207 896 2279 918 eam

1272 937 1500 976 Alex[andro],
1519 939 1693 968 Bremensi
1713 939 1884 974 canonico,
1903 944 2063 977 quantum
2080 939 2114 969 in
2131 940 2180 970 015
2196 939 2280 970 exti—

1272 990 1322 1025 tit,
1338 991 1565 1026 0011101011105ς
1586 1000 1725 1029 quorum
1739 1000 1929 1029 processum
1945 991 2085 1022 dilectus
2099 992 2188 1022 filius
2202 1001 2281 1022 nos-

1273 1047 1321 1072 ter
1337 1043 1515 1083 T[homas],
1535 1043 1623 1073 tituli
1638 1044 1757 1074 Sancte
1772 1044 1893 1074 Sabine
1908 1044 2072 1082 presbiter
2086 1045 2279 1081 cardinalis,
2296 1065 2298 1067 »

1272 1105 1371 1134 super
1393 1096 1454 1126 hoc
1473 1106 1490 1125 a
1513 1096 1608 1126 nobis
1631 1096 1725 1126 datus
1747 1097 1893 1132 auditor,
1915 1097 1953 1127 de
1975 1097 2129 1128 mandato
2153 1102 2278 1133 nostro,

1267 1148 1398 1187 justitia
1423 1149 1589 1186 exigente,
1608 1149 1762 1179 cassavit.
1779 1150 1915 1184 Verum,
1940 1150 2017 1188 quia
2037 1150 2075 1180 de
2092 1150 2276 1188 premissis,

1271 1205 1404 1239 excepta
1428 1202 1534 1231 forma
1561 1202 1708 1231 mandati
1738 1202 1805 1231 dati
1833 1211 1850 1231 a
1877 1202 2002 1240 legato,
2027 1203 2065 1232 de
2090 1212 2153 1242 qua
2181 1203 2279 1242 plene

1270 1254 1436 1290 constitit,
1472 1254 1600 1293 liquere
1633 1255 1763 1293 nequit,
1793 1278 1812 1284 ..
1848 1255 1982 1294 Majoris
2018 1256 2164 1286 Ecclesie
2198 1260 2229 1286 et
2257 1279 2276 1285 ..

1271 1307 1467 1337 Sanctorum
1486 1307 1718 1345 Apostolorum
1742 1308 1831 1338 Petri
1853 1313 1883 1338 et
1899 1309 2030 1338 Andree
2047 1309 2223 1347 prepositis
2240 1318 2277 1338 ac

1273 1383 1290 1388 ..
1306 1360 1479 1390 scolastico
1494 1361 1811 1391 Padeburnensibus
1829 1370 1886 1399 per
1901 1361 2029 1391 litteras
2043 1366 2171 1391 nostras
2189 1371 2278 1392 10011-

1270 1413 1420 1443 davimus
1444 1417 1490 1448 nt,
1516 1413 1550 1442 in
1574 1414 1762 1451 supradicto
1786 1414 1928 1451 negotio,
1955 1414 2083 1456 ratione
2100 1414 2275 1452 premissa,

1270 1467 1499 1504 procedentes,
1523 1467 1617 1506 juxta
1637 1467 1836 1496 directarum
1864 1467 1904 1496 ad
1930 1467 2062 1497 eosdem
2087 1467 2278 1505 episcopum

1270 1523 1300 1549 et
1317 1519 1527 1549 scolasticum
1541 1523 1729 1549 nostrarum
1746 1519 1985 1549 continentiam
1997 1519 2196 1555 litterarum,
2211 1520 2277 1558 ipsi

1269 1573 1446 1610 preposito,
1468 1573 1525 1611 qui
1548 1572 1645 1610 longa
1661 1573 1881 1610 protractione
1906 1573 2030 1610 negotii
2052 1572 2165 1602 inultis
2188 1563 2277 1603 dice-⁴

1270 1626 1366 1655 batur
1390 1626 1549 1663 fatigatus
1575 1626 1745 1655 laboribus
1769 1629 1797 1655 ct
1824 1629 2015 1655 attenuatus
2039 1625 2208 1663 expensis,
2238 1626 2278 1656 de

1269 1679 1475 1716 prepositure
1492 1688 1527 1708 ac
1547 1678 1711 1716 prebende
1730 1687 1788 1708 sue
1805 1677 2031 1716 proventibus,
2051 1678 2107 1716 qui
2122 1687 2179 1716 per
2195 1687 2277 1708 eun-

1269 1731 1343 1760 dem
1359 1731 1502 1769 priorem
1520 1731 1719 1770 sequestrati
1737 1732 1886 1763 suerunt,
1906 1740 1946 1760 ne
1964 1736 2094 1768 propter
2117 1739 2278 1769 expensa-

1269 1793 1342 1813 rum
1360 1785 1522 1814 desectum
1541 1785 1679 1814 deiicere
1697 1788 1879 1821 cogeretur.
1893 1783 2088 1814 auctoritate
2104 1788 2216 1814 nostra
2228 1784 2278 1813 sa-

1269 1838 1405 1877 00101011
1423 1838 1601 1876 provideri.
1632 1837 1757 1867 Presati
1783 1846 1859 1866 vcro
1876 1837 2021 1876 judices,
2051 1837 2090 1866 ad
2115 1838 2220 1867 Deum
2246 1841 2278 1867 et

1269 1892 1452 1921 Romanam
1474 1890 1655 1920 Ecclesiam
1680 1895 1865 1928 respectum
1892 1890 2038 1920 debitum
2063 1898 2127 1919 non
2151 1889 2276 1920 haben-

1270 1949 1333 1980 tes,
1352 1953 1412 1974 nec
1434 1944 1642 1974 attendentes
1662 1943 1747 1982 quod
1763 1943 2007 1978 inobedientie,
2030 1952 2093 1982 que
2113 1943 2279 1982 ydolatrie

1268 2001 1487 2035 comparatur,
1507 2001 1617 2026 notam
1633 1996 1786 2031 incurrit,
1803 1996 1859 2035 qui
1877 1995 2056 2034 adimplere
2073 1995 2277 2034 contempnit

1268 2050 1466 2089 apostolicas
1479 2050 1664 2089 jussiones,
1683 2058 1873 2088 quanquam
1890 2048 2019 2079 fructus
2035 2048 2200 2087 prebende
2217 2057 2276 2079 sue

1267 2107 1492 2142 sequestratos
1517 2103 1626 2132 medio
1651 2107 1797 2140 tempore
1824 2101 1910 2131 dicto
1939 2101 2106 2140 preposito
2135 2101 2276 2131 fecerint

1267 2156 1431 2192 exhiberi,
1454 2160 1580 2191 tamen,
1598 2156 1703 2185 Deum
1720 2154 1848 2184 homini
1864 2153 2102 2193 postponendo,
2121 2153 2155 2183 in
2174 2162 2276 2192 nego-

1268 2210 1312 2240 tio
1326 2210 1409 2248 ipso,
1428 2209 1469 2239 ad
1487 2218 1601 2247 preces
1618 2208 1810 2238 Bremensis
1826 2207 1978 2246 capituli,
1995 2207 2083 2237 ultra
2099 2206 2275 2245 procedere

1265 2264 1399 2302 penitus
1411 2267 1605 2298 renuerunt,
1618 2267 1715 2300 prout
1729 2261 1840 2292 littere
1852 2261 1913 2291 sub
1926 2260 2115 2291 eorumdem
2124 2260 2276 2299 judicum

1266 2317 1388 2355 sigillis
1400 2316 1545 2346 exhibite
1558 2315 1783 2345 continebant.
1800 2315 1850 2344 Ne
1863 2314 1976 2352 igitur,
1989 2313 2018 2343 si
2027 2313 2178 2352 judicum
2189 2312 2274 2351 ipso-

1265 2379 1340 2399 rum
1357 2369 1531 2404 malitiam,
1551 2378 1615 2398 non
1638 2368 1744 2398 solum
1760 2368 1795 2397 in
1814 2367 2045 2397 confusionem
2067 2374 2196 2401 eorum,
2217 2364 2275 2395 sed

1265 2423 1365 2453 etiam
1381 2423 1416 2452 in
1433 2421 1613 2452 multorum
1632 2421 1880 2456 detrimentum,
1895 2419 2087 2450 duxerimus
2103 2418 2276 2449 sustinen-

1265 2476 1354 2511 dam,
1373 2480 1487 2505 contra
1505 2474 1605 2505 officii
1625 2474 1731 2504 nostri
1752 2473 1900 2504 debitum
1923 2472 2113 2506 veniamus,
2136 2470 2274 2501 manda-

1265 2538 1339 2559 mus
1369 2533 1533 2568 quatenus
1560 2528 1704 2567 prefatos
1726 2527 1856 2567 judices
1879 2534 2040 2564 expensas
2065 2523 2273 2555 necessarias

1265 2591 1348 2621 quas
1365 2582 1506 2612 eundem
1522 2581 1737 2619 prepositum,
1756 2589 1774 2610 0
1792 2584 1938 2617 tempore
1952 2587 2016 2617 quo
2032 2577 2209 2616 procedere
2225 2584 2274 2606 re-

1264 2639 1434 2670 cusarunt,
1447 2635 1568 2665 fecisse
1580 2633 1776 2669 constiterit,
1793 2632 1899 2662 eidem
1910 2631 2037 2661 solvere
2049 2627 2271 2667 compellatis;

1264 2692 1296 2718 et
1313 2688 1392 2727 quia
1408 2687 1545 2726 dignum
1563 2691 1611 2717 est
1628 2691 1663 2716 ut
1679 2686 1713 2715 in
1726 2694 1790 2725 quo
1802 2685 1878 2724 quis
1893 2683 2052 2723 peccavit,
2068 2683 2103 2711 in
2121 2690 2157 2711 eo
2172 2680 2273 2711 etiarn

1262 2741 1432 2780 puniatur,
1446 2750 1517 2770 cum
1527 2739 1772 2779 jurisdictione,
1787 2735 2110 2776 negandojustitiam
2123 2734 2164 2764 ad
2173 2741 2272 2772 quam

1262 2795 1473 2829 tenebantur,
1493 2792 1697 2823 reddiderint
1718 2800 1752 2822 se
1772 2791 1944 2828 indignos,
1961 2789 2051 2828 ipsos
2073 2796 2091 2817 a
2112 2785 2273 2826 jurisdic-

1262 2847 1367 2883 tione,
1395 2847 1424 2877 si
1443 2855 1541 2885 quam
1557 2845 1696 2880 habent,
1715 2851 1887 2883 quousque
1904 2841 1997 2871 vobis
2016 2848 2139 2879 equum
2158 2838 2274 2868 visum

1259 2900 1373 2935 fuerit,
1391 2899 1586 2929 auctoritate
1603 2896 1782 2936 apostolica
1798 2893 2019 2933 suspendatis,
2033 2892 2069 2921 in
2083 2891 2196 2922 eodem
2214 2897 2270 2919 ne-

1260 2953 1348 2991 gotio
1369 2953 1461 2992 juxta
1477 2951 1630 2982 traditam
1650 2950 1698 2980 eis
1719 2949 1859 2979 sormam
1879 2945 2119 2977 nichilominus
2135 2949 2272 2982 proces·

2410 2115 2418 2122 -·
2391 1248 2423 2097 ,ἌΜΝΜΝΗΜήΨΜ-*ύφνὴϊψ-εἰ-’ωτ
2411 1222 2414 1225 >
