2519 3518
84 310 142 341 461
943 301 1128 338 DIXIEME
1150 299 1308 338 ANNEE.
2107 308 2165 338 462

158 375 272 404 8²81
698 375 788 408 Rieti,
805 375 837 402 12
853 374 1011 402 aout1236.

124 450 262 486 Capitulo
273 449 501 483 Rothomagensi
512 450 633 477 Petrum
643 450 876 483 deCollemedio,
885 451 1083 484 praepositum

89 498 193 526 Sancti
208 497 370 525 Audomari
390 499 418 524 et
443 497 535 532 ipsius
560 505 652 532 papae
671 498 868 532 capellanum.
888 498 918 525 in
939 502 1084 532 pastorem

88 546 240 578 concedit3
257 546 298 573 eis
319 539 441 573 mandat
461 548 604 579 quatenus
625 546 671 573 illi
691 546 889 573 obedientiam
906 549 934 573 et
950 554 1085 573 reveren-

88 594 162 622 tiam
174 593 305 621 debitam
317 593 486 621 exhibeant.
500 608 531 612 —
544 594 629 626 (Rae.
643 593 686 626 18,
700 594 719 620 f.
733 593 782 620 184
793 597 835 625 v⁰;
850 602 919 620 ann.
933 594 971 626 X,
982 594 1084 626 c.192;

88 656 121 661 —
138 642 270 670 Meni-:Ati
286 641 365 674 1191,
383 642 403 668 f,
421 641 486 673 104:
505 656 535 660 -
552 642 591 668 cf.
607 649 703 674 supra,
721 645 750 668 n’
765 642 856 672 2796.)

132 806 145 821 ιι
164 795 302 831 Capitale
324 794 564 831 Rothomayensi.
589 793 735 824 Ecclesia
754 793 1012 831 Rothomagensi
1030 803 1086 824 va-

89 849 196 881 cante,
211 849 242 875 et
253 845 451 884 quibusdam
465 855 502 876 ex
518 846 611 875 vobis
625 846 658 875 in
672 846 866 884 magistrum
879 846 1086 876 NVillelmum

90 898 130 928 de
152 896 325 932 Dunelmo,
344 897 612 928 archidiaconum
629 898 749 933 Caleti,
773 898 992 936 dirigentibus
1013 903 1087 928 vota

91 959 162 986 sua,
177 959 236 980 nos
247 949 376 980 dilectis
388 949 466 979 filiis
481 973 500 978 ..
514 950 624 980 abbati
635 950 673 980 de
686 950 816 988 Frigido
829 952 938 981 Monte
950 955 980 981 et
992 951 1086 981 colle-

92 1003 142 1041 gis
151 1002 256 1041 ipsius
277 1002 404 1032 litteras
423 1007 552 1032 nostras
568 1003 747 1032 direximus
764 1007 816 1038 ut,
834 1003 862 1033 si
878 1003 950 1039 ille,
975 1004 1087 1042 requi-

91 1055 176 1085 situs
193 1055 232 1084 ab
249 1055 308 1090 eis,
322 1054 476 1085 electioni
492 1055 530 1085 de
547 1064 580 1085 se
596 1056 680 1085 facte
694 1056 881 1086 consentire
898 1064 962 1086 non
977 1056 1084 1088 vellet.

91 1107 260 1138 licentiam
279 1107 372 1137 vobis
395 1107 612 1137 concederent
632 1107 736 1137 alium
753 1107 907 1145 eligendi.
925 1108 1084 1146 Cumque,

92 1160 178 1190 dicto
199 1159 355 1197 magistro
376 1159 507 1189 nolente
526 1168 624 1197 super
646 1159 706 1189 hoc
726 1169 822 1189 5111101
843 1160 1087 1190 accommodare

92 1220 301 1247 consensum,
316 1211 460 1249 eligendi
473 1211 612 1241 facultas
625 1211 716 1241 vobis
729 1212 829 1242 suerit
842 1212 1004 1247 restituta,
1017 1221 1085 1247 vos,

92 1264 279 1295 convocatis
298 1264 451 1293 omnibus
468 1263 524 1302 qui
547 1263 727 1293 debuerant
746 1268 776 1293 et
797 1269 945 1302 poterant
968 1273 1088 1294 convo-

93 1310 172 1351 cari,
185 1316 237 1346 die
252 1315 405 1346 electioni
421 1316 543 1353 prefixa
559 1316 792 1345 convenientes
806 1316 839 1344 in
852 1326 966 1348 unum,
982 1326 1036 1347 sex
1049 1317 1087 1347 de

93 1368 230 1406 collegio
245 1372 353 1398 vestro
364 1371 557 1405 potestatem
570 1367 719 1400 dedistis,
736 1368 805 1397 sive
819 1368 857 1397 de
869 1368 974 1406 ipsius
988 1369 1088 1399 eccle-

92 1421 141 1451 sie
153 1420 288 1458 gremio,
302 1419 371 1449 sive
385 1418 528 1453 aliunde,
545 1418 737 1456 providendi
753 1419 885 1450 viduate
899 1420 1037 1450 ecclesie
1049 1421 1087 1452 de

92 1477 233 1512 pastore,
246 1472 293 1502 ita
310 1475 346 1501 ut
362 1471 465 1500 nichil
483 1470 606 1501 valeret
622 1471 707 1509 quod
724 1471 826 1508 fieret,
841 1472 868 1501 si
885 1481 971 1502 unus
989 1474 1089 1503 etiam

92 1525 304 1560 dissentiret3
328 1524 448 1562 quibus
464 1523 535 1562 pari
551 1528 624 1553 voto
642 1528 673 1553 et
692 1524 842 1554 unanimi
866 1525 1032 1556 voluntate
1049 1526 1087 1556 de

92 1578 210 1608 dilecto
226 1577 294 1606 filio
313 1576 469 1613 magistro
490 1575 610 1615 P[etro]
630 1576 667 1605 de
687 1576 901 1612 Collemedio,
924 1578 1087 1616 preposito

93 1629 206 1661 Sancti
220 1628 410 1662 Audomari,
434 1627 602 1666 capellano
619 1632 741 1663 nostro,
763 1629 1012 1667 providentibus
1035 1639 1087 1661 ec-

91 1681 191 1712 clesie
216 1680 413 1719 supradicte,
445 1684 475 1710 et
506 1680 728 1718 provisionem
753 1690 866 1711 eorum
888 1682 980 1712 vobis
1011 1684 1088 1712 1101-

67 1745 69 1747 *
91 1734 197 1764 versis
214 1737 245 1764 et
262 1732 404 1770 singulis
420 1736 546 1770 gratam
562 1732 762 1763 habentibus
784 1738 814 1764 et
836 1739 1012 1773 acceptam,
1030 1745 1088 1774 per

92 1786 251 1826 quosdam
265 1785 503 1816 concanonicos
521 1789 551 1815 et
568 1786 702 1816 nuntios
718 1791 843 1817 vestros
860 1788 955 1818 nobis
977 1788 1088 1818 humi-

92 1837 169 1868 liter
183 1837 394 1875 supplicastis
414 1841 460 1872 ut,
480 1845 554 1867 cum
569 1837 719 1867 videatur
741 1838 853 1868 divina
876 1841 1013 1875 vocatio,
1038 1841 1088 1879 ip-

92 1899 166 1920 sum
190 1889 336 1920 vobisiu
360 1889 643 1927 archiepiscopum
675 1891 853 1921 concedere
881 1892 1086 1923 deberemus.

93 1943 198 1981 Super
214 1951 277 1980 quo
294 1941 392 1971 etiam
409 1941 626 1971 charissimus
640 1942 674 1971 in
691 1942 822 1973 Christo
836 1943 924 1973 filius
941 1949 1052 1975 noster
1068 1969 1087 1974 ..

93 1994 234 2025 illustris
250 2003 305 2024 rex
321 1993 458 2023 Francie
475 1997 505 2023 ct
518 1993 613 2023 multi
629 1993 842 2024 ecclesiarum
861 1996 977 2033 prelati
994 1997 1088 2028 nobis

94 2047 335 2086 deprecatorias
360 2046 487 2076 litteras
515 2046 734 2076 destinarunt.
758 2048 825 2077 Nos
848 2048 974 2087 itaque,
1002 2059 1088 2079 com-

94 2099 297 2130 mendationi
313 2099 383 2137 ejus
401 2107 464 2127 non
485 2098 678 2128 insistentes
702 2099 742 2127 ad
762 2108 912 2136 presens,
935 2101 973 2130 de
994 2102 1088 2141 cujus

95 2151 225 2182 habetis
250 2150 376 2180 meritis
394 2150 544 2179 notitiam
561 2149 752 2187 pleniorem,
777 2160 849 2179 cum
873 2152 907 2180 111
926 2152 1040 2183 01111115
1058 2158 1089 2184 et

96 2203 208 2233 arduis
231 2203 273 2232 sit
296 2202 463 2240 probat-us.
489 2206 519 2231 et
540 2201 710 2231 credentes
736 2203 873 2233 firmiter
895 2213 930 2233 ac
953 2214 1089 2242 speran-

97 2260 146 2285 tes
162 2255 247 2294 quod
263 2255 374 2284 eadem
391 2254 529 2284 ecclesia
546 2254 606 2284 sub
623 2255 782 2292 regimine
801 2264 859 2285 suo
876 2256 909 2285 in
933 2257 1090 2295 spiritua-

97 2307 185 2337 libus
209 2311 239 2336 et
266 2305 499 2344 temporalibus
527 2310 619 2343 grata
644 2307 810 2344 suscipere
838 2307 953 2338 debeat
982 2310 1090 2340 incre-

97 2363 217 2393 menta,
245 2359 283 2388 de
306 2359 446 2387 fratrum
470 2362 655 2387 nostrorum
680 2359 818 2388 consilio
841 2368 915 2389 eum
939 2361 1030 2391 vobis
1055 2362 1089 2391 in

95 2416 259 2450 pastorem
269 2410 421 2439 duximus
432 2409 686 2439 eoncedendum.
704 2411 863 2447 Quocirca
881 2413 1090 2444 universitati

95 2467 205 2494 vestre
234 2472 290 2501 per
320 2461 497 2500 apostolica
530 2461 650 2499 scripta
686 2462 880 2493 mandamus
907 2469 1088 2502 quatenus,

97 2515 238 2546 eundem
263 2514 403 2544 electum
426 2513 588 2551 condigno
618 2514 835 2552 suscipientes
863 2515 997 2551 honore,
1026 2518 1090 2547 sibi

99 2572 253 2606 tanquam
270 2561 354 2604 patri
373 2570 404 2595 et
417 2565 540 2603 pastori
557 2565 742 2595 animarum
759 2571 943 2597 vestrarum
959 2568 1091 2598 humili-

96 2623 147 2649 ter
157 2617 336 2648 intendatis
348 2621 379 2647 et
392 2617 574 2646 exhibeatis
590 2616 811 2647 obedientiam
828 2622 859 2647 et
874 2621 1091 2651 reverentiam

98 2671 241 2701 debitam
260 2675 291 2700 et-
308 2669 467 2699 dcvotani.
485 2669 529 2698 ita
547 2668 633 2707 quod
650 2669 824 2699 commisse
847 2670 911 2699 sibi
931 2671 1092 2702 sollicitu-

97 2723 169 2752 dini
184 2721 300 2752 utilius
317 2721 423 2750 valeat
439 2720 624 2755 imminere,
645 2725 675 2750 et
692 2729 750 2750 1105
770 2721 804 2750 111
824 2721 1001 2753 debeamus
1024 2734 1092 2755 me-

99 2775 162 2804 rito
179 2778 363 2812 acceptare3
388 2772 536 2811 alioquin
558 2772 756 2802 sententiam
779 2782 878 2811 quam
893 2774 956 2805 rite
980 2776 1093 2807 tulerit

99 2827 135 2856 in
151 2825 301 2861 rebelles,
320 2830 425 2855 ratam
440 2824 635 2854 habebimus
652 2828 682 2854 et
699 2824 870 2860 faciemus,
889 2830 996 2857 actore
1012 2829 1088 2866 Deo,

99 2886 205 2916 usque
221 2877 260 2907 ad
282 2876 543 2907 satisfactionem
563 2876 759 2913 condignam
783 2876 1020 2909 inviolabiliter
1035 2881 1093 2910 ob-

98 2929 237 2960 servari.
254 2929 327 2959 Dat.
345 2930 458 2964 Reate,
477 2929 510 2958 ΙΙ
526 2928 600 2958 idus
615 2928 759 2966 augusti,
779 2936 865 2958 anno
881 2929 1017 2961 decimo.
1038 2944 1051 2958 »

1199 378 1303 402 3282.
1326 389 1356 394 —
1380 376 1412 402 In
1433 376 1557 403 eundem
1575 377 1634 403 lere
1650 376 1768 403 modum
1784 376 1853 402 clero
1867 376 1987 402 civitatis
2006 377 2028 401 el
2048 376 2160 402 diocesis

1165 423 1393 455 flothomayertsts.

1201 475 1303 498 ³283.
1335 486 1365 490 —-
1396 473 1428 499 10
1457 472 1582 499 eundem
1611 473 1670 499 iere
1697 472 1815 499 niodum
1844 474 2027 505 suffraqaneis
2055 473 2161 499 ecclesie

1167 520 1396 552 Rolhomaqensis.

1201 571 1304 595 3284.
1327 583 1358 586 -
1379 569 1411 595 10
1434 569 1557 595 eundem
1586 569 1644 595 fere
1669 569 1786 596 modum
1812 568 1909 604 '’[clro]
1934 569 1965 595 de
1990 569 2160 603 Collemedio,

1167 617 1371 649 Rolhomaqensi
1389 618 1478 649 electo,
1499 625 1610 651 usque:
1628 618 1658 644 in
1680 620 1823 651 pastorem
1844 618 1983 645 duximus
1999 618 2162 645 conceden-

1166 665 1248 692 dum.
1265 665 1390 692 Mandat
1405 665 1431 692 ei
1447 668 1590 699 quatenus
1604 673 1654 699 pro
1665 665 1796 692 utilitate
1808 665 2006 699 proximorum
2019 674 2118 692 curam
2133 667 2162 693 et

1167 713 1297 746 regimen
1315 713 1559 747 Rottiomagensis
1577 713 1717 740 ecelesiae
1732 713 1890 748 suseipiat;
1907 714 1937 740 in
1956 714 2162 748 opportunita-

1167 762 1246 788 tibus
1267 762 1356 789 Sedes
1373 762 1543 796 Apostolica
1564 762 1590 788 ei
1616 770 1672 789 000
1693 761 1796 795 deerit,
1813 762 1862 788 sed
1878 762 1940 795 ejus
1961 770 2113 796 personam
2133 764 2161 789 et

1168 809 1432 844 Rothomagensenl
1450 810 1603 837 ecclesiam
1619 810 1716 836 favore
1732 810 1893 837 necessario
1907 813 2105 844 prosequetur.

1237 999 1354 1028 3285
1776 1002 1865 1034 Rieti,
1882 1002 1915 1028 12
1930 1004 1997 1029 aout
2013 1002 2091 1029 1236.

1204 1063 1236 1088 In
1255 1061 1379 1088 eundem
1399 1063 1458 1088 fere
1476 1062 1594 1088 modum
1613 1083 1630 1089 ..
1649 1063 1755 1088 illustri
1771 1064 1827 1095 reyi
1843 1064 1965 1095 Francie,
1982 1072 2072 1098 usque
2087 1072 2093 1090 ι
2111 1064 2163 1091 lit-

1168 1112 1244 1136 teras
1264 1109 1445 1136 destinastis.
1468 1109 1541 1136 Eum
1566 1112 1646 1143 rogat
1669 1113 1697 1137 et
1718 1112 1850 1137 hortatur
1871 1114 2014 1145 quatenus
2031 1112 2163 1145 ejusdem

1169 1158 1255 1184 electi
1270 1165 1434 1191 personam,
1452 1157 1482 1183 in
1505 1166 1561 1191 qua
1580 1166 1635 1184 uon
1657 1159 1750 1185 solum
1768 1159 1997 1191 Rothomagonsi
2013 1160 2162 1192 ecclesiae,

1169 1205 1218 1231 sed
1236 1204 1325 1231 etiam
1342 1205 1399 1238 ipsi
1416 1204 1474 1238 regi
1489 1207 1517 1231 et
1532 1205 1594 1238 ejus
1611 1213 1698 1239 regno
1714 1205 1828 1232 utiliter
1844 1206 1973 1233 creditur
1987 1215 2047 1233 0550
2063 1207 2164 1241 provi-

1168 1261 1244 1285 sum,
1259 1252 1365 1279 habeat
1378 1252 1628 1279 commendatum.
1646 1253 1712 1280 Dat.
1730 1256 1762 1280 ut
1778 1262 1874 1287 supra.

1239 1443 1359 1472 328ss
1776 1445 1867 1477 Rieti,
1884 1446 1917 1472 16
1932 1448 1999 1472 aout
2014 1446 2094 1472 1236.

1204 1504 1468 1538 Archipresbytero
1483 1505 1658 1537 Aesculano,
1682 1513 1736 1532 nec
1755 1514 1811 1531 non
1835 1505 2010 1540 Presbytero
2024 1506 2032 1522 ¹
2057 1507 2093 1533 de
2113 1506 2169 1534 Gi-

1169 1559 1238 1578 sone
1249 1551 1407 1580 Criscentii
1421 1554 1449 1579 et
1466 1552 1594 1580 Johanni
1606 1552 1718 1585 Alexii,
1735 1553 1884 1580 canonicis
1901 1554 2085 1586 Aesculanis,
2098 1561 2166 1580 cum

1168 1600 1352 1626 Aeseulanus
1363 1600 1515 1634 episcopus
1527 1600 1557 1627 in
1570 1600 1725 1628 Aretinam
1737 1601 1893 1628 dioecesim
1907 1602 2066 1628 translatus
2079 1604 2164 1634 esset,

1169 1647 1403 1681 procurationem
1426 1647 1568 1674 bonorum
1590 1649 1773 1676 Aesculanae
1789 1649 1928 1675 eeclesiae
1943 1649 2115 1676 committit.
2133 1662 2166 1667 -

1169 1694 1255 1727 (Rae.
1271 1694 1314 1727 18,
1330 1696 1350 1721 f.
1367 1694 1418 1721 185
1432 1698 1471 1727 r⁰;
1486 1703 1555 1722 ann.
1570 1695 1609 1728 X,
1624 1704 1648 1722 c.
1664 1695 1738 1726 193.)

1211 1806 1224 1819 «
1256 1817 1275 1822 ..
1303 1795 1572 1832 archipresbitero,
1600 1795 1765 1824 Presbilero
1788 1796 1822 1824 de
1850 1796 1981 1833 Gison[e]
2006 1797 2170 1826 Criscentii

1170 1851 1195 1874 et
1220 1847 1356 1875 ι101111111ιί
1377 1847 1494 1881 Aleaeii,
1519 1848 1676 1877 canonicis
1696 1848 1866 1877 Esculanis.
1894 1848 1975 1879 Cum
1997 1854 2169 1879 teneamur

1171 1898 1387 1927 ecclesiarum
1398 1915 1445 1927 —.
1462 1899 1534 1927 Dat.
1551 1900 1663 1934 Reate,
1679 1900 1773 1929 XVII
1786 1899 1945 1930 kalendas
1958 1901 2166 1939 septembris,

1172 1958 1257 1979 anno
1273 1950 1409 1980 decimo.
1428 1962 1440 1976 »

1240 2145 1357 2173 3282
1780 2148 1869 2180 meti,
1887 2149 1920 2175 19
1935 2152 2002 2177 aeut
2018 2150 2095 2177 1236.

1205 2206 1434 2240 Archiepiscopo
1457 2207 1673 2234 Mediolanensi
1697 2211 1724 2234 et
1749 2209 1810 2242 ejus
1836 2209 2026 2243 suffraganeis
2051 2214 2169 2238 enarrat

1171 2254 1242 2288 quid
1258 2262 1308 2288 pro
1323 2262 1393 2288 pace
1407 2255 1602 2282 Lombardiae
1615 2259 1641 2282 et
1657 2264 1707 2290 pro
1721 2257 1835 2290 negotio
1849 2257 1953 2284 Terrae
1968 2258 2093 2286 Sanctae
2107 2268 2169 2292 ege-

1171 2302 1220 2334 rit,
1237 2311 1340 2336 eosque
1361 2305 1459 2329 monet
1481 2305 1509 2330 et
1525 2304 1658 2330 hortatur
1673 2307 1827 2338 quatenus,
1847 2314 1913 2332 cum
1931 2306 1960 2332 10
1977 2307 2059 2333 curia
2076 2307 2168 2342 impe-

1171 2350 1276 2376 ratoris
1292 2350 1411 2383 fuerint,
1426 2359 1526 2377 omnes
1543 2352 1708 2384 unanimes,
1726 2353 1789 2389 pari
1803 2357 1870 2379 voto
1890 2356 1917 2380 et
1935 2362 2003 2381 voce
2020 2355 2166 2387 concordi,

1173 2398 1244 2424 haec
1264 2398 1300 2424 ad
1321 2398 1413 2432 ipsius
1434 2407 1526 2433 papae
1545 2403 1573 2425 et
1597 2400 1746 2427 Ecclesiae
1766 2402 1984 2428 excusationem
2009 2406 2166 2437 exponant,

1172 2448 1200 2471 et
1215 2445 1422 2479 imperatorem
1441 2449 1579 2474 moneant
1600 2456 1635 2473 ne
1653 2447 1796 2481 turbetur,
1814 2449 1837 2475 si
1859 2449 1935 2476 inter
1951 2450 2029 2477 cives
2046 2451 2169 2478 Placen-

1172 2492 1249 2518 tinos
1267 2500 1324 2526 pax
1346 2493 1492 2521 exstiterit
1513 2495 1686 2527 reformata,
1703 2503 1756 2521 nee
1772 2498 1872 2522 eontra
1888 2497 2056 2531 episcopum
2079 2499 2168 2525 Prae-

1172 2540 1333 2573 nestinum,
1346 2542 1538 2575 apostolicum
1557 2543 1696 2576 legatum,
1714 2547 1875 2576 moveatur,
1889 2545 1963 2578 quod
1978 2546 2053 2572 hane
2065 2555 2166 2580 pacem

1173 2588 1387 2621 reformaverit,
1404 2589 1469 2621 sed,
1490 2589 1527 2617 ab
1546 2590 1645 2617 eodem
1663 2591 1757 2624 legato
1772 2600 1888 2618 omnem
1905 2601 2054 2620 rancorem
2072 2595 2168 2628 suspi—

1173 2635 1266 2662 cionis
1281 2640 1431 2669 avertens,
1453 2645 1518 2663 eum
1536 2640 1675 2671 tauquam
1696 2638 1865 2665 honorabile
1887 2639 2052 2666 membrum
2072 2641 2167 2674 Apos-

1173 2683 1278 2709 tolicae
1295 2683 1379 2710 Sedis
1393 2684 1507 2711 studeat
1525 2685 1673 2711 honorare.
1689 2699 1720 2703 -—
1735 2686 1820 2715 (Rssc.
1836 2686 1879 2718 18,
1893 2687 1912 2712 1.
1928 2686 1978 2712 185
1989 2690 2026 2719 r·;
2043 2696 2111 2714 ann.
2127 2689 2166 2720 X,

1206 2814 1227 2838 1.
1243 2814 1304 2843 Que
1317 2817 1471 2844 presbitero
1487 2817 1540 2839 soit
1557 2817 1612 2846 pris
1627 2815 1662 2839 ici
1683 2816 1750 2839 dans
1766 2823 1815 2840 son
1831 2824 1894 2840 sens
1910 2817 2048 2842 ordinaire
2063 2827 2099 2843 ou
2115 2821 2170 2844 soit

1173 2863 1208 2880 au
1228 2858 1364 2881 contraire
1385 2858 1528 2881 considere
1549 2865 1652 2881 comme
1671 2865 1707 2881 un
1729 2865 1791 2881 nom
1815 2866 1927 2889 propre,
1948 2861 1972 2884 le
1996 2865 2070 2885 texte
2091 2862 2124 2886 de
2143 2863 2170 2886 la

1173 2900 1304 2930 rubrique
1319 2904 1360 2925 est
1377 2908 1429 2931 peu
1449 2902 1627 2929 satisfaisaut,
1644 2905 1670 2925 et
1688 2902 1706 2925 il
1727 2907 1767 2925 est
1784 2903 1883 2932 permis
1900 2903 1944 2934 d'y
1964 2911 2099 2935 supposer
2114 2913 2168 2930 une

1175 2949 1269 2967 erreur
1285 2951 1321 2967 ou
1337 2951 1390 2968 une
1406 2945 1539 2968 omission
1555 2945 1590 2968 du
1607 2945 1720 2975 copiste.
