2519 3518
137 305 192 335 421
1001 298 1187 336 DIXIEME
1209 297 1368 336 ANNEE.
2170 309 2226 338 422

209 372 290 400 :321
299 372 327 400 3
741 373 831 406 Rieu,
845 373 862 399 7
876 373 976 407 juillet
989 371 1067 399 1236.

174 433 318 468 Episcopo
334 433 516 460 Moraviensi
530 433 653 460 mandat
668 436 811 467 quatenus
825 432 1014 468 [Simonem],
1029 433 1141 467 episco-

138 489 210 517 pum
228 481 415 515 Sodrensem,
430 496 462 499 —
478 481 695 516 supplicantem
712 484 754 515 ut,
772 490 837 508 cum
854 482 924 509 olim
940 482 1139 516 episcopatum

138 529 369 562 Lismorensem,
395 529 444 564 qui
468 532 585 564 propter
610 530 756 557 malitiam
781 531 921 564 temporis
943 531 979 557 ad
1003 539 1140 564 magnam

139 581 343 614 paupertatem
358 578 527 611 devenerat,
546 578 636 606 Sedes
650 579 821 613 Apostolica
837 579 893 606 sibi
913 579 1046 606 duxisset
1061 587 1141 606 com—

138 627 352 660 mendandum,
370 629 398 654 et
412 627 473 661 ipse
484 649 490 660 ‚
508 629 625 662 propter
641 628 807 661 frequentes
821 627 1021 659 infirmitates,
1041 635 1140 654 curam

138 683 238 709 gerere
261 675 414 709 utriusque
437 675 621 709 episcopatus
645 683 701 702 non
726 678 836 709 posset,
859 675 896 702 ab
921 675 1058 709 imposito
1085 674 1141 702 sibi

139 731 227 750 onere
241 725 424 756 exoneretur,
442 738 473 742 —
489 732 506 750 a
521 732 591 750 cura
605 726 634 750 et
649 724 851 751 sollicitudine
867 724 1033 758 praedictae
1049 724 1142 751 eccle-

139 771 201 798 siae
217 771 412 798 Lismorensis
425 772 569 804 absolvat,
582 772 737 806 eidemque
750 772 890 799 eeclesiae
906 780 954 806 per
967 772 1140 799 electionem

140 819 313 847 canonicam
335 820 370 847 de
391 828 513 854 persona
529 820 633 847 idonea
648 820 676 846 in
691 820 860 854 episcopum
879 821 1025 854 provideri
1041 820 1140 847 faciat.

139 882 173 887 —
190 869 276 901 (Rsc.
293 868 337 901 18,
355 869 374 895 f.
395 869 443 895 171
459 872 503 901 v‘·;
527 877 597 896 ann.
619 869 658 902 X,
675 878 699 896 c.
717 870 785 901 135;
808 884 839 888 —
863 869 1142 900 Pom-T1msw10200.)

182 981 194 996 «
209 969 257 1008 [..]
274 971 407 1007 episcopo
421 971 615 999 Moraviensi.
630 969 840 999 Venerabilis
854 970 956 999 frater
969 973 1080 999 noster
1092 986 1141 997 —.

139 1022 261 1051 Datum
277 1022 389 1053 Reate,
410 1021 605 1060 nonisjulii‚
624 1030 710 1051 anno
727 1022 862 1051 decimo.
884 1034 896 1047 n

209 1198 329 1226 32¹4
359 1179 366 1185 ’

176 1260 319 1294 Episcopo
334 1260 535 1293 Argolieousi,
561 1260 770 1287 archidiacono
791 1260 992 1287 Corintltiensi
1016 1263 1044 1286 et
1060 1260 1142 1286 Hen-

746 1199 845 1229 Terni,
862 1198 896 1225 27
909 1199 973 1233 juin
990 1198 1068 1225 1236.

139 1308 211 1341 rico,
230 1308 370 1334 canonico
385 1308 580 1341 Argolicensi,
599 1312 760 1335 memorata
776 1307 901 1342 epistola
916 1316 1003 1342 supra
1018 1308 1071 1334 sub
1087 1316 1142 1334 nu—

141 1364 221 1383 mero
239 1355 306 1383 2671
324 1359 439 1389 notata,
460 1356 580 1383 mandat
602 1358 760 1390 quatenus,
781 1371 812 1374 —
834 1364 899 1382 eum
917 1356 946 1382 in
964 1364 1051 1382 causa
1066 1356 1143 1383 inter

139 1404 278 1432 abbatem
294 1407 530 1438 conventumque
546 1405 717 1431 monasterii
734 1405 769 1430 de
782 1405 987 1438 Datpl1in0(:
999 1404 1142 1438 Daphni).

140 1461 176 1480 ex
194 1455 275 1487 parte
290 1461 358 1486 una,
369 1455 398 1479 et
409 1453 563 1479 Albertum
578 1453 736 1485 Bokaron.,
749 1453 889 1485 militem,
902 1453 1142 1486 Nigripontensis

141 1502 294 1533 dioecesis,
317 1509 351 1528 ex
372 1502 475 1533 altera,
499 1505 586 1535 super
608 1501 698 1528 casali
722 1501 757 1528 de
782 1501 940 1533 Lichonia,
966 1502 1042 1535 quod
1062 1501 1141 1528 idem

139 1550 227 1577 miles
252 1553 354 1576 contra
373 1550 520 1583 justitiam
542 1549 704 1582 detinebat,
727 1552 836 1582 exorta,
858 1552 887 1576 et
909 1549 1022 1576 diutius
1044 1558 1141 1576 coram

143 1597 269 1625 diversis
285 1597 433 1631 judicibus
451 1598 572 1631 agitata,
588 1606 644 1624 non
658 1598 801 1632 potuisset
818 1597 917 1624 baberi
935 1606 1095 1631 processus,
1110 1613 1141 1616 —

140 1649 298 1680 utramque
309 1649 422 1680 partem
434 1647 537 1679 citent,
550 1647 649 1680 eisque
661 1647 822 1681 praefigant
833 1647 993 1673 terminum
1007 1655 1142 1681 peremp-

141 1694 250 1721 torium
271 1697 497 1728 competentem,
520 1703 575 1728 quo
595 1695 754 1729 apostolico
779 1695 947 1728 conspectui
973 1704 1002 1721 se
1026 1703 1142 1729 reprae-

140 1744 268 1769 sentent.
284 1757 316 1760 —
332 1743 418 1774 (lim.
434 1743 477 1775 18,
493 1743 630 1775 f.1721·”;
647 1751 717 1769 ann.
732 1743 771 1775 X,
786 1742 900 1774 c.13(›·.)

181 1855 193 1869 «
213 1865 234 1871 ..
252 1845 384 1880 episcopo
399 1844 598 1880 shyolt'censi,
619 1866 638 1872 ..
656 1844 874 1872 archidiacono
891 1844 1100 1873 Cor-intlzienst
1117 1850 1142 1873 et

138 1896 280 1930 Henrico,
303 1897 449 1925 canonico
474 1897 671 1934 Aryolt'censi.
698 1897 762 1926 Sua
785 1896 880 1925 nobis
904 1896 1015 1926 dilecti
1036 1896 1098 1925 filii
1122 1919 1141 1925 ..

139 1947 241 1977 abbas
264 1952 295 1978 et
314 1953 495 1978 conventus
524 1948 718 1978 monasterii
743 1949 782 1978 de
808 1948 989 1987 Dalphino,
1018 1949 1143 1979 Cister-

139 2000 263 2030 ciensis
279 2000 416 2034 ordinis,
435 2001 593 2038 petitione
610 2005 835 2030 monstrarunt
852 2002 953 2039 quod,
974 2010 1048 2031 eum
1064 2001 1143 2031 olim

140 2061 241 2083 causa
263 2053 358 2095 [orta]
381 2053 467 2083 inter
490 2053 597 2092 ipsos,
623 2062 660 2083 cx
682 2057 773 2091 parte
802 2063 885 2088 una,
913 2058 944 2083 et
970 2054 1143 2083 Albertnm

140 2104 318 2140 Bokaron.,
347 2105 502 2135 militem.
530 2106 799 2144 Nigripontensis
823 2106 980 2142 diocesis,
1003 2111 1143 2136 tutorem

140 2155 285 2185 filiarum
308 2157 472 2195 quondam
495 2157 542 2196 [..]
564 2158 761 2196 Boc[aron.],
787 2158 900 2187 fratris
923 2159 986 2193 sui,
1010 2160 1143 2189 nomine

139 2208 300 2247 ipsarum,
319 2218 356 2238 cx
374 2209 487 2245 altera⁷
509 2218 608 2248 super
624 2209 725 2239 casali
747 2219 858 2240 eorum
876 2211 914 2240 de
936 2211 1095 2241 Lichonia
1113 2216 1144 2241 et

140 2262 212 2300 ejus
231 2262 453 2299 pertinentiis,
467 2272 529 2301 que
543 2262 631 2292 idem
645 2263 741 2293 miles
757 2264 1047 2302 001111-11111511113111
1065 2265 1144 2294 deti-

141 2314 256 2349 nebat,
278 2324 336 2352 per
352 2315 539 2353 Apostolice
561 2315 656 2345 Sedis
676 2315 801 2353 legatos
818 2316 959 2346 diversis
974 2317 1144 2355 jttdicibus

141 2365 318 2395 commissa
338 2366 473 2401 fuisset,
497 2371 527 2396 et
549 2375 723 2405 processus
748 2367 943 2405 aliquandiu
965 2377 1074 2398 coram
1096 2370 1144 2399 eis

141 2426 202 2448 nec
217 2428 273 2456 per
289 2428 343 2448 eos
360 2419 501 2457 potuerit
519 2419 691 2449 terminari
708 2429 713 2448 :
730 2420 912 2450 venerabili
926 2421 1021 2450 fratri
1033 2426 1144 2451 nostro

141 2493 162 2499 ..
182 2470 444 2509 archiepiscopo,
466 2476 541 2501 tunc
565 2471 683 2506 electo,
707 2471 934 2502 Corintliiensi
956 2477 986 2503 et
1009 2473 1144 2511 collegis

140 2523 211 2553 suis
228 2523 350 2553 nostris
369 2523 519 2553 dedimus
539 2523 661 2553 litteris
681 2524 715 2553 in
733 2524 914 2560 mandatis,
937 2529 972 2554 ut
994 2525 1144 2556 obtentas

139 2574 218 2604 hinc
232 2575 309 2604 inde
323 2574 450 2605 litteras
465 2580 495 2605 et
507 2584 681 2614 processus
696 2585 753 2614 per
767 2585 821 2606 eas
839 2576 968 2606 habitos
983 2577 1047 2607 sibi
1062 2578 1145 2608 sace-

140 2632 215 2657 rent
233 2627 393 2662 exhiberi,
414 2636 461 2657 ac.
485 2627 580 2657 illum
600 2637 698 2666 quem
719 2628 966 2666 approbandum
982 2629 1143 2665 viderent,

137 2679 323 2717 reprobatis
339 2679 489 2718 reliquis,
506 2680 735 2718 approbantes,
754 2690 887 2710 causam
904 2680 969 2711 fine
987 2682 1146 2712 canonico

140 2731 371 2762 terminarent.
395 2732 435 2761 Et
454 2731 531 2761 licet
555 2741 631 2770 pars
657 2732 810 2767 adversa,
839 2733 1034 2763 auctoritate
1056 2734 1146 2764 litte-

139 2792 252 2813 rarum
266 2784 423 2822 ipsarum,
436 2784 648 2823 adjudicium
662 2785 763 2815 suerit
775 2789 919 2820 evocata,
933 2786 1011 2824 quia
1023 2790 1144 2822 tamen,

139 2841 273 2874 propter
285 2837 476 2875 frequentes
491 2845 685 2874 guerrarum
699 2837 863 2876 impulsus
881 2841 911 2867 et
927 2839 1146 2869 vastationem

141 2889 286 2919 civitatis
301 2889 466 2924 Thebane,
484 2899 547 2928 que
565 2899 582 2919 a
598 2890 714 2920 Grecis
729 2890 842 2928 sepius
859 2894 908 2920 est
923 2894 1059 2927 vastata,
1075 2901 1146 2930 pro-

140 2949 255 2971 cessus
265 2941 370 2971 habiti
381 2942 541 2978 ammissi,
557 2951 636 2972 casu
647 2942 795 2978 fortuito,
812 2942 1003 2979 extiterunt,
1014 2947 1045 2973 et
1056 2943 1147 2974 hulla

1225 371 1263 402 de
1290 371 1411 402 litteris
1437 373 1520 411 ipsis
1547 373 1684 408 cecidit,
1713 373 1824 403 nullus
1851 383 1908 411 per
1938 375 2066 404 easdem
2099 374 2228 404 litteras

1224 423 1358 454 habitus
1375 429 1423 455 est
1442 434 1626 463 processus.
1647 425 1795 464 Cumque
1813 426 2018 463 postmodum
2035 426 2073 455 ad
2091 435 2228 456 venera-

1224 476 1323 506 bilem
1347 478 1483 508 fratrem
1506 482 1655 507 nostrum
1681 501 1700 506 ..
1726 478 1918 508 'l'bebanum
1943 479 2227 517 archiepiscopum

1225 533 1256 559 et
1278 530 1468 569 conjudices
1491 539 1567 560 51105
1593 530 1811 560 direxerimus
1835 531 1957 569 scripta
1979 536 2105 566 nostra,
2131 536 2166 561 ut
2190 540 2229 561 ea

1225 591 1288 620 que
1309 582 1347 612 dc
1370 583 1466 612 bonis
1491 583 1638 622 ejusdem
1660 583 1851 612 monasterii
1872 583 2016 614 alienata
2039 584 2229 614 invenirent

1225 634 1341 664 illicite
1360 644 1396 665 ac
1415 635 1582 665 distracta.
1602 635 1641 664 ad
1654 635 1708 674 jus
1726 639 1756 664 et
1772 635 2004 673 proprietatem
2024 636 2128 674 ipsius
2146 636 2228 674 legi-

1226 688 1304 717 time
1331 692 1534 722 revocarent,
1554 687 1811 717 contradictores
1835 692 1908 723 etta,
1931 698 2035 727 usque
2054 699 2059 717 :
2080 698 2228 727 compes-

1225 740 1339 774 cendo,
1357 745 1388 770 et
1403 741 1509 770 dictus
1529 741 1580 775 Α.,
1599 749 1696 778 super
1713 740 1813 769 casali
1831 741 2018 778 supradicto
2035 745 2226 775 conventus,

1227 792 1390 830 exciperet
1415 792 1606 831 hujusmodi
1631 791 1759 821 litteras
1786 800 1850 820 11011
1874 791 1998 825 valere,
2025 796 2136 830 utpote
2162 801 2227 821 non

1225 845 1385 874 facientes
1407 845 1444 875 de
1461 844 1627 883 prioribus
1646 844 1863 879 mentionem,
1883 844 1982 873 iidem
1996 845 2136 882 judices.
2157 849 2229 882 post

1226 898 1466 927 discussionem
1483 898 1657 928 diutinam,
1676 897 1822 926 dicentes
1837 906 1870 926 se
1885 906 1942 934 per
1956 897 2085 926 easdem
2100 897 2228 927 litteras

1226 950 1399 988 procedere
1415 959 1478 979 non
1495 950 1624 983 debere,
1640 949 1770 985 negotio
1787 950 2041 987 supersederunt
2058 950 2179 979 eidem:
2198 955 2228 979 et

1227 1003 1274 1032 sic
1295 1003 1334 1032 de
1358 1006 1403 1032 tot
1426 1002 1596 1031 laboribus
1618 1006 1647 1031 et
1669 1002 1821 1039 expensis
1845 1001 1972 1031 nullum
1990 1002 2133 1030 fructum
2152 1007 2229 1031 511111

1226 1055 1386 1085 hactenus
1403 1055 1557 1085 assecuti.
1576 1055 1671 1085 l'nde
1691 1064 1749 1083 nos
1766 1054 1947 1084 venerabili
1964 1055 2058 1084 fratri
2078 1060 2189 1085 nostro
2208 1078 2226 1084 ..

1226 1106 1473 1146 archiepiscopo
1504 1107 1732 1138 Corinthiensi
1770 1107 1906 1145 ejusque
1943 1107 2078 1143 collegis
2108 1108 2230 1146 scripta

1226 1166 1339 1191 nostra
1360 1161 1558 1194 direximus,
1586 1164 1636 1195 ut,
1663 1160 1690 1189 si
1715 1168 1766 1189 res
1791 1159 1900 1188 taliter
1928 1169 1961 1189 se
1983 1159 2133 1189 baberet.
2156 1169 2230 1198 pre-

1225 1213 1339 1243 missis
1355 1213 1491 1247 littcris,
1509 1212 1719 1250 processibus
1739 1216 1767 1241 et
1789 1212 1870 1241 actis
1887 1210 1953 1250 que
1967 1217 2041 1241 sunt
2060 1213 2229 1248 ammissa,

1226 1274 1434 1304 nequaquam
1458 1264 1682 1294 obstantibus.
1705 1264 1828 1293 vocatis
1852 1265 1905 1302 qui
1929 1269 2036 1293 essent
2060 1265 2228 1297 evoffltndi,

1226 1319 1255 1348 si
1269 1318 1393 1348 1110111111
1405 1317 1512 1347 casale
1529 1321 1694 1346 constaret.
1707 1316 1792 1355 juris
1810 1317 1927 1353 prefati
1947 1317 2137 1345 monasterii
2153 1317 2231 1346 exti-

1227 1371 1321 1406 tisse,
1342 1379 1378 1400 ac
1394 1370 1503 1408 ipsum
1521 1369 1702 1399 alienatum
1719 1369 1835 1398 illicite
1854 1369 1902 1397 vel
1920 1369 2129 1401 distractum,
2149 1369 2231 1399 illud

1227 1423 1266 1453 ad
1278 1423 1333 1462 jus
1351 1427 1381 1452 et
1395 1422 1627 1460 proprietatem
1642 1421 1748 1459 ipsius
1762 1421 1908 1457 legitime
1924 1426 2113 1450 1···v=2rcarsj·nt
2129 1431 2134 1455 ;
2153 1430 2231 1450 con-

1226 1475 1420 1504 tradictores
1438 1479 1511 1509 etc,
1530 1482 1635 1511 usque
1654 1483 1660 1501 ;
1677 1473 1924 1511 cmnpeseendo.
1943 1474 2047 1510 Super
2066 1473 2231 1502 fructibus

1227 1532 1335 1557 autem
1352 1526 1515 1564 perceptis
1535 1535 1572 1555 ex
1588 1525 1689 1555 casali
1703 1525 1871 1564 jamdicto,
1890 1525 1973 1563 quod
1989 1526 2114 1563 justum
2135 1526 2228 1560 thret,

1227 1579 1447 1618 appellatione
1471 1583 1612 1613 remota,
1638 1582 1837 1612 statuerent,
1863 1583 1891 1607 et
1912 1579 2055 1607 tacerent
2074 1577 2231 1615 1111011110-

1227 1620 1410 1667 cernerent,
1428 1640 1486 1669 per
1501 1640 1675 1660 censuram
1691 1630 1950 1659 ecclesiasticam
1968 1630 2106 1658 tirmiter
2119 1630 2232 1659 obser-

1226 1685 1308 1714 vari.
1326 1684 1409 1714 Cum
1426 1688 1536 1713 autem
1552 1683 1631 1713 dieti
1644 1683 1773 1721 judices
1790 1688 1915 1720 partem
1933 1683 2103 1711 adversam
2121 1682 2231 1720 sepius

1226 1738 1431 1772 citavissent,
1451 1736 1594 1771 tandem,
1614 1735 1718 1765 nobili
1732 1736 1801 1764 viro
1816 1736 1870 1769 M„
1891 1735 1985 1765 tertie
2005 1735 2107 1773 partis
2125 1735 2233 1772 Nigri-

1226 1791 1336 1829 pontis
1353 1789 1496 1823 domino,
1517 1789 1620 1826 partis
1638 1789 1771 1817 obtentu
1793 1788 1941 1822 alterius,
1960 1788 2059 1816 minis
2079 1793 2109 1817 et
2130 1793 2232 1817 terro-

1226 1844 1319 1872 ribus
1348 1843 1395 1872 eis
1424 1841 1571 1871 advocati
1597 1841 1783 1870 subsidium
1809 1840 2040 1869 subtrahente.
2073 1841 2105 1869 in
2133 1850 2231 1869 causa

1226 1897 1297 1934 ipsa
1315 1904 1378 1924 non
1399 1894 1505 1932 potuit
1526 1894 1642 1923 baberi
1668 1902 1860 1931 processus.
1886 1893 1969 1921 sicut
1991 1893 2089 1922 iidem
2103 1893 2232 1931 judices

1227 1949 1297 1979 suis
1320 1947 1415 1977 nobis
1433 1947 1554 1976 litteris
1572 1946 1780 1975 intimarunt.
1799 1945 1954 1975 volt-ntes
1975 1945 2077 1982 igitur
2099 1949 2131 1973 111
2155 1945 2232 1974 111115

1225 2001 1342 2030 litibus
1358 2000 1558 2038 imponatur,
1574 1998 1768 2028 mandamus
1783 2002 1958 2036 quatenus,
1973 2002 2144 2035 utramque
2157 2006 2232 2035 par-

1227 2057 1292 2083 tem
1315 2062 1353 2082 ex
1373 2056 1464 2090 parte
1482 2055 1594 2081 nostra
1615 2051 1773 2084 citantes,
1795 2050 1964 2088 proligatis
1983 2050 2031 2079 eis
2053 2050 2232 2079 terminum

1225 2105 1484 2144 peremptorium
1499 2107 1749 2141 competentem,
1765 2112 1828 2141 quo
1844 2112 1900 2140 per
1915 2112 1948 2132 50
1962 2102 2013 2131 vel
2031 2102 2232 2132 sufficientes

1228 2163 1258 2188 et
1270 2158 1407 2187 idoneos
1423 2161 1653 2195 procuratores
1670 2155 1848 2193 apostolico
1865 2164 1898 2184 se
1913 2154 2104 2192 conspectui
2123 2163 2234 2192 repre-

1228 2214 1370 2245 sentent7
1399 2210 1526 2239 fac-ture
1555 2213 1585 2238 et
1610 2213 1781 2246 recepturo
1808 2207 1894 2245 quod
1914 2207 2045 2245 justitia
2069 2206 2230 2236 suadebit.

1227 2263 1320 2300 Quod
1343 2262 1372 2292 si
1393 2271 1458 2292 non
1474 2270 1589 2291 omnes
1608 2265 1682 2295 etc„
1702 2265 1752 2295 111,
1771 2261 1872 2289 trater
1891 2259 2056 2297 episcope.
2080 2264 2140 2288 etc.
2159 2259 2232 2287 Dat.

1228 2318 1428 2351 Interamne,
1446 2317 1474 2345 V
1489 2314 1648 2344 kalendas
1661 2313 1749 2353 julii,
1770 2322 1857 2342 anno
1874 2313 2010 2342 decimo.
2032 2325 2043 2337 n

1299 2499 1418 2528 3215

1264 2561 1408 2596 Episcopo
1424 2559 1617 2588 Coventrensi
1635 2559 1757 2585 mandat
1776 2562 1929 2591 quatenus,
1948 2571 1979 2574 —
1997 2564 2063 2582 eum
2081 2556 2125 2583 T..
2143 2555 2232 2582 abbas

1229 2609 1400 2636 monasterii
1416 2609 1452 2635 de
1468 2608 1628 2640 Evesham,
1645 2607 1680 2633 ad
1699 2606 1804 2633 Sedem
1823 2605 2024 2638 Apostolieam
2039 2604 2120 2629 nullo
2135 2603 2231 2629 medio

1228 2658 1416 2692 pertinentis,
1433 2657 1480 2683 vir
1498 2664 1622 2689 magnae
1637 2653 1833 2685 auctoritatis,
1849 2654 1945 2679 lamae
1960 2660 1994 2678 ac
2008 2651 2156 2685 opinionis
2170 2651 2231 2677 lau-

1228 2707 1349 2739 dabilis,
1366 2708 1484 2740 propter
1498 2703 1720 2731 incommodum
1741 2701 1902 2728 senectutis
1923 2702 1951 2726 et
1970 2698 2152 2726 valetudinis
2173 2706 2229 2724 non

1228 2759 1325 2790 posset
1349 2755 1483 2782 resistere
1506 2751 1746 2780 malefactoribus
1765 2749 1976 2776 monasterium
1999 2755 2086 2781 super
2108 2747 2231 2773 liberta-

1229 2804 1309 2831 tibus
1323 2806 1353 2830 et
1368 2803 1451 2830 bonis
1465 2802 1525 2829 suis
1541 2801 1605 2828 sine
1620 2798 1839 2826 intermissione
1855 2795 2110 2831 impugnantibus,
2123 2809 2155 2812 —
2167 2795 2230 2828 ejus

1228 2852 1353 2887 recipiat
1374 2852 1546 2883 cessionem,
1563 2853 1591 2876 et
1610 2849 1646 2882 si,
1667 2848 1704 2875 ob
1726 2848 1801 2874 hanc
1817 2854 1947 2878 causam,
1968 2853 2056 2879 grave
2078 2846 2152 2870 esset
2171 2843 2229 2877 ipsi

1229 2909 1296 2927 eum
1310 2900 1378 2927 aliis
1391 2900 1422 2927 in
1439 2899 1539 2926 eodem
1556 2896 1708 2925 refectorio
1723 2904 1756 2922 ac
1769 2894 1940 2921 dormitorio
1956 2891 2141 2923 commorari,
2156 2890 2229 2918 alibi

1229 2949 1256 2976 ei
1270 2949 1360 2976 faeiat
1375 2947 1519 2982 assignari
1532 2947 1567 2973 de
1581 2945 1664 2973 bonis
1681 2943 1863 2976 monasterii,
1880 2941 1957 2969 unde
1971 2939 2135 2967 necessaria
2148 2939 2229 2965 vitae

1815 2497 1905 2528 111011,
1921 2497 1953 2522 13
1969 2496 2067 2529 juillet
2082 2495 2159 2521 1236.
