2519 3518
191 252 267 283 1157
1038 238 1260 278 nouziEME
1284 239 1442 275 Axxsstz.
2215 249 2291 277 1253

189 320 249 354 nis,
267 319 463 348 Abrincensis
475 318 609 348 diocesis.
625 316 775 347 Dilectus
792 315 881 346 filius
898 338 920 345 ..
941 315 1042 345 abbas
1058 331 1106 342 -.
1124 313 1197 343 Dat.

191 371 356 409 Anagnie,
373 370 486 401 idibus
504 369 660 405 octobris,
679 378 765 400 anno
781 368 986 399 duodecimo.
1006 380 1019 394 r>

261 542 379 569 4552
726 540 856 575 Anagni,
874 540 906 566 14
920 539 1035 566 octobre
1050 538 1128 565 1238.

227 603 373 638 Episcopo
388 602 567 629 Novariensi
583 602 705 629 mandat
719 605 863 636 quatenus
874 600 1049 635 quibusdam
1065 599 1201 626 vassallis

192 651 334 679 ecclesiae
350 651 560 683 Vercellensis,
575 665 607 669 —
622 650 683 684 qui,
698 650 834 684 episcopo
849 648 1033 675 Vei-cellensi
1046 649 1201 678 referente.

193 699 355 726 offerebant
371 702 430 725 tam
456 698 682 733 pignoraticiam
700 706 788 732 quam
804 696 1016 731 fidejussoriam
1034 695 1200 723 cautionem

194 748 230 774 de
247 747 376 782 parendo
393 747 544 773 mandatis
560 747 654 781 ipsius
671 754 763 780 papae
780 749 807 772 et
821 745 965 780 praedicti
982 744 1111 778 episcopi
1127 744 1202 770 Ver-

194 796 333 823 cellensis
347 803 434 829 super
452 795 498 821 his
512 803 562 829 pro
578 795 684 829 quibus
698 793 949 820 exeommunicati
966 792 1160 824 habebantur,
1175 796 1201 819 et

193 844 230 871 de
256 844 393 870 facienda
417 843 605 870 restitutione
629 843 805 869 damnorum
832 842 889 876 ipsi
911 841 1046 876 episcopo
1069 849 1122 867 nec
1144 849 1201 867 non

194 892 288 927 ipsius
302 892 419 918 clericis
432 894 460 918 et
477 891 648 918 hominibus
663 891 826 922 illatorum,
840 898 890 924 pro
906 893 988 924 parte
1002 898 1074 923 quae
1086 889 1200 916 eosdem

194 940 395 974 contingebat,
408 954 440 958 —
456 940 480 966 si
497 939 664 966 cautionem
682 939 864 973 praedictam
883 938 1054 965 exhibeant.
1071 946 1104 964 ac
1120 945 1202 964 man—

194 989 263 1016 data
280 997 354 1023 quae
370 989 432 1023 ipse
451 988 645 1015 Now-ariensis
668 988 822 1022 episcopus
842 995 877 1013 ex
896 990 977 1021 parte
996 986 1090 1021 ipsius
1110 994 1202 1020 papae

193 1038 237 1065 eis
260 1038 362 1064 iecerit
374 1059 380 1069 ,
405 1040 508 1064 curent,
530 1037 694 1070 adimplere
706 1058 712 1068 ‚
738 1036 952 1062 absolutionem
978 1035 1143 1069 impendat.
1169 1049 1201 1053 —

194 1086 282 1118 (Rea.
299 1085 344 1114 19.
359 1087 379 1112 f.
394 1086 428 1112 55
441 1088 485 1117 v⁰;
502 1093 571 1112 ann.
587 1085 654 1116 ΧΠ,
670 1093 694 1111 c.
710 1084 779 1115 28&
798 1099 829 1102 —
846 1084 883 1110 cf.
901 1091 996 1115 supra,
1012 1086 1040 1109 n⁰
1055 1082 1148 1114 4090.)

235 1198 248 1213 α
274 1209 294 1214 ..
320 1187 453 1224 episcopo
473 1186 667 1215 Novar-tensi.
694 1185 788 1219 Cum,
813 1185 899 1214 sicut
924 1183 1126 1214 venerabilis
1151 1200 1200 1211 —.

193 1239 268 1269 Dat.
287 1238 451 1276 Anagnie‚
470 1239 502 1268 II
518 1238 593 1268 idus
607 1237 762 1272 octobris,
783 1245 870 1266 anno
889 1236 1092 1266 duodecimo.
1112 1248 1124 1262 ‚2

263 1410 382 1437 4553
726 1409 856 1443 Anagni,
873 1409 905 1435 14
920 1407 1036 1435 octobre
1052 1407 1131 1434 1238.

228 1471 326 1499 Priori
344 1471 447 1498 Sancti
464 1471 598 1498 Fridiani
625 1471 736 1498 Lucani
758 1471 879 1498 mandat
903 1474 1047 1504 quatenus
1067 1469 1202 1496 abbatem

193 1522 223 1547 et
243 1523 423 1546 conventum
451 1520 620 1546 monasterii
640 1520 744 1554 Campi
764 1519 899 1553 Maioris,
917 1518 1065 1545 Florensis
1080 1517 1204 1546 ordinis.

193 1568 332 1596 Lucanae
356 1568 508 1599 dioecesis,
538 1577 595 1594 non
619 1569 773 1602 permittat
800 1567 948 1594 molestari
973 1575 1060 1601 super
1082 1566 1205 1593 ecclesia

195 1616 300 1644 Sancti
323 1616 423 1644 Jacobi
441 1617 476 1643 de
491 1617 580 1643 Valle
596 1617 770 1647 Benedicta,
794 1625 881 1650 quam
908 1616 970 1650 ipse
993 1624 1067 1649 papa
1093 1615 1203 1641 dudum

193 1665 293 1692 ordini
325 1665 457 1692 Florcnsi
489 1671 669 1692 concesserat
699 1669 727 1692 et
755 1666 850 1692 eidem
879 1665 1058 1691 monasterio
1082 1664 1205 1691 (luxerat

194 1713 370 1740 uniendam.
388 1728 419 1731 —
437 1714 523 1745 (Hm.
542 1713 585 1745 19,
608 1715 627 1740 s.
647 1714 681 1739 55
700 1717 746 1745 v03
771 1722 840 1740 ann.
860 1713 928 1745 XII,
945 1722 970 1739 c.
989 1713 1064 1743 287.)

237 1826 252 1841 ι
272 1836 290 1842 ..
308 1815 409 1851 priori
424 1814 530 1843 Sancti
540 1815 688 1843 Friclirmi
702 1815 828 1843 Lucani.
842 1814 984 1848 Dudum,
999 1813 1206 1843 attendentes

195 1857 284 1906 duod
304 1867 545 1896 monasterium
567 1867 683 1905 Campi
705 1867 850 1906 Majoris,
878 1866 1046 1896 Florensis
1067 1865 1205 1900 ordinis,

198 1920 331 1950 Lucane
360 1919 513 1955 diocesis,
546 1919 632 1958 quod
665 1919 854 1958 specialiter
883 1919 972 1949 beati
1004 1919 1094 1948 Petri
1121 1918 1207 1957 juris

200 1972 322 2008 existit,
341 1972 421 2002 adeo
435 1971 555 2002 habeat
575 1976 691 2002 tenues
716 1971 901 2006 facultates,
918 1972 1005 2011 quod
1027 1980 1065 2002 ex
1084 1971 1168 2009 ipsis
1187 1994 1206 2000 ..

199 2025 302 2055 abbas
319 2029 350 2055 et
367 2029 549 2055 conventus
569 2025 717 2064 ejusdem
734 2025 787 2054 vix
804 2029 954 2063 poterant
973 2025 1116 2054 tenuiter
1135 2033 1208 2054 sus-

200 2077 333 2112 tentari,
352 2077 527 2107 ecclesiam
544 2078 657 2108 Sancti
673 2077 789 2108 Jacobi
802 2077 840 2107 de
853 2077 947 2107 Valle
964 2077 1155 2112 Benedicta,
1169 2077 1209 2107 ad

202 2139 261 2161 nos
287 2130 379 2160 nullo
408 2130 516 2160 medio
546 2130 782 2168 pertinentem,
810 2139 920 2168 quam,
951 2130 1030 2171 dum·
1057 2129 1147 2164 olim,
1173 2129 1208 2158 in

201 2181 324 2211 minori
354 2181 461 2211 officio
491 2181 675 2211 constituti.
701 2181 735 2210 in
759 2181 880 2211 Tuscia
902 2180 1080 2219 legationis
1103 2180 1209 2210 officio

201 2235 429 2272 fungeremur,
447 2233 557 2263 ordini
573 2233 723 2264 Florensi
740 2234 977 2269 concessimus,
996 2234 1061 2272 ipsi
1076 2241 1210 2263 monas-

201 2287 285 2317 terio
310 2286 464 2316 duximus
491 2286 684 2321 uniendam,
711 2286 756 2316 ita
784 2286 871 2325 quod
894 2295 1024 2324 semper
1046 2286 1095 2315 ibi
1121 2286 1210 2324 prior

201 2348 277 2369 cum
299 2338 404 2368 trihus
430 2338 481 2368 vel
505 2343 646 2377 quatuor
668 2338 840 2368 monachis
865 2347 923 2377 pro
946 2338 1069 2368 divinis
1093 2338 1211 2368 officiis

202 2396 424 2427 commoretur
439 2409 488 2421 —.
506 2393 580 2422 Dat.
598 2396 634 2421 ut
650 2400 761 2430 supra.
778 2404 791 2418 ι,

201 2516 318 2535 couteau
336 2510 372 2533 du
389 2511 507 2539 relieur;
526 2517 561 2534 on
578 2517 611 2533 ne
628 2511 679 2533 sait
696 2510 766 2534 donc
784 2511 872 2540 quelle
889 2511 975 2533 forme
990 2518 1008 2540 y
1025 2510 1089 2534 etait
1104 2510 1212 2533 donnee

201 2562 235 2579 au
255 2562 318 2578 nom
336 2555 368 2578 de
385 2559 456 2578 cette
473 2555 588 2584 abbaye,
605 2555 712 2578 destino
735 2555 749 2577 'a
770 2555 857 2583 subir,
878 2554 946 2578 dans
966 2555 1005 2578 les
1023 2554 1162 2584 Registres
1179 2554 1212 2578 de

201 2600 337 2630 Gregoire
351 2599 397 2628 lx,
415 2599 476 2629 plus
493 2599 575 2621 d'unc
592 2599 783 2622 dcsorntation.
801 2612 832 2615 —
848 2598 890 2622 On
912 2606 926 2621 a
947 2599 1007 2628 dcTa
1021 2606 1055 2621 vu
1073 2599 1133 2629 plus
1148 2599 1211 2622 haut

201 2651 256 2675 que
269 2645 292 2667 le
305 2643 479 2666 rubricateur
490 2643 526 2665 du
539 2645 662 2672 Reytstre
673 2644 756 2669 avait,
769 2644 836 2666 dans
851 2643 980 2666 l'adresse
992 2643 1025 2666 tle
1041 2644 1066 2665 la
1081 2642 1158 2673 picce
1171 2643 1210 2666 17¹

202 2689 276 2712 dela
292 2687 354 2710 xlle
367 2687 455 2710 annee
468 2691 506 2715 tn·
519 2687 600 2715 44:30¹,
617 2687 683 2710 ccrit
699 2689 860 2710 salviniaco
877 2694 909 2710 au
927 2688 981 2710 lieu
998 2687 1031 2710 de
1047 2688 1212 2714 saviniaco:

204 2733 265 2764 ptus
281 2733 348 2759 loin,
365 2738 430 2754 ann.
447 2731 507 2759 ΧΗ,
524 2738 548 2754 c.
566 2732 620 2757 32'0,
636 2732 660 2754 le
678 2738 738 2754 nont
755 2732 787 2753 de
801 2736 872 2754 cette
887 2732 973 2754 meme
986 2732 1091 2761 abbaye
1108 2735 1149 2754 est
1165 2738 1213 2754 en—

202 2784 266 2801 core
279 2776 373 2803 altere,
385 2776 453 2798 mais
465 2779 619 2798 autrentent
634 2779 658 2798 ct
674 2776 734 2805 plus
746 2775 907 2803 sortcincnt;
923 2776 939 2798 il
953 2782 982 2798 se
994 2775 1130 2805 presente,
1143 2779 1214 2798 cettc

203 2821 266 2848 tois,
284 2827 350 2843 sous
366 2820 391 2842 la
404 2819 491 2842 forme
509 2820 671 2842 caviniaco.
689 2819 728 2842 De
745 2819 840 2847 meme,
855 2819 923 2842 dans
938 2820 961 2841 la
977 2820 1048 2842 table
1063 2819 1110 2842 des
1123 2820 1214 2842 rubri-

203 2871 272 2895 ques
289 2864 323 2887 de
340 2867 412 2887 cette
429 2863 489 2886 ΧΙΙε
506 2863 603 2891 amieo,
621 2870 656 2886 on
679 2863 719 2889 lit.
738 2867 977 2893 respectu-entem,
994 2870 1045 2885 aux
1068 2863 1214 2893 rubriques

204 2910 255 2933 des
271 2909 396 2937 capitula
415 2907 467 2936 17¹,
482 2907 528 2930 ‘285
545 2910 571 2930 ct
585 2907 639 2936 31‘13,
656 2908 829 2935 Saltirtiato,
845 2908 999 2930 silviniaco
1014 2910 1039 2930 et
1053 2909 1214 2931 (fariniaco.

1350 312 1471 340 4524

1318 372 1460 407 Episcopo
1476 376 1504 400 et
1520 373 1728 400 archidiacono
1743 373 1936 400 Olor-ensibus
1951 377 1979 400 et
1995 375 2134 401 sacristae
2151 375 2286 405 Oscensi,

1281 420 1387 454 quibus
1402 421 1461 454 jam
1481 422 1567 455 paulo
1581 425 1666 447 antea
1683 429 1770 455 super
1786 422 1862 447 facto
1881 422 2098 449 reformationis
2116 423 2287 449 monasterii

1283 469 1385 496 Sancti
1409 470 1572 496 salvatoris
1594 470 1775 503 Legerensis,
1798 470 2037 504 Pampilonensis
2057 471 2209 503 dioecesis,
2226 471 2289 505 ipsc

1282 525 1357 551 papa
1373 518 1539 552 scripserat,
1558 518 1678 544 mandat
1703 521 1857 551 quatenus,
1880 527 1915 544 ne
1938 518 2095 545 videantur
2116 519 2208 553 ipsius
2226 528 2289 546 mo-

1813 313 1942 345 Anagni,
1959 314 1992 340 13
2007 313 2123 340 octobre
2137 314 2215 341 1238.

1282 566 1403 593 nasterii
1422 566 1558 593 monachi
1575 575 1661 600 super
1675 567 1991 593 ext-<unm[intentionis
2003 568 2148 594 sententia
2164 568 2194 594 in
2211 568 2289 602 ipso-

1282 622 1299 641 a
1320 615 1543 648 Pampiloncnsi
1566 615 1700 648 episcopo
1721 615 1841 648 ejusque
1865 615 1984 648 collegis
2010 616 2138 649 prolata.
2160 616 2290 642 remedio

1283 663 1429 695 destituti,
1450 663 1559 690 eisdem
1582 663 1745 693 monachis,
1770 663 1898 697 ipsorum
1924 664 2064 698 episcopi,
2086 664 2289 691 archidiaconi

1283 715 1310 737 et
1327 711 1466 737 sacristae
1479 711 1695 737 ordinationem
1711 711 1934 745 recipientibus,
1949 712 2162 738 absolutionem
2177 712 2290 746 impew

1283 758 1365 785 dant.
1384 773 1414 776 —
1432 759 1518 790 (Rae.
1540 759 1588 789 19.
1614 760 1633 785 t.
1655 758 1689 785 56
1711 762 1750 791 r⁰;
1772 767 1841 785 ann.
1866 759 1933 791 xu,
1957 768 1982 786 c.
2007 760 2073 791 28&
2090 761 2175 786 ——ct'.
2192 767 2289 793 supro,

1284 815 1313 833 n.
1330 807 1398 833 3594
1412 810 1440 833 et
1453 807 1546 837 4540.)

1325 906 1337 921 α
1357 893 1405 933 [..]
1422 895 1556 932 episcopo
1571 900 1596 923 ee
1613 917 1631 923 ..
1651 895 1871 924 archidiacono
1885 896 2077 925 Olet-ensibus
2091 901 2117 925 et
2131 919 2149 924 ..
2167 897 2294 925 sacriste

1285 947 1414 977 Oscensi.
1445 947 1528 978 Cum
1556 947 1646 982 olim,
1677 948 1846 978 intellecto
1871 965 1919 977 -.
1953 949 2027 978 Dat.
2052 949 2215 987 Anagnie,
2240 950 2289 979 111

1283 1000 1358 1029 idus
1372 1000 1527 1035 octobris,
1547 1009 1633 1030 anno
1653 1000 1857 1030 duodecimo.
1879 1014 1890 1026 n

1353 1147 1474 1173 4¹an

1815 1145 1945 1179 Anagni,
1962 1146 1994 1172 14
2010 1146 2125 1172 octobre
2140 1146 2218 1173 1238.

1319 1207 1550 1241 Archiepiscopo
1573 1207 1803 1240 Rothomagensi
1821 1207 1942 1233 mandat
1965 1211 2120 1240 quatenus,
2137 1216 2223 1241 super
2239 1216 2291 1234 ne-

1284 1256 1361 1290 gotio
1377 1256 1518 1282 cessionis
1531 1255 1647 1282 abbatis
1664 1255 1835 1282 monasterii
1851 1256 1953 1282 Sancti
1966 1255 2103 1289 Dionysii
2120 1256 2150 1282 in
2168 1256 2292 1282 Francia

1284 1304 1471 1338 recipiendae
1486 1304 1609 1331 ulterius
1625 1312 1681 1330 non
1697 1304 1866 1338 procedens,
1883 1304 1995 1330 dictum
2009 1304 2144 1330 abbatem
2159 1305 2293 1331 animare

1285 1353 1401 1380 studeat
1417 1356 1447 1379 ut
1467 1353 1666 1379 ministerium
1685 1361 1768 1379 suum
1788 1353 1959 1379 continuata
1974 1353 2085 1379 virtute
2107 1357 2292 1387 exsequatur.

1285 1417 1317 1420 —
1340 1402 1427 1433 (Hi-zo.
1447 1402 1491 1432 19,
1516 1403 1535 1427 f.
1555 1401 1589 1427 56
1610 1404 1648 1432 r⁰;
1670 1410 1740 1427 ann.
1761 1401 1829 1428 XII.
1855 1410 1880 1427 c.
1904 1401 1971 1431 289;
1999 1416 2030 1418 —
2056 1401 2188 1428 Mourisi-
2215 1401 2293 1432 1192,

1286 1451 1306 1477 ft
1328 1450 1395 1481 1973
1414 1465 1446 1468 —
1463 1451 1500 1476 cf.
1518 1458 1615 1482 -xltpflo,
1633 1454 1662 1475 n¹’
1676 1449 1769 1479 4101.)

1329 1550 1341 1563 (t
1362 1560 1381 1565 ..
1402 1538 1626 1575 archiepiscopo
1644 1538 1886 1573 Rothomosyensi.
1905 1536 2077 1566 Intellecto
2093 1537 2178 1575 quod
2196 1537 2297 1567 dilcc-

1287 1595 1339 1620 tns
1358 1590 1448 1620 filius
1470 1614 1491 1619 ..
1510 1591 1611 1620 abbas
1628 1590 1822 1619 monasterii
1840 1589 1953 1619 Sancti
1972 1589 2116 1619 Dionisii
2138 1590 2172 1618 in
2195 1591 2297 1619 Fran-

1287 1644 1348 1677 cia,
1378 1644 1582 1673 Parisiensis
1613 1643 1766 1678 diocesis,
1793 1643 1961 1672 commissi
1985 1652 2097 1672 curam
2122 1643 2297 1680 regiminis

1287 1705 1352 1726 non
1378 1701 1488 1734 posset
1513 1696 1639 1735 absque
1664 1696 1779 1725 mortis
1809 1704 1961 1725 exercere
1986 1695 2144 1733 periculo,
2167 1700 2299 1733 propter

1287 1749 1517 1779 detestabilem
1536 1749 1754 1787 quorumdam
1773 1757 1808 1778 ex
1835 1748 1899 1778 sibi
1922 1748 2065 1777 subditis
2088 1748 2296 1786 pravitatem.

1287 1802 1348 1831 tihi
1365 1802 1516 1831 dedimus
1537 1802 1571 1830 in
1595 1801 1760 1830 mandatis
1787 1806 1834 1836 ut,
1859 1801 1887 1829 si
1911 1801 1958 1830 rei
1983 1801 2105 1830 veritas
2129 1800 2238 1830 taliter
2263 1809 2298 1830 sc

1288 1854 1435 1889 haberet,
1465 1859 1509 1889 tu,
1531 1854 1716 1884 cessionem
1737 1854 1808 1892 ejus
1832 1854 1903 1883 vice
1927 1857 2039 1883 nostra
2062 1853 2238 1891 recipiens,
2259 1853 2298 1883 dc

1287 1907 1395 1945 ipsius
1419 1911 1507 1936 statu
1523 1906 1744 1945 disponere[s]
1765 1910 1860 1944 prout
1883 1905 2030 1944 ejusdem
2049 1905 2158 1941 saluti,
2179 1914 2299 1935 secun-

1289 1959 1366 1989 dum
1392 1960 1509 1992 Deum,
1535 1958 1687 1997 expedire
1709 1958 1851 1988 videres.
1877 1959 2012 1993 Verum,
2037 1966 2123 1993 cum,
2149 1957 2234 1987 sicut
2260 1966 2296 1988 ex

1290 2011 1572 2049 tuesssinccritatis
1596 2010 1825 2040 insinuatione
1850 2010 2068 2048 percepimus,
2095 2015 2140 2045 tu,
2167 2010 2206 2040 de
2230 2009 2298 2039 hiis

1289 2063 1467 2101 diligenter
1479 2063 1667 2102 inquirens,
1681 2063 1866 2101 reppereris
1880 2063 1964 2101 quod
1978 2071 2035 2101 per
2046 2062 2187 2092 eundem
2197 2062 2298 2093 abba-

1290 2122 1367 2153 tem,
1395 2117 1553 2146 creditam
1576 2116 1641 2146 sibi
1667 2116 1927 2146 sollicitudinem
1952 2115 2165 2146 laudabiliter
2187 2124 2299 2154 prose—

1291 2174 1457 2209 quentem,
1467 2169 1590 2199 dictum
1603 2168 1843 2198 monasterium
1854 2168 1983 2198 utiliter
1994 2168 2121 2206 regitur
2130 2174 2161 2198 et
2171 2177 2297 2199 secure.

1290 2222 1462 2252 monachis
1483 2222 1632 2261 ejusdem
1651 2221 1716 2252 sibi
1741 2221 1886 2251 debitam
1907 2221 2129 2251 obedientiam
2152 2226 2182 2251 et
2205 2230 2299 2251 reve-

1290 2276 1432 2306 rentiam
1444 2274 1714 2314 impendentibus
1726 2283 1763 2304 ac
1773 2274 1982 2304 observantie
1995 2274 2189 2303 vacantibus
2201 2283 2299 2312 regu-

1290 2328 1365 2363 lari,
1392 2328 1587 2358 mandamus
1612 2332 1788 2366 quatenus,
1820 2336 1919 2365 super
1945 2326 2137 2366 hujusmodi
2168 2327 2300 2364 negotio

1291 2380 1433 2411 ulterius
1469 2389 1536 2410 non
1572 2380 1764 2418 procedens,
1803 2379 1927 2409 (lictum
1963 2379 2116 2409 abbatem
2151 2379 2299 2409 animare

1293 2433 1426 2463 studeas
1449 2437 1494 2469 ut,
1515 2433 1554 2463 de
1577 2432 1825 2471 propitiationis
1848 2431 1960 2462 divine
1983 2431 2089 2470 gratia
2108 2436 2138 2461 et
2160 2433 2301 2470 Aposto-

1292 2486 1355 2516 lice
1372 2486 1467 2516 Sedis
1485 2486 1598 2515 favore
1612 2485 1766 2521 confisus,
1790 2485 1983 2514 continuata
1998 2484 2120 2514 virtute
2137 2484 2184 2514 sic
2203 2493 2298 2514 suunt

1293 2538 1408 2576 vigilet
1422 2537 1648 2567 ministerium
1665 2537 1794 2576 exequi,
1808 2537 1894 2575 quod
1908 2545 1964 2575 per
1973 2537 2080 2575 ipsius
2092 2536 2299 2574 diligentiam

1294 2591 1419 2621 dictum
1445 2591 1684 2621 monasterium
1703 2591 1830 2629 jugiter
1852 2589 1945 2620 reddi
1958 2589 2064 2620 valeat
2085 2590 2120 2619 in
2142 2590 2300 2627 spiritua—

1294 2643 1382 2674 libus
1397 2648 1427 2673 et
1444 2634 1681 2682 temporalibus
1694 2642 1899 2680 ampliatum.
1913 2642 1986 2671 Dat.
1999 2642 2161 2680 Anagnie,
2180 2643 2211 2671 II
2224 2642 2300 2671 idus

1294 2697 1447 2733 octobris,
1468 2705 1554 2726 anno
1567 2695 1772 2726 duodecimo.
1794 2707 1808 2721 »

1365 2839 1484 2867 45²8
1822 2838 1951 2871 Anagni,
1970 2839 2001 2864 14
2017 2838 2133 2865 octobre
2148 2839 2227 2865 1238.

1332 2902 1476 2936 Episcopo
1496 2900 1674 2928 Novariensi
1697 2900 1817 2926 mandat
1840 2905 1994 2933 quatenus,
2015 2900 2137 2927 Oddone
2157 2900 2192 2926 de
2212 2900 2301 2927 Man-
