2519 3518
89 273 128 303 85
931 263 1159 303 xsscvlmffl
1183 264 1341 301 ANNEE.
2138 275 2175 304 803

91 338 134 368 tis
152 338 299 377 ejusdem
323 338 362 368 de
387 339 523 369 veritate
540 339 677 369 dicenda
693 340 881 379 juramenta
897 342 1020 369 secrete
1038 346 1094 375 pro

91 399 151 420 suo
169 389 306 419 arbitrio
323 395 527 428 receperunt.
550 391 716 430 Cumque,
735 392 786 421 die
804 391 960 430 quadam,
982 390 1094 420 multis

91 446 157 472 tam
174 442 321 472 maribus
339 452 436 481 quam
454 443 650 473 mulieribus
673 448 703 474 et
721 444 802 482 ipsis
819 444 916 473 etiam
935 452 1094 473 convoca-

91 495 145 530 tis,
161 495 325 533 quendam
345 495 576 533 presbiterum,
595 496 759 534 relapsum
776 496 815 525 ad
835 495 983 525 heresem
1001 494 1094 533 1111111-

92 550 212 581 ratam,
244 547 282 576 de
315 556 379 585 qua
409 547 510 577 semel
541 552 571 577 et
601 548 744 578 secundo
776 548 944 578 convictus
975 547 1092 581 suerat,

91 597 244 628 duxerint
274 599 513 634 advocandum,
544 605 579 629 ut
606 604 765 638 prestaret
794 599 902 629 simile
924 600 1094 638 juramen-

91 656 175 685 tum,
195 651 447 690 quampluribus
469 653 508 682 de
528 652 645 691 populo
661 662 735 682 cum
753 653 875 683 eisdem
898 652 1093 681 mulieribus

90 703 348 733 reclamantibus
371 704 456 743 quod
479 709 543 734 tam
569 704 724 742 flagitiosi
747 705 809 733 viri
829 713 892 733 nou
912 709 980 734 erat
1001 704 1093 733 testi-

74 756 238 786 'monium
256 756 514 792 admittendum,
541 757 671 786 tandem
696 766 733 786 ex
754 761 844 795 parte
864 757 1012 786 omnium
1033 756 1093 785 hac

89 809 262 838 occasione
293 809 333 838 ad
362 814 507 839 nostram
542 809 605 839 fuit
636 811 836 847 presentiam
871 809 1090 848 appellatum3

90 860 164 895 sed,
185 862 345 891 fratribus
366 862 445 900 ipsis
469 862 737 900 promittentibus
760 862 956 892 mulieribus
977 870 1093 899 supra-

89 913 187 943 dictis
204 914 288 952 quod
312 924 366 944 eas
391 915 425 943 iu
448 915 538 944 nullo
561 920 750 953 gravarent,
769 915 797 945 si
816 916 855 945 ab
875 915 1092 953 appellatione

90 967 278 996 recederent
302 972 332 997 et
353 977 410 997 sue
433 977 467 997 se
492 977 590 1006 super
615 968 674 997 hoc
701 973 900 1006 exponerent
920 967 1091 997 voluntati.

89 1018 220 1053 eedem,
240 1019 452 1057 appellationi
480 1021 710 1050 renuntiantes
733 1021 870 1055 emisse,
891 1020 928 1049 de
950 1019 1092 1057 parendo

89 1071 253 1101 mandatis
271 1081 382 1101 eorum
403 1073 615 1110 prestiterunt
637 1072 835 1102 fiducialiter
853 1073 1090 1111 juramentum.

88 1123 160 1160 Quo
177 1124 272 1159 sacto,
291 1125 407 1160 iidem,
426 1126 667 1155 examinatione
687 1125 750 1155 alia
772 1135 836 1155 non
855 1125 1025 1163 premissa.
1045 1124 1092 1154 eis

87 1176 150 1205 sub
182 1176 290 1206 debito
319 1177 500 1216 juramenti
532 1178 660 1215 prestiti
690 1182 905 1215 preceperunt
933 1181 965 1206 ut
993 1185 1091 1214 quam

87 1228 209 1258 vellent
236 1229 430 1267 religionem
456 1230 619 1259 intrarent
645 1230 699 1269 [et]
724 1230 758 1259 in
783 1239 821 1259 ea
847 1233 1003 1267 perpetuo
1028 1230 1092 1258 Do-

86 1281 178 1312 mino
195 1282 442 1321 deservire[nt];
461 1287 592 1320 propter
615 1283 702 1321 quod
726 1283 764 1312 ad
788 1282 904 1312 Sedem
928 1281 1093 1320 Apostoli-

87 1342 157 1363 cam
178 1334 401 1372 appellarunt3
429 1335 516 1364 unde
543 1335 716 1364 humiliter
744 1335 909 1372 petierunt
936 1339 986 1368 ut,
1018 1343 1091 1364 cum

87 1386 155 1416 sint
183 1386 343 1417 catholice
374 1386 545 1422 mulieres,
578 1391 727 1417 tenentes
758 1391 880 1417 rectam
912 1387 1019 1422 fidem,
1052 1387 1093 1416 ad

88 1438 242 1469 Sanctam
272 1439 454 1469 Ecclesiam
483 1439 689 1469 devotionem
719 1440 882 1469 sinceram
912 1438 1089 1473 habentes,

86 1499 146 1520 nec
162 1495 273 1521 coacta
292 1491 427 1521 servitia
444 1492 598 1522 Christus
615 1496 771 1530 acceptet.
786 1501 884 1530 super
902 1491 962 1521 hoe
979 1491 1091 1528 digna-

82 1552 196 1574 remur
211 1543 351 1578 eisdem,
372 1553 434 1582 que
451 1544 557 1574 adhuc
576 1544 763 1574 desiderant
783 1553 856 1574 esse
873 1548 1010 1579 matres,
1028 1544 1092 1573 mi-

86 1595 298 1626 sericorditer
313 1596 504 1634 providere3
525 1597 701 1635 presertim
718 1605 792 1626 cum
810 1597 1015 1627 defensionis
1038 1605 1092 1626 co-

83 1647 174 1686 piam
204 1657 269 1678 non
301 1648 480 1678 habuerint
504 1653 535 1679 et.
564 1649 799 1687 condempnari
823 1658 887 1679 non
917 1649 1092 1679 debuerint

84 1701 272 1731 indefense.
292 1702 452 1738 Quocirca
471 1702 564 1732 vobis
581 1712 638 1741 per
658 1702 836 1740 apostolica
858 1703 980 1741 scripta
1002 1712 1092 1732 man-

83 1754 200 1784 damus
228 1758 402 1792 quatenus,
431 1764 497 1785 non
521 1755 672 1785 obstante
701 1755 923 1793 predictorum
951 1756 1089 1785 fratrum

83 1807 239 1837 mandato
258 1808 344 1837 sacto
364 1807 561 1838 mulieribus
578 1808 797 1846 supradictis,
815 1808 976 1846 inquisita
993 1818 1091 1846 super

83 1858 152 1889 hiis
171 1864 203 1889 et
218 1859 294 1889 aliis
312 1869 374 1898 que
397 1860 474 1890 fidei
492 1861 689 1898 contingunt
709 1861 877 1898 negotium
893 1861 928 1889 in
944 1860 1091 1899 predicta

82 1912 264 1950 provincia,
289 1912 483 1950 diligentius
511 1913 658 1947 veritate,
683 1922 782 1951 super
805 1913 866 1943 hoe
891 1917 989 1951 atque
1014 1913 1090 1943 aliis

82 1964 268 2002 procedatis
284 1974 342 2003 per
357 1969 479 1995 statuta
495 1965 629 1994 concilii
648 1969 678 1995 et
702 1969 814 1995 nostra
833 1965 961 1995 noviter
977 1969 1090 1995 contra

83 2015 248 2047 hereticos
267 2017 484 2055 promulgata.
501 2018 575 2047 Dat.
593 2022 628 2047 ut
646 2026 756 2055 supra.
775 2030 789 2044 n

118 2255 267 2283 Comitem
284 2255 449 2283 Cornubiae
464 2258 493 2283 et
508 2256 662 2283 Pietaviae
684 2260 783 2283 monet
801 2260 960 2291 quatenus,
982 2272 1013 2276 —-
1030 2266 1087 2284 non

81 2303 218 2331 obstante
231 2304 307 2337 quod
325 2304 445 2337 quidam
459 2304 628 2331 asserebant
645 2305 720 2338 quod
739 2305 835 2338 ipsum
855 2305 1011 2332 defunctus
1025 2306 1088 2333 Gil-

83 2352 194 2385 bertus,
207 2360 303 2379 comes
317 2352 505 2385 Gloverniae,
517 2353 589 2379 olim
604 2353 728 2379 maritus
740 2353 892 2386 Isabellae,
905 2362 983 2380 nunc
994 2354 1087 2389 ipsius

81 2401 201 2428 comitis
217 2400 383 2428 Cornubiae
396 2401 510 2433 uxoris,
527 2404 629 2435 quarta
648 2402 816 2435 parentelae
836 2401 913 2428 linea
933 2402 1086 2436 attigerat,

82 2463 115 2467 —
136 2457 204 2476 cum
227 2450 359 2484 praefata
378 2449 544 2482 comit-issa,
561 2457 649 2475 uxore
669 2458 721 2476 sua
738 2449 886 2483 legitima,
904 2454 1032 2478 maneat.
1054 2466 1086 2470 —

83 2497 172 2530 (nm.
189 2497 233 2530 18,
250 2498 271 2524 f.
287 2497 321 2524 38
335 2501 373 2529 r⁰;
390 2506 459 2524 ann.
474 2498 527 2529 lx,
542 2506 566 2524 c.
582 2497 656 2528 108.)

658 2195 793 2228 Perouse‚
810 2196 844 2222 15
856 2195 920 2229 juin
936 2196 1015 2223 1235.

122 2609 137 2624 «ι
152 2598 254 2627 Nobili
270 2599 339 2627 viro
365 2620 384 2626 ..
408 2599 514 2627 comiti
536 2598 686 2627 Cornubie
706 2603 732 2626 et
754 2599 900 2627 Pictavie.
921 2598 972 2628 Ad
990 2608 1087 2630 aures

80 2653 212 2680 nostras
229 2650 380 2688 pervenit
394 2650 491 2689 quod,
512 2659 586 2679 cum
603 2649 749 2679 nobilem
763 2650 939 2680 mulierem
955 2674 972 2680 ..
989 2652 1087 2682 comi-

80 2702 198 2732 tissam
215 2702 392 2732 Glovernie
408 2703 443 2731 in
457 2703 541 2732 faeie
565 2702 711 2732 Ecclesie
734 2711 808 2732 cum
832 2702 1087 2741 sollempnitati-

78 2753 142 2784 bus
157 2753 291 2790 debitis,
311 2754 402 2784 nullo
425 2754 642 2789 reclamante,
667 2754 802 2784 duxeris
824 2755 858 2784 111
878 2764 1027 2790 uxorem,
1048 2756 1086 2786 de

79 2815 156 2845 qua,
173 2806 277 2836 multo
295 2811 439 2845 tempore
455 2807 520 2836 sibi
537 2807 743 2842 cohabitans,
761 2807 884 2837 liberos
897 2808 1085 2845 suscepisti,

78 2863 212 2898 propter
227 2860 393 2898 simplicia
414 2860 512 2890 verba
531 2859 754 2899 quorundam,
774 2868 878 2898 nuper
895 2859 956 2888 tibi
973 2859 1086 2889 dicen-

79 2912 164 2942 tium
175 2913 263 2952 quod
276 2936 296 2942 ..
313 2913 480 2952 quondam
491 2913 576 2943 dicte
593 2913 761 2943 comitisse
776 2913 916 2943 maritus
928 2917 958 2943 te
970 2917 1087 2952 quarta

1176 336 1342 374 parentele
1362 336 1449 367 linea
1472 339 1680 373 contigisset,
1706 343 1801 377 teque
1824 339 1990 369 comitisse
2014 341 2176 370 res-:rente

1176 389 1262 426 quod
1277 389 1353 418 talia
1369 389 1407 419 de
1425 392 1550 428 prefato
1569 392 1636 420 viro
1653 400 1712 420 suo
1729 392 1859 420 fueraut
1879 392 1936 421 tibi
1956 398 2120 429 suggesta.
2140 394 2176 422 ti-

1175 445 1283 470 metur
1299 450 1363 471 11011
1388 443 1550 472 modicum
1572 453 1611 473 ne
1635 444 1710 473 inde
1733 444 1765 472 in
1791 444 1900 473 animo
1925 449 1978 473 tuo
1997 445 2175 475 dubietatis

1175 494 1350 531 scrupulus
1366 495 1407 524 sit
1425 500 1567 526 exortus.
1592 506 1684 530 neve,
1711 501 1839 534 sumpta
1863 506 1899 525 ex
1925 496 1983 526 boc
2003 498 2175 527 occasione

1175 554 1387 584 quacunque,
1416 549 1624 585 proposueris
1648 549 1733 578 iuter
1761 554 1789 578 te
1814 558 1848 577 ac
1874 549 1977 587 ipsam
1999 550 2176 578 divortium

1173 605 1360 634 procurare.
1381 599 1488 634 Quare
1506 600 1567 628 suit
1583 609 1620 629 ex
1638 605 1692 629 tua
1709 605 1798 638 parte
1816 610 1832 630 a
1851 601 1944 630 uobis
1961 611 2033 630 cum
2058 611 2174 639 magna

1174 658 1306 687 precum
1324 651 1482 680 instantia
1499 652 1697 690 postulatum
1712 658 1756 682 ut.
1773 653 1813 682 ad
1831 653 2005 683 tollendam
2023 655 2175 692 suspitio-

1175 711 1249 731 nem
1266 712 1364 741 quam
1379 713 1415 733 ex
1433 704 1498 733 hiis
1515 710 1627 734 contra
1647 711 1674 734 te
1692 707 1816 743 pra-fata
1831 707 1998 735 romidssa
2015 707 2174 744 rent-epit.

1175 755 1213 783 ad
1231 756 1392 785 cautelam
1413 757 1580 787 vobiscum
1597 758 1809 795 dignaremur
1833 759 2090 788 misericorditer
2107 759 2176 788 dis—

1174 816 1324 845 pensare.
1342 809 1409 838 Nos
1427 814 1546 839 autem.
1566 818 1664 847 super
1686 810 1745 839 1100
1768 811 1968 840 c‹;=ns‹·i··ntie
1987 815 2055 840 tue.
2081 816 2174 849 prout

1175 867 1248 888 cum
1268 861 1407 890 Domino
1423 870 1607 899 possumus,
1627 862 1797 900 providere
1813 863 1969 897 volentes,
1987 873 2072 898 011111,
2091 864 2174 893 sicut

1174 911 1410 947 intelleximus,
1434 914 1519 943 bona
1542 914 1621 944 fides
1645 924 1707 952 que
1728 915 1762 944 in
1781 920 1949 945 contractu
1973 916 2174 945 matrimonii

1175 964 1280 999 affuit,
1296 974 1503 1004 nequaquam
1520 966 1665 996 defuisse
1683 972 1847 997 noscatur.
1866 968 2070 998 nobilitatem
2086 973 2175 998 tuam

1175 1025 1358 1049 monemus,
1379 1028 1436 1055 per
1451 1018 1629 1056 apostolica
1643 1019 1703 1048 tibi
1723 1020 1843 1057 scripta
1858 1020 2050 1050 mandantes
2065 1026 2175 1059 quate-

1175 1077 1249 1102 nus,
1270 1069 1485 1101 dubitatione.
1509 1071 1536 1100 si
1559 1081 1623 1109 qua
1645 1071 1685 1100 ob
1707 1072 1852 1109 predicta
1873 1077 1921 1102 est
1945 1073 1977 1101 in
1995 1073 2090 1103 corde
2107 1078 2172 1107 tuo,

1174 1130 1308 1158 prorsus
1324 1122 1486 1160 deposita.
1509 1132 1583 1152 cum
1604 1124 1730 1161 prefata
1751 1125 1920 1154 comitissa
1937 1134 2074 1155 maneus·
2093 1126 2174 1163 legi-

1175 1174 1264 1208 111110,
1283 1175 1400 1204 affectu
1417 1175 1446 1204 ei
1464 1175 1623 1205 adher-eas
1642 1176 1795 1205 maritali.
1818 1178 1890 1206 Dat.
1912 1178 2057 1211 perusii,
2080 1178 2174 1208 XVII

1174 1225 1332 1256 kalendas
1345 1227 1432 1266 julii,
1451 1236 1538 1258 anno
1554 1237 1648 1258 nono.
1673 1241 1685 1254 ι,

1210 1348 1315 1372 2632.
1334 1362 1363 1365 —
1379 1346 1411 1372 111
1433 1346 1557 1373 eundem
1582 1347 1641 1372 tere
1661 1347 1800 1373 modum¹
1829 1347 1952 1381 hamne,
1969 1349 2102 1374 comitisse
2117 1349 2174 1374 Gle-

1174 1400 1273 1420 verme.

1243 1573 1360 1601 2633

1208 1635 1319 1662 Comiti
1335 1635 1487 1662 Marehiae
1502 1635 1611 1669 gratias
1626 1636 1687 1670 agit
1702 1636 1788 1670 quod,
1806 1637 1956 1664 intellecto
1972 1642 2050 1664 statu
2067 1638 2175 1665 Roma-

1173 1691 1227 1709 nae
1242 1683 1401 1715 Ecclesiae,
1419 1683 1558 1717 magistro
1577 1683 1704 1716 Simoni,
1718 1684 1811 1718 ipsius
1825 1693 1916 1719 papae
1929 1686 2074 1720 scriptori,
2087 1687 2174 1720 quin—

1172 1734 1274 1765 gentas
1289 1731 1379 1759 libras
1397 1732 1612 1759 Turonensium
1630 1732 1660 1758 in
1679 1733 1772 1766 ipsius
1787 1733 1936 1760 Ecclesiae
1949 1734 2171 1761 subventionem

1173 1778 1284 1814 [eontra
1301 1778 1459 1814 Romanos]
1475 1780 1671 1814 impenderim
1689 1789 1775 1814 quam
1792 1781 1960 1814 pecuniam.
1982 1782 2122 1809 Romanis
2137 1783 2172 1809 ad

1172 1828 1345 1854 mandatum
1362 1828 1510 1855 Ecclesiae
1528 1828 1719 1855 redeuntibus
1733 1832 1760 1855 et
1777 1837 1847 1863 pace
1867 1830 2039 1862 reformata,
2055 1831 2173 1857 manda-

1171 1876 1217 1902 vit
1240 1875 1298 1910 ipsi
1319 1876 1421 1902 comiti
1441 1876 1601 1909 resignari;
1623 1876 1783 1910 eademque
1806 1877 1931 1911 pecunia
1955 1881 2085 1912 recepta,
2112 1879 2173 1913 ipse

1171 1932 1267 1950 comes
1295 1932 1402 1958 papam
1429 1924 1465 1950 de
1493 1924 1576 1951 illius
1603 1925 1801 1958 resignatione
1827 1925 1980 1952 certiorem
2009 1927 2108 1953 iaciat.
2140 1942 2171 1945 —

1171 1973 1257 2005 (Rae.
1272 1972 1315 2005 18,
1331 1973 1350 1999 t.
1365 1972 1399 1999 38
1414 1975 1453 2005 r⁰;
1469 1980 1539 1999 ann.
1555 1973 1608 2005 IX,
1625 1981 1649 1999 e.
1666 1973 1734 2005 1093
1751 1987 1783 1991 —
1799 1973 1932 2001 Most-:au
1945 1974 2023 2006 1190,
2038 1975 2059 2001 f.
2074 1974 2121 2006 62;
2139 1989 2169 1994 -—-

1171 2021 1355 2048 Ronssxsssnc,
1370 2020 1445 2052 6⁴5.)

1751 1575 1887 1607 Perouse,
1901 1575 1934 1601 16
1946 1576 2011 1609 juin
2026 1576 2103 1603 1235.

1211 2133 1224 2148 α
1245 2121 1346 2151 Nobili
1366 2122 1432 2150 viro
1457 2144 1477 2149 ..
1501 2122 1607 2150 comiti
1623 2121 1765 2150 Marchie.
1788 2121 2002 2152 Sacrosancta
2024 2123 2173 2152 Romana

1169 2173 1331 2209 Ecclesia,
1353 2174 1584 2204 universorum
1606 2173 1753 2204 fidelium
1776 2174 1902 2205 Christi
1924 2180 2043 2209 matre.
2068 2184 2173 2214 nuper

1168 2227 1203 2256 in
1217 2227 1426 2256 necessitatis
1439 2226 1577 2256 articulo
1590 2227 1780 2260 constituta,
1796 2231 1837 2262 tc,
1851 2231 2007 2266 tanquam
2019 2228 2171 2257 devotum

1168 2279 1274 2318 ipsius
1300 2279 1417 2314 filium,
1444 2288 1502 2317 pro
1530 2279 1677 2318 ejusdem
1707 2279 1854 2309 subsidio
1883 2281 2007 2319 requiri
2033 2281 2172 2310 fecimus

1168 2332 1382 2367 confidenter,
1401 2336 1516 2370 tuque,
1541 2336 1628 2361 statu
1650 2332 1818 2362 intellecto
1843 2333 1960 2370 ipsius,
1987 2334 2171 2363 devotionis

1169 2385 1322 2414 affectum
1341 2394 1439 2423 quem
1455 2384 1494 2413 ad
1511 2384 1648 2414 eandem
1662 2384 1783 2414 habere
1799 2385 1981 2415 dinosceris
1998 2390 2028 2415 et
2046 2395 2104 2415 nos
2121 2386 2171 2424 ip—

1169 2446 1233 2472 sos,
1251 2437 1424 2466 ostendere
1445 2437 1582 2475 cupiens
1604 2445 1661 2474 per
1683 2427 1851 2471 effectum,
1875 2437 1994 2467 dilecto
2015 2438 2082 2467 tilio
2101 2448 2170 2467 ma-

1168 2489 1271 2527 gistro
1288 2490 1437 2527 Symeni,
1457 2490 1608 2527 scriptori
1624 2494 1751 2524 nostro,
1771 2490 1856 2519 sicut
1873 2499 1909 2519 ex
1929 2490 2048 2520 litteris
2065 2491 2170 2528 ipsius

1168 2542 1264 2572 nohis
1283 2542 1442 2577 innotuit,
1466 2542 1664 2580 quingentas
1683 2541 1786 2571 libras
1807 2543 2048 2572 Turonensium
2068 2543 2101 2572 in
2120 2543 2170 2581 ip-

1169 2595 1238 2624 sius
1255 2595 1401 2624 Ecclesie
1418 2595 1670 2624 subventionem
1688 2594 1871 2624 liberaliter
1887 2595 2093 2632 impendisti:
2114 2604 2170 2624 su-

1168 2656 1226 2685 per
1239 2656 1303 2686 quo
1320 2647 1526 2677 nobilitatem
1545 2652 1630 2676 tuam
1647 2647 1680 2675 in
1699 2647 1839 2676 Domino
1855 2647 2121 2676 commendamus
2133 2656 2168 2676 ac

1168 2699 1279 2737 dignis
1294 2699 1526 2738 prosequimur
1543 2699 1727 2728 actionibus
1741 2699 1933 2735 gratiarum.
1949 2700 2068 2728 Verum
2082 2708 2167 2728 cum.

1169 2752 1328 2781 Romanis
1345 2752 1384 2781 ad
1401 2751 1591 2781 mandatum
1609 2750 1753 2780 Ecclesie
1769 2750 1996 2780 redeuntibus.
2014 2755 2169 2788 operante

1171 2804 1266 2834 Patre
1282 2803 1458 2838 luminum,
1476 2804 1566 2841 pacis
1583 2803 1625 2832 sit
1641 2802 1719 2832 111110
1733 2802 1810 2832 inde
1825 2802 2048 2840 tranquillitas
2066 2803 2169 2832 resor-

1201 2922 1222 2946 t.
1237 2921 1286 2946 Cet
1302 2924 1333 2946 ιίι
1349 2923 1470 2945 eundem
1487 2923 1603 2945 modum
1621 2928 1636 2944 a
1651 2921 1692 2944 etc
1708 2920 1798 2950 aj0ute
1815 2920 1882 2943 dans
1898 2920 1923 2943 ln
1938 2927 2038 2950 margo.
