2519 3518
165 252 244 283 1085

165 319 333 351 industria
352 321 591 360 circumspecta
612 322 778 354 laudabile
805 324 1033 354 testimonium
1059 323 1170 363 perhi-

167 373 273 409 betur,
288 378 330 409 te,
345 374 384 405 de
398 375 537 405 fratrum
553 379 740 406 nostrorum
755 376 906 412 consilio.
921 377 1088 415 sepedicto
1102 386 1171 407 rno-

166 426 313 456 nasterio
329 426 565 464 preficiendum
582 428 786 466 providimus
797 429 831 458 in
846 429 1009 459 abbatem.
1027 429 1170 468 Ideoque

167 479 362 510 mandamus
379 485 542 519 quatenus
560 481 607 510 ita
627 481 768 512 fideliter
788 485 819 511 et
839 482 1018 520 prudenter
1037 481 1170 511 studeas

167 540 280 569 gerere
296 541 408 562 curam
425 533 507 572 ejus,
525 533 612 572 quod
628 533 689 563 tihi
709 543 766 572 per
783 534 848 564 vite
868 535 1023 565 meritum
1043 539 1074 565 et
1094 534 1170 564 aliis

167 584 319 622 proficias
333 594 390 623 per
405 585 601 624 exemplum.
616 595 652 616 ac
669 586 802 624 dignam
818 588 885 617 Deo
901 587 1017 617 exinde
1036 586 1170 617 reddere

164 628 276 667 valeas
305 638 478 668 rationem.
506 639 580 668 Dat.
610 639 779 677 Anagnie,
814 639 925 669 idibus
951 639 1044 679 Julii,
1083 648 1170 669 anno

165 689 370 720 duodecimo.
391 703 403 717 »

233 863 352 890 4443
710 865 840 899 Anagni,
857 865 889 891 15
905 864 1004 898 juillet
1018 864 1096 891 1238.

200 931 214 949 t(
231 925 263 951 In
277 925 402 952 eundem
418 927 477 952 sere
495 926 612 952 modum
632 947 650 952 ..
667 926 758 951 abbati
771 930 793 951 ec
810 947 827 952 ..
845 927 935 958 prim-i
950 927 1046 951 Sam-ti
1067 925 1185 952 sedasti.

162 973 357 1004 Atrebaeensts,
372 976 395 998 c!
411 995 428 1000 ..
444 975 577 1006 preposito
593 974 689 1000 Sam-li
707 975 856 1000 Dmrstiani
870 975 1023 1004 ltrtaysmzeis,
1042 975 1169 999 Flundrie

163 1021 339 1053 camellarii),
374 1021 548 1047 Tornacensix
575 1023 696 1054 dior-ems,
721 1031 812 1056 usque
840 1031 846 1049 ε
878 1023 1094 1049 mandaremus.
1122 1023 1167 1049 Ex

163 1072 246 1103 parte
261 1078 328 1097 vero
343 1071 435 1097 altera
451 1071 507 1098 fuit
521 1071 702 1105 propositum
714 1080 750 1098 ex
765 1072 888 1098 adverso
904 1072 990 1105 quod.
1006 1080 1071 1099 cum
1088 1072 1165 1098 idem

163 1117 412 1154 B[artholomeus]
428 1124 496 1147 etc..
513 1128 604 1154 usque
622 1128 628 1146 ε
646 1120 787 1147 duximus
807 1120 996 1147 irritandum.
1016 1120 1166 1151 Ceterum,

162 1166 232 1201 quia
242 1167 384 1200 jamdicto
397 1167 522 1201 Symoni
534 1168 570 1194 de
582 1168 748 1195 litterarum
762 1168 964 1199 scientiactc.‚
978 1177 1068 1203 usque
1082 1177 1088 1195 :
1101 1177 1167 1203 pro-

161 1215 294 1242 vidimus
306 1215 336 1242 in
348 1215 495 1242 abbatem.
508 1216 632 1250 Ideoque
646 1217 820 1243 mandamus
832 1220 987 1250 quatenus,
1002 1218 1167 1244 relaxantes

162 1265 252 1290 latam
267 1263 296 1290 in
310 1263 434 1298 priorem
447 1267 665 1291 et‘conventum
676 1273 710 1291 ae
721 1264 795 1291 alios
804 1265 986 1298 supradictos
996 1273 1168 1292 excommu-

161 1312 321 1339 nicationis
341 1313 531 1345 sententiam‚
550 1313 636 1346 juxta
656 1313 780 1339 formam
798 1313 939 1343 Ecclesiv,
955 1313 991 1339 ad
1008 1314 1166 1345 cautelam,

162 1361 280 1388 faciatis
291 1361 386 1387 eidem
398 1361 498 1388 abbati
512 1361 548 1388 ab
560 1361 690 1394 ejusdem
707 1362 876 1388 monasterii
889 1362 1016 1388 subditis
1027 1363 1167 1389 obedien-

160 1409 234 1436 tiam
256 1412 284 1436 et
306 1409 502 1436 reverentiam
527 1409 657 1436 debitam
682 1410 826 1436 exhiberi.
848 1410 1087 1438 Contradictores
1109 1414 1166 1438 etc.

161 1457 245 1488 Quod
260 1458 354 1484 sinon
370 1466 471 1484 omnes
485 1460 540 1484 etc.
555 1458 623 1484 Dat.
640 1461 671 1484 ut
686 1466 784 1492 supra.
804 1467 816 1483 ι)
832 1473 862 1476 -
876 1459 962 1489 (Rae.
976 1459 1019 1490 19,
1038 1461 1056 1485 1.
1072 1459 1105 1486 36
1119 1462 1165 1490 v·;

159 1520 192 1524 —-
208 1505 341 1533 Monam
358 1506 436 1537 1192,
455 1507 474 1532 s.
491 1506 542 1532 132
559 1507 610 1537 v⁰.)

229 1680 347 1707 4444
702 1681 831 1713 Anagni,
849 1681 882 1707 14
897 1681 998 1715 juillet
1013 1681 1092 1708 1238.

193 1742 325 1774 Eisdem,
351 1742 466 1769 scilicet
485 1741 585 1769 abbati
608 1745 638 1769 et
659 1742 750 1776 priori
772 1742 874 1770 Sancti
893 1743 1015 1770 Vedasti
1037 1743 1165 1770 Atreba-

157 1790 259 1821 tensis.
274 1792 303 1817 et
321 1790 485 1824 praeposito
506 1790 610 1818 Sancti
628 1790 790 1817 Donatiani
813 1791 984 1824 Brugensis,
1005 1791 1164 1818 Flandriae

157 1838 344 1871 cancellario,
369 1853 401 1856 —
421 1842 651 1866 commemorata
673 1839 860 1873 praecedenti
881 1839 1020 1873 epistola,
1045 1848 1102 1873 qua
1121 1840 1162 1866 eis

159 1887 352 1914 mandaverat
371 1889 404 1913 ut
425 1887 605 1914 sententiam
628 1887 946 1914 excommunicationis
968 1888 1075 1919 latam,
1100 1890 1163 1921 post

157 1935 388 1970 appellationem
425 1935 462 1962 ad
493 1935 600 1962 Sedem
634 1935 836 1969 Apostolieam
869 1936 1095 1969 interpositam,
1127 1935 1164 1963 ab
1204 1959 1205 1964 .

157 1984 292 2018 episcopo
307 1983 473 2010 Morinensi
486 1983 518 2010 in
531 1992 632 2010 omnes
647 1984 805 2010 monachos
821 1986 849 2010 et
867 1984 1030 2010 familiares
1045 1992 1162 2011 monas-

157 2031 225 2058 terii
242 2031 346 2058 Sancti
361 2031 489 2063 Bertini‚
504 2031 554 2065 qui
570 2031 698 2064 Simoni,
712 2032 844 2065 ejusdem
863 2032 1034 2059 monasterii
1051 2032 1162 2064 abbati,

157 2079 357 2107 obedientiam
381 2088 439 2106 non
461 2082 660 2114 praestarent,
683 2080 720 2106 ad
741 2081 904 2112 cautelam,
928 2081 1014 2114 juxta
1036 2082 1161 2108 formam

158 2128 318 2161 Ecclesiae,
335 2129 517 2160 relaxarent,
536 2143 568 2146 —
585 2129 708 2155 mandat
729 2132 873 2162 quatenus
889 2130 925 2156 ad
945 2130 1160 2157 relaxationem
1204 2148 1206 2152 .

158 2177 289 2211 ejusdem
314 2177 478 2204 sententiae
500 2177 559 2209 sic,
583 2177 647 2204 sine
669 2186 766 2204 morae
789 2178 961 2212 dispendio,
986 2180 1162 2213 procedant,

158 2234 172 2252 «
193 2226 269 2260 quod
286 2234 339 2253 nee
353 2226 539 2253 difficultatis
554 2226 668 2260 aliquid
685 2235 739 2253 nec
754 2227 877 2253 emendo
893 2228 1019 2262 alicujus
1035 2229 1160 2262 exactio,

156 2283 171 2300 υ
192 2274 343 2301 occasione
364 2275 533 2308 hujusmodi
555 2275 716 2307 sententie,
735 2275 900 2302 intercedat
917 2283 940 2302 ».
965 2291 995 2294 —
1014 2277 1100 2309 (Rae.
1119 2277 1161 2310 19,

157 2324 176 2349 f.
194 2323 227 2350 36
243 2326 288 2355 v⁹;
303 2331 373 2349 ann.
390 2323 458 2355 Xll,
471 2331 496 2350 c.
512 2323 579 2355 178;
596 2338 627 2341 —
644 2323 776 2351 Moamu
793 2323 872 2353 1192.
893 2325 911 2350 f.
927 2324 1001 2355 133.)

198 2436 210 2450 «
229 2424 357 2452 Eisdem.
377 2423 458 2453 Cum
476 2423 567 2453 vobis
586 2423 706 2453 nostris
720 2441 768 2452 —.
785 2425 857 2454 Dat.
870 2425 1031 2461 Arme-truie,
1044 2426 1073 2454 II
1087 2425 1161 2455 idus

151 2476 240 2515 julii.
261 2485 347 2505 anno
364 2476 569 2506 duodecimo.
590 2488 603 2502 »

226 2654 344 2681 44-15

191 2716 331 2743 Remensi
342 2719 369 2742 et
382 2715 592 2743 Catalaunensi
605 2715 832 2747 archidiaconis,
842 2721 870 2743 et
882 2717 1020 2749 magistro
1031 2718 1159 2745 Gerardo

154 2765 191 2792 de
209 2764 362 2795 Lauduno,
376 2764 517 2790 canonico
536 2763 687 2793 Remensi,
709 2764 811 2790 scribit
832 2765 1000 2798 episcopum
1019 2766 1160 2793 Camera-

155 2821 272 2841 censem
289 2813 345 2847 ipsi
363 2820 455 2847 papae
471 2815 648 2838 monstrasse
664 2812 751 2846 quod,
766 2821 831 2839 cum
845 2813 1067 2841 Cameracensis
1084 2815 1159 2849 epis-

155 2870 255 2896 copus,
271 2861 364 2895 ipsius
380 2860 509 2894 episcopi
531 2860 744 2894 praedecessor.
763 2861 901 2894 gravibus
919 2861 1028 2889 debitis
1045 2871 1159 2897 preme-

157 2913 247 2942 retur,
263 2908 434 2944 Apostolica
454 2908 545 2935 Sedes
564 2907 757 2935 mandaverat
773 2916 823 2942 per
844 2909 919 2943 ipsos
937 2910 1159 2938 archidiaconos

702 2654 830 2687 Ana-gni.
847 2655 877 2680 11
894 2655 991 2687 juitl‹=t
1009 2655 1087 2682 1238.

1014 250 1236 289 DOUZIEME
1258 250 1417 288 ANNEE.
2186 261 2261 291 1086

1253 326 1282 351 et
1301 324 1476 351 canonicum
1500 325 1599 359 colligi
1627 326 1806 361 episcopales
1830 327 1962 354 redditus
1986 331 2015 354 et
2035 330 2205 362 proventus,
2226 328 2257 355 in

1253 372 1428 399 solutionem
1456 373 1622 400 debitorum
1646 374 1774 408 ipsorum
1800 376 2023 408 convertendos,
2049 379 2128 403 certa
2159 376 2260 411 provi-

1253 420 1334 448 sione
1352 420 1407 455 ipsi
1424 420 1559 455 episcopo
1575 425 1738 455 reservata,
1755 423 1804 450 sed
1823 424 1956 450 nonnulli
1974 432 2009 451 ex
2025 425 2155 458 ejusdem
2175 433 2259 459 prae-

1253 468 1412 496 decessoris
1427 469 1555 504 episcopi
1572 470 1782 503 crcditoribus,
1803 472 1905 498 eadem
1925 473 2091 506 provisione
2110 481 2166 499 non
2189 481 2259 500 con-

1253 518 1339 550 tenti,
1355 526 1422 545 eum
1438 526 1525 552 super
1537 518 1647 545 eisdem
1662 520 1781 551 debitis,
1796 523 1898 547 contra
1912 521 2022 547 dictam
2046 521 2258 555 provisionem,

1255 566 1462 600 multipliciter
1476 567 1693 600 inquietabant,
1709 570 1811 594 contra
1825 568 1920 602 ipsum
1933 569 2065 595 diversas
2077 569 2112 595 ad
2127 569 2258 596 diversos

1251 614 1365 648 judiees
1390 614 1503 641 litteras
1528 614 1704 649 apostolicas
1732 616 1937 650 impctrando;
1967 617 2044 644 unde
2071 618 2112 644 eis
2136 617 2258 644 mandat

1252 660 1406 695 quatenus,
1421 670 1434 687 ι(
1452 670 1509 689 non
1525 662 1711 690 obstantibus
1733 664 1883 698 aliquibus
1904 665 2013 692 litteris
2033 674 2120 699 super
2133 665 2258 699 premis-

1253 719 1266 735 »
1286 710 1326 737 sis
1337 719 1355 737 a
1371 710 1446 737 Sede
1459 710 1630 745 Apostolica
1645 712 1824 746 impetratis.
1839 713 1999 740 dummodo
2015 714 2051 740 ad
2066 714 2128 740 litis
2143 715 2259 741 contes-

1253 767 1266 784 »
1287 759 1612 793 tationemproocssum
1627 768 1684 786 non
1700 761 1790 788 fuerit
1803 769 1853 795 per
1867 761 1982 788 easdem
1999 770 2023 793 υ,
2042 763 2153 789 saciant
2166 762 2260 789 credi·

1252 810 1326 834 tores
1342 808 1457 834 eosdem
1479 816 1541 835 esse
1557 809 1689 842 praefata
1705 810 1872 843 provisione
1887 814 2055 842 contentos,
2077 813 2105 838 et
2126 811 2154 837 in
2178 819 2259 838 exse-

1250 856 1368 883 cutione
1388 857 1521 883 mandati
1543 858 1697 891 apostolici
1718 858 1803 891 juxta
1821 859 1951 892 priorum
1975 859 2011 885 ad
2032 859 2109 893 ipsos
2130 859 2258 886 directa-

1249 912 1314 931 rum
1340 905 1504 932 litterarum
1530 908 1659 932 tenorem
1685 906 1854 940 procedant.
1880 922 1910 925 —
1933 908 2020 939 (Rem.
2046 907 2090 939 19,
2114 908 2132 933 s.
2159 907 2193 934 36
2211 910 2254 938 v';

1250 960 1320 978 ann.
1337 952 1406 985 ΧΠ,
1424 961 1449 979 c.
1467 953 1540 983 179.)

1291 1065 1304 1079 <x
1325 1076 1344 1082 ..
1364 1054 1500 1083 Remensi
1522 1059 1548 1083 et
1576 1077 1595 1082 ..
1620 1054 1863 1084 Cathalatcnensi
1886 1056 2122 1091 archidiaconis,
2145 1062 2171 1085 ee
2187 1066 2255 1085 ma-

1249 1106 1343 1141 qistro
1361 1106 1492 1135 Gerardo
1507 1107 1542 1135 de
1555 1107 1714 1143 Lauduno,
1731 1108 1875 1136 canonico
1889 1109 2035 1137 Remnsz'.
2046 1108 2257 1139 Venerabilis

1252 1158 1353 1188 frater
1369 1163 1481 1188 noster
1496 1176 1544 1187 —.
1563 1159 1636 1188 Dat.
1656 1159 1819 1197 Anagnie.
1838 1160 1870 1190 ΙΙ
1885 1160 1961 1190 idus
1973 1160 2061 1199 julii,
2081 1170 2168 1191 anno
2181 1161 2260 1191 duo-

1252 1211 1388 1241 decimo.
1411 1224 1423 1237 ι»

1319 1410 1437 1438 4⁴4ss

1284 1472 1393 1499 Abbati
1408 1472 1600 1500 Cluniacensi
1616 1472 1721 1499 scribit
1743 1472 1779 1498 de
1795 1473 1947 1499 taxatione
1962 1473 2061 1499 decem
2085 1473 2201 1499 milium
2222 1473 2259 1499 li—

1843 1411 1964 1442 Latran,
1980 1411 2013 1437 ²25
2026 1411 2089 1444 juin
2107 1411 2187 1437 1238.

1251 1515 1368 1548 brarum
1392 1521 1609 1548 Turonensium
1634 1521 1812 1556 quibusdam
1835 1522 1967 1548 eeclesiis
1986 1523 2127 1549 Franciae
2145 1532 2158 1548 a
2183 1522 2258 1549 Sede

1248 1570 1420 1604 Apostolica
1440 1570 1578 1604 imposita
1597 1578 1648 1604 pro
1664 1570 1789 1596 ecclesia
1804 1570 1969 1597 Valentina
1981 1580 1997 1597 a
2014 1571 2121 1597 debitis
2137 1571 2197 1597 suis
2211 1579 2256 1597 re-

1249 1618 1390 1650 levanda,
1409 1619 1494 1652 eique
1509 1618 1658 1651 significat
1674 1627 1714 1650 se,
1731 1618 1907 1652 quibusdam
1928 1627 1963 1645 ex
1979 1619 2041 1645 illis
2057 1619 2189 1645 eeclesiis
2204 1628 2259 1653 ap-

1249 1666 1441 1700 pellantibus,
1457 1667 1493 1693 de
1508 1667 1597 1693 dictis
1613 1667 1713 1693 decem
1733 1666 1856 1693 milibus
1869 1667 2009 1693 librarum
2023 1667 2080 1694 duo
2094 1667 2176 1694 milia
2194 1667 2256 1694 illis

1248 1715 1406 1747 remisisse,
1423 1715 1583 1742 dummodo
1603 1715 1718 1742 residua
1739 1718 1804 1741 octo
1827 1715 1911 1742 milia
1932 1715 2098 1749 praedictae
2114 1716 2255 1743 eeclesiae

1247 1767 1350 1797 sponte
1367 1765 1499 1792 solvant:
1519 1764 1545 1790 ei
1566 1764 1687 1790 mandat
1708 1766 1852 1797 quatenus
1873 1763 1946 1797 quod
1968 1772 2055 1798 super
2071 1765 2123 1790 hoc
2139 1764 2175 1791 ab
2190 1765 2253 1798 ipso

1248 1820 1321 1846 papa
1347 1812 1497 1846 provisum
1519 1812 1573 1843 sit,
1599 1812 1622 1838 si
1640 1812 1769 1846 provisio
1787 1812 1850 1845 ipsa
1870 1812 1959 1838 suerit
1979 1813 2025 1838 vel
2049 1812 2085 1838 ab
2105 1813 2252 1840 universis

1247 1861 1294 1886 vel
1308 1861 1412 1887 saltem
1428 1860 1464 1887 ab
1477 1860 1699 1894 appellantibus
1710 1864 1871 1894 acceptata,
1884 1860 2003 1893 ‹›xsequi
2017 1869 2071 1886 non
2085 1864 2250 1894 postponat.

1247 1908 1896 1940 —fflm19,s.313v‘·;a11n.xli,e.180;
1916 1923 1948 1926 —
1965 1910 2002 1934 cf.
2019 1909 2043 1935 J.
2062 1909 2250 1939 nmmum,

1247 1958 1311 1981 ,victa
1334 1957 1492 1988 Potrtssimm
1517 1957 1664 1987 llvtrrw-a,
1687 1960 1707 1982 t.
1728 1957 1749 1987 1,
1772 1965 1799 1990 p.
1821 1956 1880 1987 132,
1903 1960 1930 1982 n“
1952 1956 2016 1985 197:
2041 1971 2071 1974 —
2092 1958 2129 1982 cf.
2154 1965 2250 1989 wlpra,

1248 2014 1274 2031 n.
1292 2005 1340 2031 841
1357 2008 1384 2031 et
1401 2004 1492 2035 3301.)

1288 2118 1300 2132 «
1332 2128 1351 2134 ..
1375 2106 1473 2134 abbati
1499 2106 1704 2135 Cltcniacensi.
1736 2106 1962 2134 Jlatisconensis
1989 2105 2122 2133 diocesis.
2152 2105 2249 2136 Olim.

1248 2158 1413 2188 intellecto
1434 2158 1519 2196 quod
1544 2158 1682 2187 ccclesia
1702 2158 1905 2195 Valentin[a]
1931 2158 2021 2195 gravi
2043 2157 2253 2195 premebatur

1246 2219 1345 2240 onere
1361 2210 1556 2244 debitorum,
1576 2215 1712 2248 paterno
1729 2210 1794 2239 sibi
1809 2210 2047 2248 compatientes
2067 2210 2195 2241 affectu.
2215 2218 2250 2239 ac

1246 2272 1344 2301 super
1359 2263 1431 2297 hoc,
1450 2272 1490 2293 ne
1507 2264 1589 2293 forte
1607 2263 1667 2292 sub
1684 2262 1875 2301 hujusmodi
1894 2262 2025 2291 sarcina
2041 2263 2176 2291 omnino
2195 2262 2251 2292 de-

1246 2316 1367 2349 ficeret,
1392 2316 1573 2345 remedium
1599 2324 1762 2353 apponere
1783 2315 1966 2352 cupientes,
1985 2315 2019 2343 in
2036 2315 2251 2351 Lugdunensi

1245 2374 1276 2399 et
1298 2370 1482 2400 Viennensi
1505 2369 1694 2407 provinciis,
1721 2378 1757 2398 ac.
1784 2373 1870 2397 terra
1895 2368 2071 2398 commissa
2092 2368 2251 2405 legationi

1246 2422 1444 2452 venerabilis
1464 2422 1575 2451 fratris
1593 2422 1698 2451 nostri
1715 2444 1733 2450 ..
1752 2421 1896 2459 episcopi
1913 2421 2142 2455 Tornacensis,
2160 2420 2250 2457 lega-

1246 2475 1344 2504 tionis
1361 2475 1468 2504 officio
1485 2480 1560 2503 tunc
1578 2474 1765 2511 fungentis,
1784 2473 1890 2503 eidem
1907 2473 2045 2503 ecclesie
2063 2473 2249 2503 sul-sidium

1244 2527 1355 2557 decem
1380 2527 1510 2556 milium
1529 2527 1690 2556 librarum
1716 2526 1962 2556 Turonensium
1986 2526 2060 2555 fieri
2082 2525 2249 2554 mandavi-

1244 2589 1327 2614 mus,
1346 2589 1402 2618 per
1422 2578 1645 2610 venerabilem
1661 2579 1798 2608 fratrem
1817 2583 1967 2608 nostrum
1988 2601 2007 2607 ..
2025 2578 2249 2615 archiepisco-

1245 2641 1320 2669 pum
1337 2633 1576 2665 Viennensem,
1594 2631 1651 2670 qui
1668 2630 1878 2669 postmodum
1893 2630 1958 2668 ipsi
1979 2630 2131 2667 episcopo
2149 2630 2183 2658 in
2201 2629 2248 2659 le-

1241 2684 1372 2722 gatione
1386 2684 1545 2714 successit
1556 2685 1576 2717 ¹,
1592 2684 1680 2712 inter
1693 2682 1850 2712 ecclesias
1865 2682 2087 2720 predictorum
2103 2681 2248 2711 locorum

1242 2736 1493 2766 dividendarum
1507 2736 1600 2774 juxta
1617 2735 1765 2773 proprias
1783 2734 1969 2764 facultates.
1984 2735 2012 2763 A
2029 2743 2093 2772 quo
2109 2742 2250 2763 venera-

1242 2789 1319 2819 bilis
1338 2790 1439 2819 frater
1456 2793 1567 2818 noster
1588 2811 1609 2816 ..
1634 2787 1903 2825 archiepiscopus
1928 2786 2168 2821 Narbonensis,
2191 2795 2249 2824 pro

1275 2915 1295 2937 ¹,
1312 2914 1353 2939 Cf.
1370 2922 1468 2943 supra,
1484 2919 1512 2937 n·
1532 2914 1601 2937 1472.
