2423 3487
195 283 247 311 115
910 250 1146 304 REGIsTRES
1168 271 1223 300 DE
1247 265 1468 301 GREGOIRE
1491 271 1550 300 IX.
2227 268 2282 298 116

192 346 377 385 provisione
399 343 586 382 hujusmodi
612 351 646 371 se
669 346 790 371 temere
814 340 1036 379 opponebant,
1059 338 1191 366 tandem

191 400 225 428 in
243 407 312 431 eos,
331 401 460 435 propter
482 396 626 433 ipsorum
652 394 893 423 contumaciam
917 392 1142 423 manifestam,
1161 392 1192 418 et

191 451 225 480 in
250 473 269 478 ..
293 449 444 478 abbatem
466 447 504 476 de
527 446 724 477 Condomio.
751 445 807 483 qui
835 445 922 473 dicto
945 444 1090 481 prioratu
1117 451 1192 471 cum

191 512 248 541 per
277 500 467 530 violentiam
497 498 668 536 spoliarat,
702 496 1064 527 excommunicationis,
1098 500 1129 523 et
1157 495 1191 523 in

192 555 302 586 Sancti
325 552 474 591 Caprasii
498 556 528 581 et
552 551 590 581 de
614 552 714 580 Portu
739 550 895 580 ecclesias
923 548 1091 578 interdicti
1117 556 1192 576 sen-

192 607 312 638 tentias
328 604 557 643 promulgavit,
576 607 605 633 et
623 602 827 632 denuntiavit
843 602 978 639 insuper
991 601 1078 638 ipsos
1093 599 1193 628 latam

193 660 385 690 auctoritate
412 656 583 687 memorati
610 656 709 693 legati
737 656 771 684 in
800 654 1056 684 contradictores
1084 657 1115 682 et
1141 661 1193 681 re-

192 712 293 742 belles
318 727 356 732 —
382 707 732 739 excommunicationis
765 707 964 736 sententiam
997 704 1191 739 incurrisse,

193 764 317 794 faciens
343 762 499 792 eosdem¹
528 769 584 798 per
614 759 770 789 ecclesias
803 759 947 788 civitatis
985 763 1016 787 et
1052 756 1193 786 diocesis

193 814 400 853 Agennensis
429 813 726 842 excommunicatos
753 811 883 849 publice
913 810 1084 840 nuntiari:
1110 809 1194 839 assi-

194 872 290 905 gnata
307 866 385 900 sibi,
406 875 462 903 pro
481 865 658 894 subtractis
675 864 705 893 ei
725 874 782 901 per
802 863 974 893 biennium
1001 867 1031 892 et
1053 861 1194 899 amplius

193 920 366 953 fructibus
389 918 597 956 possessione
619 917 834 955 quorumdam
856 916 1016 945 bonorum
1034 916 1193 952 ipsorum,

191 974 281 1012 juxta
305 971 547 1001 estimationem
565 971 731 999 fructuum
754 969 954 999 eorumdem.
973 968 1036 999 Sed
1055 967 1192 1006 i[i]dem,

194 1026 228 1054 in
254 1024 425 1062 reprobum
453 1032 587 1053 sensum
610 1022 693 1053 dati,
718 1022 752 1051 in
770 1026 992 1060 contemptum
1010 1020 1195 1059 Apostolice

196 1077 289 1107 Sedis
306 1081 336 1106 et
350 1075 541 1105 scandalum
556 1075 784 1113 plurimorum,
799 1075 881 1112 ipsis
897 1074 1073 1103 sententiis
1088 1073 1196 1111 damp-

196 1129 351 1159 nabiliter
373 1128 562 1166 vilipensis,
590 1132 620 1157 et
644 1136 756 1157 earum
779 1127 1018 1165 publicatione.
1037 1136 1100 1165 qua
1120 1135 1197 1155 con-

197 1183 289 1212 fundi
313 1186 343 1212 ct
364 1191 420 1220 pre
443 1180 637 1210 confusione
656 1180 830 1217 compungi
849 1180 1045 1213 debuerant,
1064 1179 1199 1209 omnino

197 1236 364 1273 despecta,
390 1243 448 1263 nec
470 1233 692 1271 permiserunt
714 1242 772 1262 nec
788 1232 983 1270 permittunt
1000 1232 1107 1270 ipsum
1124 1240 1199 1269 pro-

197 1289 358 1318 visionem
376 1287 541 1324 pcrcipere
560 1286 781 1323 supradictam
793 1309 799 1320 ,
818 1285 847 1315 ei
865 1285 902 1315 de
920 1285 1097 1315 subtractis
1115 1288 1145 1313 et
1161 1284 1199 1313 de

198 1341 348 1378 dampnis
382 1340 483 1369 illatis
514 1339 773 1369 satisfactionem
809 1339 953 1368 debitam
989 1337 1198 1375 denegand03

199 1394 279 1432 quin
306 1393 424 1431 potius,
457 1393 490 1421 in
521 1392 654 1430 majoris
685 1396 890 1429 contemptus
921 1391 1097 1425 indicium,
1126 1399 1201 1428 pre-

199 1450 421 1484 sumpserunt,
441 1445 583 1475 triennio
597 1445 665 1484 jam
683 1445 806 1482 elapso,
830 1449 860 1474 et
883 1444 989 1473 adhuc
1007 1446 1202 1482 presumunt

200 1499 246 1529 sic
274 1498 366 1535 ligati
396 1498 507 1527 divina
530 1497 636 1527 officia
661 1497 837 1527 celebrare.
866 1498 973 1533 Quare
1001 1500 1201 1526 memoratus

199 1551 289 1589 prior
314 1550 408 1579 nobis
433 1549 606 1579 humiliter
633 1549 829 1587 supplicavit
856 1553 901 1583 ut,
928 1558 1002 1578 cum
1030 1549 1068 1578 de
1092 1548 1202 1586 provi-

201 1604 293 1634 sione
316 1603 461 1641 predicta
483 1602 556 1641 plus
579 1602 701 1632 laboris
728 1607 758 1632 et
781 1602 902 1632 doloris
926 1611 1023 1640 quam
1047 1601 1202 1631 utilitatis

203 1661 233 1686 et
249 1656 411 1685 commodi
430 1655 590 1685 hactenus
610 1655 802 1693 reportarit,
826 1659 856 1685 et
879 1664 949 1684 eam
973 1654 1051 1683 dicti
1075 1663 1203 1683 exeom-

202 1709 362 1738 municati
386 1726 424 1729 —
446 1709 594 1737 nitantur
616 1707 844 1746 multipliciter
862 1708 1020 1745 impedire
1038 1725 1086 1743 ——,
1106 1716 1204 1745 super

202 1762 261 1791 hoc
286 1761 456 1799 providere
483 1761 546 1790 sibi
572 1765 705 1798 paterna
732 1760 955 1790 sollieitudine
979 1760 1202 1798 dignaremur.

202 1815 270 1844 Nos
294 1814 395 1851 igitur
417 1831 455 1834 —
476 1813 670 1842 mandamus
689 1818 868 1852 quatenus,
888 1813 915 1843 si
932 1818 980 1843 est
997 1814 1042 1842 ita
1064 1831 1110 1849 —,
1130 1822 1205 1851 pre-

204 1867 390 1896 nominatas
408 1866 601 1901 sententias,
618 1866 702 1895 sicut
716 1866 959 1896 rationabiliter
975 1870 1049 1895 sunt
1067 1866 1201 1904 prolate,

203 1919 344 1957 singulis
359 1919 474 1949 diebus
488 1919 662 1949 dominicis
681 1924 712 1949 et
728 1919 868 1953 festivis,
883 1919 1023 1957 pulsatis
1035 1919 1204 1957 campanis

203 1977 233 2003 et
253 1972 398 2002 candelis
415 1972 574 2008 accensis,
589 1981 647 2010 per
662 1976 771 2010 partes
788 1972 1038 2010 circumpositas
1055 1971 1204 2010 sollemp-

204 2026 290 2055 niter
318 2025 508 2063 publicetis‚
539 2028 570 2054 et
598 2025 730 2054 faciatis
756 2034 826 2059 eas,
857 2025 1050 2054 auctoritate
1076 2029 1203 2060 nostra,

204 2078 332 2108 sublato
355 2078 585 2116 appellationis
608 2078 787 2112 obstaculo,
811 2087 917 2116 usque
941 2077 981 2107 ad
1006 2077 1206 2107 satisfactio-

205 2140 280 2161 nem
295 2131 490 2168 condignam
504 2130 938 2165 inviolabiliterobservari;
954 2139 1052 2168 super
1067 2139 1103 2160 eo
1120 2130 1206 2169 quod

205 2183 284 2212 dicti
313 2183 586 2212 excommunicati
613 2183 726 2212 divina
756 2183 994 2213 nichilominus
1022 2183 1207 2213 celebrasse

206 2235 370 2267 dicuntur,
389 2235 526 2265 veritate
548 2235 688 2273 cognita,
712 2245 829 2274 penam
847 2236 894 2266 eis
911 2236 1103 2266 canonicam
1119 2236 1208 2266 inssi-

207 2292 332 2326 gentes.
351 2288 387 2317 Et
411 2288 506 2326 quia,
530 2293 681 2326 respectu
698 2288 882 2318 nobilitatis
897 2289 984 2327 ejus,
1004 2293 1034 2319 et
1051 2289 1208 2327 dampno-

206 2350 279 2369 rum
297 2349 333 2369 ac
351 2349 567 2378 expensarum
584 2350 646 2379 que
663 2340 749 2370 idem
761 2343 772 2360 ²
789 2345 819 2370 et
836 2341 887 2369 sui
909 2350 965 2378 pro
989 2341 1119 2379 negotio
1138 2351 1208 2379 pre-

208 2393 294 2422 dicto
309 2393 438 2423 subisse
452 2398 644 2428 noscuntur,
656 2393 843 2432 hujusmodi
860 2394 1014 2431 provisio,
1025 2397 1135 2432 utpote
1147 2403 1209 2432 que

208 2445 426 2484 quadraginta
444 2455 628 2475 marcarum
651 2446 779 2483 argenti
796 2446 974 2475 valentiam
994 2447 1045 2475 vix
1067 2447 1208 2482 excedit,

208 2497 336 2527 dicatur
371 2507 435 2527 non
471 2498 619 2527 sulficere
654 2498 693 2527 ad
733 2499 1007 2528 sustentationem
1046 2499 1208 2536 ejusdem,

209 2550 307 2579 etiam
328 2550 354 2579 si
375 2560 444 2579 eam
465 2550 598 2588 pacifice
615 2550 788 2582 obtineret,
808 2555 937 2580 servata
955 2551 1060 2588 ipsius
1079 2551 1212 2581 ordina-

209 2602 298 2631 tione
322 2602 432 2639 legati,
455 2603 584 2632 faciatis
609 2603 639 2632 ei
666 2603 705 2632 ab
729 2603 896 2641 aliquibus
919 2603 1130 2633 monasteriis
1154 2613 1212 2633 seu

212 2654 360 2684 ecclesiis
384 2664 446 2693 que
468 2665 532 2685 non
558 2656 622 2685 sint
647 2665 704 2693 pcr
727 2656 843 2686 Sedem
868 2656 1089 2694 Apostolicam
1115 2666 1214 2695 super

209 2706 346 2735 alterius
361 2707 547 2745 provisione
563 2713 706 2745 gravata,
724 2708 993 2745 Burtlegalensis,
1006 2709 1211 2745 thamensis,

210 2760 419 2797 Agennensis
437 2765 467 2789 ct
484 2762 696 2791 Caturccnsis
714 2762 885 2791 civitatum
910 2765 941 2791 et
966 2761 1144 2796 dioccsum,
1163 2762 1214 2791 vel

246 2884 264 2907 1.
281 2887 328 2908 Ms.
347 2894 352 2908 ,·
370 2886 487 2910 easdem.

244 2927 266 2950 2.
283 2930 330 2951 Ms.
351 2938 357 2951 :
375 2929 464 2952 iidem.

1275 336 1308 365 in
1332 336 1479 374 ipsarum
1504 335 1631 374 aliqua,
1656 335 1690 363 in
1717 342 1827 363 annuo
1853 333 1984 363 redditu
2005 333 2067 362 XX
2096 342 2283 363 marcarum

1274 389 1371 418 annis
1401 388 1543 425 singulis
1571 386 1737 425 provideri
1766 404 1815 414 —.
1847 387 1919 415 Dat..
1953 385 2102 420 Perusii,
2132 387 2177 416 VI
2206 386 2282 416 idus

1270 440 1359 479 julii,
1379 449 1466 469 anno
1483 449 1580 469 nono.
1601 451 1614 465 »

1346 611 1464 639 2680

1309 673 1418 700 Abbati
1434 676 1462 699 ct
1473 673 1633 699 conventui
1649 672 1821 699 monasterii
1838 672 1940 699 Sancti
1953 672 2071 699 Nicolai
2085 672 2120 699 de
2133 672 2236 699 Monte
2249 672 2282 699 in

1276 722 1354 749 Urbe
1369 722 1471 748 Veteri
1488 721 1623 755 indulget
1644 724 1676 748 ut
1695 729 1746 756 per
1766 721 1942 755 apostolicas
1964 721 2078 748 litteras
2095 721 2220 748 minime
2239 724 2285 748 te-

1275 773 1401 798 neantur
1414 770 1553 797 ccclesias
1570 770 1700 804 ipsorum
1723 771 1901 797 monasterio
1922 771 2079 804 subjectas,
2095 778 2168 804 quae
2183 779 2285 797 curam

1275 820 1449 847 obtinebant
1464 820 1633 846 animarum
1644 841 1650 851 ,
1666 820 1798 846 conferre
1812 820 1927 846 clericis
1946 819 2145 846 saecularibus
2162 819 2211 853 qui
2226 828 2285 847 uon

1275 869 1370 903 parati
1393 869 1504 895 fuerint
1524 868 1718 902 personaliter
1737 868 1885 895 deservire
1901 868 1931 894 in
1949 868 2070 895 eisdem.
2089 883 2120 886 —
2137 868 2223 900 (Rae.
2240 868 2285 897 18,

1276 918 1296 944 f.
1313 917 1348 943 50
1362 920 1408 950 v⁰;
1426 925 1495 943 ann.
1514 917 1567 949 IX,
1583 916 1701 948 0148.)

1832 611 1969 643 Perousc,
1987 611 2002 637 3
2017 611 2116 644 juillet
2131 611 2210 638 1235.

1320 1030 1332 1044 «
1359 1041 1378 1046 ..
1404 1018 1506 1046 abbati
1532 1023 1557 1046 et
1582 1019 1747 1047 conventui
1775 1019 1956 1047 monaslerii
1978 1018 2086 1047 Sancti
2111 1018 2231 1046 Nicolai
2255 1017 2289 1046 de

1278 1071 1373 1099 Monte
1392 1071 1584 1105 lsrbvvetano,
1610 1071 1790 1099 Urbevetane
1808 1071 1942 1099 diocesis.
1964 1069 2064 1105 Cum,
2083 1069 2169 1099 sicut
2185 1079 2223 1100 ex
2238 1087 2288 1098 -.

1279 1123 1351 1151 Dat.
1371 1122 1513 1153 Perusii.
1532 1123 1560 1152 V
1581 1131 1685 1152 nonas
1698 1122 1786 1161 julii,
1807 1131 1893 1152 anno
1912 1131 2009 1152 nono.
2028 1134 2040 1148 »

1353 1301 1464 1329 268¹
1826 1301 1963 1333 peronae,
1978 1301 2011 1327 19
2026 1301 2125 1334 juillet
2138 1300 2218 1327 1235.

1319 1363 1421 1389 Sancti
1434 1362 1560 1389 Martini
1576 1362 1612 1389 de
1634 1362 1790 1389 Pannonia
1808 1365 1836 1389 et
1858 1363 1960 1389 Sancti
1981 1363 2144 1390 Salvatoris
2165 1363 2201 1389 de
2218 1363 2292 1390 Zoc-

1282 1412 1369 1439 sardu
1395 1413 1439 1444 (=
1463 1411 1592 1443 Sexard)
1615 1411 1782 1444 abbatibus,
1807 1411 1979 1438 Geuriensis
2004 1414 2033 1438 et
2056 1411 2292 1446 Quinssqueeccle-

1282 1460 1387 1487 siensis
1410 1460 1604 1492 dioecesium,
1624 1459 1747 1486 mandat
1776 1462 1920 1493 quatenus
1943 1460 2157 1487 Cenadiensem
2179 1459 2294 1494 episco-

1283 1518 1352 1543 pum
1365 1531 1371 1542 ‚
1395 1509 1444 1543 qui
1456 1530 1462 1541 ‚
1487 1517 1574 1535 causa
1601 1508 1679 1534 inter
1703 1508 1800 1542 ipsum
1829 1510 1857 1535 et
1882 1509 1928 1541 P.‚
1957 1508 2092 1535 abbatem
2119 1507 2293 1535 monasterii

1284 1557 1468 1589 Bistriensis,
1482 1556 1651 1589 terminata,
1663 1565 1730 1583 cum
1742 1559 1924 1583 armatorum
1938 1557 2132 1584 multitudine
2144 1557 2295 1584 hostiliter

1283 1607 1319 1633 ad
1334 1605 1547 1633 monasterium
1562 1605 1659 1639 ipsum
1673 1608 1845 1638 accesserat,
1861 1608 1899 1639 et,
1913 1606 2012 1639 januis
2026 1606 2088 1640 ejus
2105 1606 2217 1639 fractis,
2232 1605 2294 1632 dic-

1284 1657 1346 1682 tum
1360 1655 1496 1681 abbatem
1509 1657 1537 1680 et
1548 1654 1673 1687 triginta
1685 1654 1756 1680 duos
1772 1655 1930 1681 monachos
1945 1655 2079 1688 nequiter
2093 1654 2157 1689 capi
2173 1656 2293 1688 fecerat,

1286 1704 1450 1730 indebitam
1471 1703 1709 1737 jurisdictionem
1727 1703 1783 1730 sibi
1804 1706 1999 1737 usurpaverat
2014 1706 2042 1730 et
2064 1704 2123 1730 alia
2137 1703 2295 1730 commise-

1285 1755 1340 1785 rat,
1356 1753 1391 1779 ad
1406 1752 1561 1779 solvendas
1578 1751 1674 1778 eidem
1688 1751 1789 1778 abbati
1803 1760 1904 1778 omnes
1918 1760 2060 1786 expensas
2074 1752 2110 1779 ab
2124 1752 2186 1786 ipso
2200 1760 2233 1779 ea
2245 1759 2296 1779 oc-

1286 1801 1402 1828 casione
1419 1802 1511 1827 factas
1527 1803 1642 1834 cogant,
1655 1802 1683 1826 et
1697 1800 1809 1826 faciant
1820 1800 1878 1834 ipsi
1892 1800 1991 1827 abbati
2008 1800 2044 1827 ad
2059 1800 2295 1835 prosecutionem

1287 1850 1395 1884 negotii
1418 1849 1596 1876 necessarias
1616 1857 1759 1883 expensas
1779 1849 1815 1875 de
1836 1849 1919 1875 bonis
1941 1848 2112 1875 monasterii
2133 1848 2294 1883 provideri.

1287 1913 1318 1917 —
1335 1899 1420 1930 (Rae.
1438 1898 1482 1930 18,
1499 1899 1519 1924 f.
1534 1897 1569 1924 50
1584 1900 1629 1929 v‘·;
1647 1905 1716 1924 ann.
1732 1897 1785 1930 IX,
1800 1905 1825 1924 c.
1840 1897 1909 1929 149;
1927 1912 1958 1915 —
1976 1898 2133 1924 POTTHAST
2149 1897 2242 1928 9965.)

1329 2012 1342 2026 «
1363 2022 1382 2028 ..
1400 2000 1508 2029 Sancti
1530 1999 1658 2027 Martini
1680 1998 1713 2026 cle
1733 1998 1897 2027 Pannonia
1917 2002 1943 2026 et
1962 2021 1980 2026 ..
1999 1998 2106 2027 Sancti
2125 1997 2298 2027 Salvatoris

1287 2054 1320 2081 de
1345 2053 1497 2082 Zocsardu
1519 2052 1694 2086 abbatibus,
1723 2051 1896 2080 Geurt'cnsis
1919 2056 1944 2080 et
1972 2051 2299 2088 Ouinqueecclesiensis

1288 2108 1450 2136 clioceszcm.
1468 2105 1617 2135 Dilectus
1636 2104 1726 2134 filius
1743 2105 1779 2134 Ρ.
1796 2122 1845 2133 -.
1865 2105 1938 2134 Dat.
1958 2104 2100 2140 Perusii,
2119 2105 2221 2135 XIIII
2237 2104 2299 2134 ka-

1287 2160 1402 2189 lendas
1420 2159 1564 2197 augusti,
1583 2167 1669 2188 anno
1686 2167 1784 2188 nono.
1805 2169 1817 2184 n

1361 2338 1477 2366 2682
1837 2337 1973 2370 Perouse‚
1990 2336 2024 2363 18
2036 2337 2136 2370 juillet
2148 2336 2227 2363 1235.

1325 2400 1435 2426 Abbati
1457 2400 1548 2427 Casae
1566 2399 1682 2432 Novae,
1699 2399 1865 2426 Pennensis
1881 2399 2037 2431 dioecesis,
2059 2398 2182 2425 mandat
2197 2398 2301 2432 quate-

1292 2457 1361 2481 nus,
1379 2463 1410 2466 —
1428 2457 1474 2481 ne,
1492 2450 1610 2482 propter
1624 2447 1798 2474 dilationem
1815 2455 1919 2473 causae
1933 2447 2010 2473 inter
2026 2447 2190 2481 capitulum
2206 2445 2301 2472 eoele-

1292 2497 1352 2523 siae
1376 2497 1479 2523 Sancti
1500 2496 1599 2523 Pelini
1623 2496 1798 2528 Valvensis,
1823 2504 1858 2522 ex
1878 2504 1938 2522 una
1959 2498 2056 2530 parte,
2080 2497 2108 2522 et
2135 2494 2300 2529 capitulum

1292 2545 1433 2572 ccclesiae
1450 2545 1553 2572 Sancti
1568 2545 1723 2579 Pamphili
1739 2544 1955 2577 Sulmonensis,
1973 2543 2133 2571 Valvensis
2148 2542 2300 2574 dioecesis,

1294 2603 1328 2621 ex
1340 2595 1442 2626 altera,
1455 2602 1541 2628 super
1555 2594 1698 2620 electione
1710 2593 1801 2620 futuri
1816 2593 1964 2627 pontificis
1976 2592 2135 2619 Valvensis
2149 2590 2300 2623 ecclesiae,

1294 2645 1425 2675 exortae,
1442 2645 1470 2669 et
1485 2642 1522 2669 ab
1542 2642 1605 2676 ipso
1621 2650 1697 2676 papa
1715 2642 1850 2676 episcopo
1870 2641 2002 2669 Ostiensi
2024 2641 2211 2673 commissae,
2227 2639 2302 2666 Val-

1294 2691 1393 2717 vensis
1409 2690 1544 2723 ecclesia,
1561 2690 1674 2717 (liutius
1690 2690 1813 2716 viduata
1826 2693 1951 2724 pastore,
1968 2690 2100 2716 incurrat
2113 2689 2144 2716 in
2160 2688 2303 2723 spiritua-

1296 2739 1372 2765 libus
1389 2741 1417 2765 et
1438 2739 1650 2773 temporalibus
1668 2739 1898 2771 detrimentum,
1920 2753 1951 2756 —
1972 2739 2089 2772 utrique
2109 2737 2238 2772 capitulo
2253 2735 2303 2763 det

1296 2787 1420 2813 firmiter
1438 2787 1469 2813 in
1491 2787 1640 2814 mandatis
1661 2790 1693 2813 ut
1714 2787 1793 2813 infra
1812 2789 1925 2813 certum
1939 2787 2113 2819 terminum,
2130 2786 2171 2813 eis
2186 2785 2223 2812 ab
2240 2784 2303 2819 ipso

1296 2835 1401 2862 abbate
1418 2836 1649 2870 praefigendum,
1666 2835 1755 2862 simul
1769 2835 1805 2861 ad
1821 2835 1995 2862 electionem
2012 2836 2060 2862 vel
2073 2834 2302 2869 postulationem

1298 2877 1470 2910 canonicam
1485 2884 1659 2917 procedant,
1675 2885 1703 2910 et
1717 2883 1918 2917 postmodum,
1936 2883 1960 2910 si
1974 2883 2138 2916 voluerint,
2155 2883 2201 2916 jus
2216 2888 2303 2909 suum

1299 2940 1395 2958 eoram
1415 2932 1515 2958 eodem
1537 2929 1692 2966 [Ostiensi]
1714 2931 1848 2965 episcopo
1869 2934 2098 2965 prosequantur:
2121 2929 2218 2957 neutri
2236 2935 2305 2963 par-
