2519 3518
120 290 176 320 777
978 284 1169 323 ONZIEME
1191 285 1349 322 ΑΝΝΕΕ.
2146 295 2204 324 778

119 357 274 395 episcopi&
296 357 391 387 Lecta
411 366 519 387 coram
551 358 646 388 nobis
669 358 863 388 dilectorum
884 359 1025 388 fitiorum
1043 366 1121 387 con-

122 413 239 440 ventus
262 410 456 440 monasterii
483 411 649 441 Venusini
679 411 793 449 petitio
823 412 1011 441 continebat
1036 410 1121 449 quod

120 461 264 492 Jacobus
289 462 328 493 de
350 462 544 501 Alpharan..
563 464 709 502 ejusdem
729 464 921 494 monasterii
941 463 1122 493 monachus

122 531 171 550 -‚
190 514 274 545 bone
297 516 454 546 memorie
487 517 535 549 L..
567 517 708 554 priorem
739 517 886 555 ejusdem
917 516 1121 546 monasterii.

121 567 252 603 occidit.
285 568 390 598 noctis
416 573 570 607 tempore.
600 569 685 598 sicut
704 569 791 599 idem
817 574 931 608 sponte
951 570 1122 599 consessus

122 620 244 650 dicitur
267 621 424 651 extitisse.
446 622 580 656 Verum,
609 622 687 660 quia
708 622 913 661 quorundam
941 622 1122 651 assertione

125 677 256 703 tenetur
272 674 356 712 quod
374 674 508 712 quidam
526 674 679 704 monachi
695 679 877 704 conventus
895 674 1040 713 ejusdem
1052 674 1123 704 sue-

124 726 192 756 rint
214 726 254 756 ab
277 726 466 765 hujusmodi
497 726 621 757 scelere
649 735 713 756 000
732 727 908 758 immunes.
928 726 1123 756 mandamus

125 779 326 818 [quatenus].
341 779 381 809 ad
395 779 504 809 locum
520 779 737 818 personaliter
749 780 952 813 accedentes.
964 779 1123 818 inquisita

126 832 309 870 superbiis
325 832 519 870 diligentius
536 833 684 863 veritate.
712 833 739 863 si
770 842 837 862 rem
867 833 958 862 vobis
983 832 1028 861 ita
1052 841 1123 861 esse

125 885 321 921 constiterit,
349 885 471 915 dictum
491 885 651 916 Jacobum
673 890 829 923 perpetuo
851 885 975 915 carceri
999 885 1124 914 manci-

126 942 252 976 pantes,
263 937 345 967 alios
357 937 504 976 ejusdem
520 937 695 976 complices
709 938 743 967 in
758 937 816 967 hac
830 942 919 975 parte
935 946 1018 975 pena
1030 945 1123 966 cano-

126 991 199 1020 nica
216 990 362 1029 puniatis
377 1001 382 1025 ;
407 991 493 1029 quod
509 999 607 1029 super
623 990 683 1020 hoc
706 991 902 1020 inveneritis
919 995 949 1020 et
965 990 1122 1020 feceritis.

127 1043 222 1073 nobis
245 1042 387 1073 fideliter
418 1043 623 1081 rescripturi.
656 1043 690 1073 Si
721 1052 796 1073 vero
826 1042 1011 1072 constiterit
1038 1042 1122 1080 quod

127 1095 240 1125 nullus
256 1094 342 1125 alius
353 1095 392 1125 de
405 1095 492 1125 dicto
508 1095 709 1125 monasterio
728 1099 836 1133 preter
851 1094 990 1125 eundem
1010 1103 1124 1124 mona-

125 1148 223 1178 chum
249 1157 347 1186 super
372 1153 461 1178 tanto
484 1148 608 1186 flagitio
630 1147 804 1186 culpabilis
827 1147 998 1181 habeatur,
1017 1147 1122 1177 eidem

124 1201 318 1235 conventui.
358 1209 397 1231 ne
428 1201 665 1230 monasterium
696 1201 806 1238 ipsum
833 1209 890 1238 per
918 1200 1121 1229 vacationem

125 1253 288 1283 diutinam
307 1253 475 1290 contingat
492 1253 626 1290 gravius
645 1252 741 1282 solito
771 1252 804 1281 in
835 1251 1066 1290 spiritualibus
1094 1256 1124 1280 et

127 1305 362 1344 temporalibus
389 1305 590 1340 deformari,
621 1305 815 1343 providendi
848 1304 913 1334 sibi
942 1304 1029 1333 infra
1060 1309 1124 1334 tres

126 1367 256 1388 menses
273 1363 344 1396 post
367 1357 582 1388 monitionem
605 1362 759 1392 vestram,
775 1365 832 1395 per
853 1356 1046 1386 electionem
1075 1365 1124 1385 ca-

126 1411 291 1445 nonicam.
317 1410 355 1440 de
375 1419 517 1448 persona
545 1410 663 1439 idonea
688 1410 722 1438 in
744 1409 906 1443 abbatem.
930 1409 1124 1438 auctoritate

128 1468 241 1493 nostra
257 1462 426 1492 licentiam
442 1462 640 1500 impendatis
655 1472 661 1497 ;
688 1461 882 1491 mandantes
899 1461 1023 1491 eisdem
1040 1460 1125 1499 quod

127 1516 223 1546 nobis
239 1515 433 1546 electionem
450 1514 640 1553 hujusmodi
662 1518 901 1552 representem,
920 1518 955 1543 ut
979 1514 1018 1543 de
1041 1514 1124 1552 ipsa,

128 1573 223 1607 prout
248 1568 429 1598 secundum
454 1568 560 1597 Deum
581 1567 732 1606 expedire
757 1566 947 1601 viderimus.
972 1566 1127 1604 dispona-

129 1629 213 1652 mus.
232 1621 325 1657 Quod
348 1620 376 1650 si
405 1629 469 1649 non
489 1628 603 1649 omnes
626 1624 686 1649 etc.
710 1620 784 1649 Dat.
806 1618 961 1653 Viterbii.
978 1620 1006 1648 V
1024 1628 1126 1649 nonas

128 1673 282 1708 octobris,
308 1681 394 1703 anno
411 1673 595 1703 undecimo.
617 1685 630 1698 »

198 1856 316 1884 3894

163 1917 392 1952 Archiepiscopo
408 1917 547 1944 Remensi
563 1920 591 1944 ct
607 1918 669 1950 ejus
683 1917 884 1951 suffraganeis.
901 1922 1058 1944 memorata
1071 1918 1128 1944 dis-

127 1967 226 1993 cordia
243 1966 319 1993 inter
338 1966 532 1997 Ludovicum,
549 1974 642 1997 regem
662 1966 820 1994 Franciae.
840 1970 867 1992 et
888 1966 1041 1992 ecclesiam
1059 1967 1128 1993 Bel-

128 2023 282 2042 vacensem
309 2018 419 2045 exorta,
445 2014 591 2047 significat
616 2023 655 2042 se.
682 2028 714 2031 —
737 2022 802 2040 cum
830 2022 885 2040 non
909 2014 1075 2041 crederetur
1094 2015 1129 2041 (1.-

130 2063 292 2097 [1006111011-
307 2070 403 2095 regem
427 2066 452 2089 et
477 2062 631 2088 ecclesiam
656 2062 819 2095 praedictos
842 2063 1026 2089 reformanda
1049 2071 1130 2096 posse

129 2111 261 2141 tractari,
284 2111 375 2137 donee
393 2110 428 2136 de
452 2114 565 2144 pastore
588 2110 791 2144 provideretur
811 2110 905 2136 eidem
930 2111 1080 2138 ecclesiae.
1098 2125 1128 2129 —

670 1855 802 1886 Vsterbe.
817 1856 832 1882 3
845 1856 961 1882 octobre
977 1856 1055 1882 1237.

129 2160 349 2194 suspensionem
361 2159 568 2185 interdictioni
582 2159 735 2185 Remensis
748 2158 910 2192 provincia,
923 2163 949 2184 et
962 2159 1130 2192 specialiter

132 2208 322 2236 Belvaccnsis
337 2207 492 2236 dioecesis.
509 2207 658 2241 supposita
676 2209 780 2234 tuerat.
803 2215 968 2240 prorogasse
988 2216 1077 2241 usque
1093 2208 1128 2234 ad

130 2265 181 2284 sex
197 2264 311 2283 menses
327 2259 479 2290 postquam
497 2255 592 2281 eidem
609 2255 748 2282 ecclesiae
763 2255 847 2281 fucrit
866 2255 907 2281 sic
921 2255 1081 2288 provisum.
1098 2271 1128 2274 —

131 2305 218 2336 (Rau.
236 2304 279 2332 18.
297 2305 316 2330 f.
334 2303 384 2330 327
401 2307 444 2332 v⁰z
459 2312 528 2330 ann.
542 2303 594 2333 XI.
611 2312 635 2329 c.
650 2303 716 2334 252;
735 2318 765 2321 —
781 2303 913 2330 MOREAL'
927 2303 1006 2335 1191,
1025 2305 1043 2330 1.
1060 2304 1128 2334 389;

131 2367 164 2371 —-
180 2353 218 2379 cf.
235 2359 331 2384 supra,
349 2359 376 2378 n.
394 2351 549 2378 3321-3327
562 2354 589 2377 et
606 2351 698 2380 3503.)

173 2465 186 2479 «
213 2475 232 2481 ..
255 2453 478 2489 archiepiscopo
506 2453 642 2481 Remensi
669 2456 694 2480 el
721 2452 922 2489 sulfraqaneis
947 2453 1021 2489 eJus.
1042 2452 1130 2482 Licet

131 2505 173 2534 ad
189 2505 426 2535 correctionem
450 2521 497 2533 —.
530 2505 603 2534 Dat.
627 2503 827 2533 Vite1·bii.v
857 2513 960 2534 nonas
976 2504 1129 2534 octobris.

131 2566 219 2587 anno
243 2557 428 2587 undecimo.
450 2570 462 2582 »

168 2795 278 2823 Abbati
304 2795 430 2822 Sanctae
455 2794 568 2821 Mariae
590 2794 626 2820 de
647 2794 784 2828 Josaphat
804 2793 993 2821 Carnotensis
1014 2795 1131 2822 mandat

134 2847 278 2878 quatenus
303 2843 435 2870 inhibeat
462 2851 497 2869 ne
518 2843 658 2869 adversus
687 2842 830 2868 decanum
854 2842 1063 2869 Carnotensem
1086 2844 1134 2870 vel

135 2895 349 2927 procuratorem
362 2892 436 2925 ejus,
446 2900 496 2917 seu
511 2891 652 2917 adversus
663 2890 817 2916 canonicos
828 2890 1020 2917 adhaerentes
1036 2892 1134 2925 appel-

136 2939 240 2967 lationi
257 2948 307 2974 pro
321 2939 383 2974 ipso
398 2939 508 2965 decano
523 2938 559 2965 ad
578 2938 683 2965 Sedem
696 2938 895 2971 Apostolicam
911 2941 1010 2965 contra
1027 2934 1135 2972 episco-

675 2732 807 2763 Viterbe.
824 2732 840 2758 2
855 2733 970 2760 octobre
984 2733 1061 2759 1237.

1205 366 1272 391 pum
1297 359 1506 386 carnut-fusum
1532 366 1558 386 ct
1582 365 1680 388 contra
1707 362 1877 388 0100151οι00
1902 363 2063 390 Jnhanncm
2088 362 2200 388 dictum

1206 407 1426 440 Presbyterum.
1441 409 1489 442 qui
1508 417 1557 442 pru
1571 410 1711 435 canonico
1725 410 1897 436 t'arnotvnsi
1915 420 1943 435 se
1966 410 2092 440 evm-bat.
2111 410 2201 436 inter-

1203 455 1307 487 jectan,
1321 456 1430 489 aliquis
1445 458 1577 489 procedat
1594 466 1680 491 super
1695 458 1739 483 liis
1752 466 1801 491 pru
1813 458 1917 491 quibus
1933 458 2073 491 praedicti
2091 458 2203 491 cpisco—

1206 511 1257 535 pus
1273 507 1301 529 ct
1317 504 1454 534 magister
1469 505 1504 530 wl
1521 505 1653 531 cannia-m
1673 506 1777 531 Nedum
1797 512 1876 531 crant
1898 506 1991 532 citati.
2010 521 2038 523 —
2056 507 2140 533 ‹tu-v..
2159 506 2202 533 18.

1206 550 1646 580 t.3·281-0:ann.x1.‹.·.·253:—
1662 553 1993 581 310110101191.1.38“.;
2011 569 2038 572 -—
2054 555 2091 580 ci.
2107 561 2203 586 supra,

1206 604 1234 624 n*
1247 599 1338 629 3767.)

1246 712 1258 724 «
1286 722 1303 728 ..
1318 701 1416 728 abbati
1432 701 1539 730 Sancte
1555 702 1649 730 Mar-ie
1666 702 1700 730 dc
1716 703 1858 739 ,Iosophat
1872 703 2075 731 samurensis.
2094 701 2203 731 Dilec-

1207 757 1257 781 tus
1275 752 1363 782 1111115
1377 753 1551 783 ..decanus
1568 754 1782 784 Carnotensis
1795 755 1962 792 proposuit
1979 764 2087 784 coram
2108 754 2202 784 nobis

1205 805 1302 843 quod.
1321 814 1393 835 cum
1414 806 1495 843 ipse.
1516 811 1629 836 contra
1651 807 1873 837 venerabilem
1895 810 2030 837 tratrem
2054 813 2201 836 nostrum

1207 881 1226 886 ..
1252 859 1440 896 episcopum
1468 859 1704 889 Cat-notensem
1736 865 1764 889 et
1795 861 1987 897 magistrum
2015 861 2202 891 Johanncm

1205 911 1326 940 dictum
1351 911 1587 941 Presbiterum.
1614 912 1670 950 qui
1692 921 1748 950 pro
1765 913 1923 942 canonico
1949 912 2144 942 Carnotensi
2167 922 2202 943 se

1206 963 1306 999 gerit.
1336 972 1434 1001 super
1459 973 1496 993 eo
1524 964 1608 1002 quod
1633 964 1718 994 idem
1744 965 1900 1002 magister
1921 965 2128 1003 in-ejusdem
2149 974 2203 995 ec-

1205 1015 1304 1045 clesie
1329 1016 1536 1045 canonicum.
1556 1021 1625 1053 post
1649 1016 1901 1054 appellationem
1921 1026 1977 1054 pro
1994 1018 2064 1055 ipso
2080 1017 2203 1047 decano

1205 1068 1245 1097 ad
1261 1068 1378 1098 Sedem
1401 1068 1622 1106 Apostolicam
1644 1069 1862 1107 interjectam.
1881 1079 1937 1107 per
1960 1070 2098 1099 eundem
2116 1070 2204 1108 epis-

1205 1129 1321 1158 copum
1341 1125 1399 1155 est,
1427 1126 1459 1149 ut
1489 1121 1620 1150 dicitur.
1640 1121 1824 1151 institutus.
1843 1122 1981 1160 quadam
2006 1122 2070 1151 sibi
2086 1122 2203 1151 collata

1206 1173 1382 1210 prebenda.
1409 1173 1576 1210 deponens
1607 1173 1639 1201 10
1672 1178 1783 1202 nostra
1800 1174 1965 1211 presentia
1983 1175 2202 1212 questionem.

1207 1229 1336 1254 nostras
1353 1224 1391 1254 ad
1410 1229 1438 1255 te
1455 1225 1661 1262 impetravit¹
1679 1225 1818 1259 litteras,
1831 1226 2038 1255 continentes
2051 1231 2083 1255 ut
2101 1227 2204 1256 dictos

1206 1278 1394 1316 episcopum
1411 1282 1440 1306 et
1458 1277 1652 1314 magistrum
1672 1278 1889 1315 peremptorie
1914 1278 1952 1307 ad
1971 1283 2114 1307 nostram
2132 1288 2206 1317 pre-

1207 1330 1347 1360 sentiam
1366 1330 1467 1359 citare
1496 1339 1641 1360 curares.
1673 1335 1797 1360 certum
1828 1331 1876 1360 eis
1907 1331 2083 1361 terminum
2109 1332 2207 1369 prefi-

1207 1383 1312 1420 gendo
1332 1393 1338 1411 z
1356 1383 1442 1412 idem
1460 1383 1628 1419 magister.
1648 1383 1843 1412 auctoritate
1865 1384 2034 1422 cujusdam
2052 1385 2206 1414 commis-

1208 1435 1323 1469 sionis,
1349 1444 1447 1473 quam
1477 1439 1590 1464 contra
1608 1458 1627 1463 ..
1649 1435 1800 1465 abbatem
1819 1440 1849 1464 et
1877 1441 2073 1465 conventum
2093 1436 2205 1466 Sancti

1207 1487 1320 1517 Vitoni
1336 1486 1569 1516 Virdunensis.
1590 1487 1624 1515 P.
1648 1486 1787 1516 militem
1816 1491 1845 1516 et
1863 1487 2020 1525 quosdam
2040 1487 2122 1517 alios
2140 1488 2207 1518 cle-

1208 1540 1293 1582 ricos
1310 1544 1340 1569 et
1358 1539 1459 1569 laicos
1478 1539 1681 1569 Senonensis
1705 1544 1734 1569 et
1759 1539 1973 1570 Carnotensis
1989 1541 2158 1570 civitatum
2176 1545 2207 1571 et

1208 1592 1387 1622 diocesum.
1419 1600 1518 1629 super
1545 1591 1692 1626 decimis.
1727 1592 2004 1629 possessionibus.
2023 1592 2207 1622 redditibus

1209 1649 1239 1674 et
1256 1644 1354 1674 rebus
1373 1643 1449 1673 aliis
1475 1653 1493 1673 a
1518 1643 1613 1673 nobis
1638 1644 1673 1672 in
1694 1644 1797 1673 forma
1824 1643 1978 1682 simplici.
2009 1650 2044 1674 ut
2073 1645 2205 1674 dicitur.

1209 1697 1248 1726 ad
1266 1697 1313 1736 [..]
1336 1697 1486 1727 abbatem
1509 1697 1620 1726 Sancti
1640 1696 1805 1726 «Iohannis
1824 1696 2027 1727 Senonensis
2050 1697 2208 1736 impetra-

1208 1750 1264 1785 vit,
1284 1754 1432 1788 pretextu
1457 1749 1549 1778 illius
1581 1748 1727 1779 clausule
1757 1750 1881 1786 quidam
1911 1750 1979 1779 alii.
2010 1750 2105 1779 citari
2130 1750 2208 1779 fecit

1209 1803 1316 1840 ipsum
1335 1802 1495 1831 decanum
1519 1806 1547 1831 et
1565 1806 1808 1839 procuratorem
1825 1801 1907 1839 ejus.
1930 1811 1965 1831 ac
1983 1802 2140 1840 quosdam
2154 1811 2208 1832 ca-

1210 1854 1346 1883 nonicos
1362 1853 1583 1884 Cat-notenses
1600 1853 1796 1883 adherentes
1819 1853 2031 1891 appellationi
2051 1855 2206 1892 predicte,

1211 1914 1310 1943 super
1326 1905 1568 1943 inquietatione
1591 1905 1812 1943 possessionis
1835 1910 1865 1935 et
1890 1911 2107 1943 proventuum
2125 1907 2209 1946 ejus-

1211 1959 1283 1987 dem
1299 1957 1463 1995 prebende
1480 1958 1543 1995 ipsi
1561 1958 1719 1994 magistro
1735 1958 1768 1987 in
1786 1957 1877 1987 illius
1890 1959 2055 1996 presentia
2074 1968 2208 1997 respon-

1211 2019 1317 2040 suros.
1343 2011 1451 2046 Quare
1472 2010 1580 2039 dictus
1609 2010 1753 2040 decanus
1776 2010 1869 2040 nobis
1890 2010 2060 2040 humiliter
2081 2012 2208 2050 suppli-

1211 2063 1297 2092 cavit
1315 2067 1360 2097 ut.
1376 2072 1449 2092 cum
1469 2067 1503 2091 tu
1528 2063 1574 2091 sis
1591 2062 1781 2092 mandatum
1799 2062 2015 2100 apostolicum
2038 2069 2205 2097 executus.

1211 2115 1382 2145 occasione
1394 2115 1639 2145 commissionis
1652 2115 1798 2154 ejusdem
1811 2115 1861 2145 vel
1873 2115 2014 2154 alicujus
2024 2117 2209 2146 consimilis

1212 2177 1276 2198 000
1292 2168 1559 2206 permitteremus
1587 2176 1662 2197 eum
1689 2167 1900 2206 aliquatenus
1921 2169 2102 2205 aggravari.
2121 2169 2209 2205 Quo-

1211 2221 1299 2250 circa
1331 2220 1526 2249 mandamus
1551 2225 1727 2259 0001θο05,
1749 2220 1777 2249 51
1807 2225 1854 2249 est
1882 2220 1937 2255 ita,
1964 2220 2117 2251 inhibeas
2146 2222 2209 2260 ipsi

1211 2273 1321 2302 abbati
1341 2277 1370 2302 et
1396 2272 1533 2302 cuilibet
1549 2272 1618 2307 alii.
1638 2277 1674 2302 ut
1702 2281 1800 2310 super
1825 2272 1891 2301 11115
1912 2282 1969 2310 pro
1989 2273 2110 2311 quibus
2130 2274 2210 2304 dicti

1211 2326 1383 2364 episcopus
1413 2330 1444 2355 et
1474 2325 1632 2362 magister
1658 2325 1698 2355 ad
1729 2330 1874 2354 nostram
1904 2326 2103 2363 presentiam
2133 2332 2209 2356 sunt

1211 2378 1314 2407 citati.
1346 2377 1505 2407 adversus
1536 2377 1677 2407 eundem
1702 2377 1862 2407 decanum
1888 2377 1939 2407 vel
1966 2383 2210 2415 procuratorem

1211 2431 1293 2469 ejus.
1313 2439 1372 2460 seu
1395 2430 1570 2460 canonicos
1594 2430 1791 2460 adherentes
1814 2430 2026 2468 appellationi
2052 2432 2207 2469 predicte.

1212 2483 1406 2512 auctoritate
1432 2482 1676 2512 commissionis
1710 2482 1900 2520 hujusmodi
1930 2491 1994 2512 non
2022 2484 2207 2520 procedant.

1212 2536 1284 2565 Dat.
1302 2535 1456 2565 Viterbii.
1474 2536 1519 2565 VI
1537 2544 1640 2565 nonas
1659 2535 1814 2564 octobris.
1833 2543 1920 2564 anno
1935 2535 2120 2565 undecimo.
2148 2548 2160 2561 n

1284 2719 1400 2747 3898

1251 2781 1322 2813 Regi
1338 2781 1514 2807 Francorum
1532 2779 1664 2811 indulget
1679 2784 1720 2805 ut.
1737 2779 1760 2804 si
1778 2779 1893 2811 quando
1906 2787 1971 2805 60111
1987 2780 2033 2806 vet
2049 2780 2111 2812 ejus
2128 2781 2212 2807 sami-

1216 2828 1286 2855 liant
1312 2827 1576 2854 excmumunicatis
1597 2826 1815 2852 communicare
1831 2827 1996 2859 contingat.
2021 2834 2136 2861 propter
2159 2829 2212 2854 hoc

1754 2718 1885 2746 Viterbe.
1902 2720 1918 2745 ὃ
1931 2719 2047 2745 octobre
2063 2720 2140 2746 1237.

1249 2941 1270 2964 1.
1289 2943 1344 2970 Sic,
1362 2941 1500 2971 peut-etre
1516 2946 1585 2970 pour
1602 2940 1768 2968 impetrarit.
