2519 3518
130 319 187 350 361
993 307 1179 345 DIXIEME
1201 308 1360 345 ANNEE.
2163 316 2219 347 362

203 384 324 413 3106
698 383 829 416 Viterbc,
846 383 880 410 10
894 383 971 410 avril
987 381 1065 408 1236.

169 447 313 482 Episcopo
337 446 562 478 Aurelianensi,
589 446 618 472 in
643 446 898 480 archiepiscopum
920 444 1137 472 Biturieensem

132 497 240 529 eleeto,
264 495 355 531 priori
375 495 489 522 ordinis
510 497 634 522 fratrum
653 495 894 522 Pracdicatorum
918 495 947 521 in
970 493 1095 520 Francia
1110 495 1137 519 et

133 544 341 572 archidiacono
363 543 399 570 de
421 543 525 571 Castro
546 543 664 570 Radulfi
683 552 801 570 eausam
826 543 1017 574 Petronillae,
1035 541 1138 568 matris

134 592 261 620 Evrardi
276 591 312 618 de
328 591 460 619 Caritate
473 591 584 623 clerici,
597 595 625 617 et
642 591 793 623 Landrici,
811 590 941 624 ejusdem
957 589 1138 617 Petronillae

133 641 248 676 generi,
270 640 306 667 de
324 641 474 667 haereseos
495 640 560 667 labe
582 643 799 674 suspectorum,
817 638 1036 666 informandam
1058 646 1137 664 com-

134 688 240 716 mittit.
258 703 290 706 —
307 688 394 720 (Rea.
407 687 451 721 18,
468 689 488 714 f.
502 688 553 714 145
567 691 604 719 r⁰;
621 696 691 714 ann.
706 688 749 719 X,
765 696 789 714 0.
802 687 849 719 43;
868 702 898 705 -
911 686 1043 714 Monam]
1058 685 1136 718 1191,

134 736 220 769 1.25;
239 751 270 756 —
286 723 324 763 ef.
341 743 436 768 supra,
455 745 483 762 n.
500 736 570 762 1145
583 736 716 766 011253.)

177 856 189 871 ι(
210 867 228 873 ..
247 845 381 882 episcopo
397 844 624 877 Aurelianensi,
643 844 830 872 [xiim-[censi
842 844 941 878 electo,
958 848 984 872 et
1003 865 1022 871 ..
1037 842 1140 880 priori

133 897 254 926 ordinis
268 897 404 933 fratrum
429 896 658 925 Pretlicatornm
682 898 713 925 in
733 897 877 930 Francia,
895 901 920 924 ct
939 919 958 924 ..
979 895 1140 924 archidia-

135 959 208 980 cono
230 949 263 978 de
279 950 383 979 Castro
398 949 531 986 Radnlfi,
555 950 757 979 Bituricensis
775 950 911 979 diocesis.
932 949 1141 980 Constitutus

135 1003 170 1032 in
183 1002 351 1041 presentia
365 1006 477 1031 nostra
492 1002 684 1039 Evra[1·]dus
705 1002 742 1032 (le
759 1002 904 1033 Caritate
921 1001 1062 1031 clericus
1081 1009 1141 1030 sua

136 1055 233 1085 nobis
257 1055 417 1093 petitione
444 1056 641 1085 monstravit
667 1055 768 1094 quod,
795 1064 869 1085 cum
896 1055 1019 1084 dudum
1045 1054 1142 1083 fratri

137 1107 292 1143 Roberto‚
309 1107 437 1137 ordinis
452 1108 594 1137 fratrum
610 1108 869 1141 Predicatorum,
887 1107 1141 1146 inquisitionem

136 1160 360 1190 hereticorum
369 1160 404 1189 in
414 1160 554 1190 Francia
564 1160 755 1190 duxerimus
764 1159 1044 1194 committendam,
1054 1159 1142 1188 idem

136 1212 252 1248 frater,
270 1212 408 1242 sinistra
423 1212 462 1243 de
479 1213 672 1247 Petronilla,
690 1213 797 1251 ipsius
819 1217 933 1247 matre,
954 1213 1140 1250 suspicans,

137 1274 238 1304 quam
248 1265 333 1295 bone
347 1265 505 1295 memorie
521 1288 540 1294 ..
558 1265 827 1304 archiepiscopus
842 1265 1064 1295 Bituricensis
1076 1269 1107 1294 et
1121 1287 1141 1293 ..

138 1318 313 1356 episcopus
333 1318 638 1353 Autisiodorensis‚
659 1327 757 1356 super
774 1317 974 1356 inquirendo
996 1317 1143 1347 heretice

138 1371 312 1409 pravitatis
333 1370 413 1401 vitio
436 1370 471 1400 in
488 1370 567 1400 villa
589 1371 791 1401 Caritatensi
813 1371 1066 1409 inquisitatores
1087 1370 1143 1400 de-

138 1423 244 1462 putati
261 1433 279 1453 a
292 1423 400 1458 nobis,
419 1432 484 1453 non
500 1423 709 1457 invenerant,
727 1423 813 1453 sicut
826 1424 956 1457 asserit,
971 1432 1069 1462 super
1082 1423 1144 1453 hoc

137 1476 337 1514 culpabilem
355 1475 407 1506 vel
425 1480 628 1514 suspectam,
646 1475 703 1505 sed
719 1476 856 1514 puritati
871 1475 1031 1506 catholice
1045 1476 1144 1506 desu-

138 1529 283 1563 dantem,
302 1528 408 1558 eidem
424 1528 655 1566 purgationem
672 1537 745 1557 cum
758 1532 874 1566 quarta
886 1529 1005 1558 manu¹
1022 1529 1144 1559 facien-

137 1581 214 1610 dam
240 1580 371 1609 indixit.
400 1580 549 1619 Cumque
574 1580 783 1618 postmodum
809 1581 922 1610 eadem
949 1581 1141 1618 Petronilla,

137 1633 272 1664 statutis
288 1633 354 1663 sibi
369 1632 439 1663 loco
456 1637 487 1663 et
504 1633 645 1663 termino
662 1642 736 1662 cum
752 1633 823 1663 suis
837 1634 1144 1672 compurgatoribus

137 1695 247 1718 coram
264 1686 350 1716 dicto
369 1687 471 1716 fratrc
490 1695 699 1724 comparens,
721 1686 760 1716 ab
779 1695 817 1716 eo
837 1691 873 1716 ut
897 1687 1056 1717 indictam
1079 1687 1144 1717 51111

137 1739 367 1779 purgationem
396 1739 572 1777 reciperet,
599 1739 772 1769 humiliter
799 1740 1015 1777 postulasset,
1043 1740 1142 1774 idem,

137 1791 338 1832 quibusdam
355 1791 475 1821 emulis
498 1791 563 1820 sibi
585 1791 668 1821 falso
687 1792 943 1829 suggerentibus
962 1793 1049 1831 quod
1069 1801 1144 1822 eum

138 1844 247 1874 dictus
275 1843 415 1873 clericus
441 1844 527 1882 apud
551 1844 667 1874 Sedem
694 1844 917 1882 Apostolicam
944 1845 1142 1880 diffamarat,

138 1905 227 1932 eam,
251 1905 349 1941 (1113111
371 1896 540 1926 asserebat
560 1896 595 1925 in
620 1897 816 1934 purgatione
838 1896 1029 1936 hujusmodi
1053 1897 1144 1927 defe—

138 1949 242 1983 cisse,
263 1953 352 1978 arcto
369 1949 494 1979 carceri
513 1949 627 1978 statuit
646 1958 818 1987 perperam
838 1950 1038 1987 mancipari,
1056 1950 1143 1980 idem

138 2002 212 2032 sine
234 2011 335 2032 causa
357 2002 550 2032 rationabili
576 2002 816 2032 nichilominus
841 2003 969 2032 faciens
994 2003 1033 2032 de
1058 2003 1145 2032 Lan-

139 2055 242 2089 drico,
255 2063 376 2092 genero
386 2054 493 2092 ipsius
505 2054 697 2084 Petronille.
712 2064 901 2093 quanquam
915 2055 1146 2093 purgationem

139 2107 181 2137 ab
201 2107 272 2145 ipso
291 2116 390 2145 super
410 2108 537 2145 prefato
556 2107 695 2137 crimine
711 2108 908 2145 recepissetg
929 2108 998 2146 qui,
1017 2108 1146 2146 simpli-

141 2160 239 2190 citate
256 2159 356 2194 ducti,
377 2169 395 2189 a
416 2164 505 2189 tanto
521 2160 685 2198 respirare
705 2161 896 2198 gravamine
918 2161 1144 2199 neglexerunt.

139 2212 250 2249 Quare
279 2211 387 2241 dictus
417 2211 574 2247 clericus,
605 2213 691 2251 juris
719 2213 881 2243 dictorum
907 2214 1088 2244 Petronille
1115 2220 1145 2245 et

142 2264 298 2294 Landrici
327 2265 592 2302 prosecutionem
623 2274 817 2301 assumens,
849 2266 944 2296 nobis
974 2266 1147 2298 humiliter

141 2316 340 2355 supplicavit
356 2321 406 2352 ut,
425 2326 498 2347 cum
514 2322 649 2355 paratus
668 2317 711 2347 sit-
731 2319 873 2348 convicti
893 2328 1012 2357 penam
1033 2319 1147 2349 incur-

142 2378 226 2405 rere,
251 2369 280 2399 si
296 2370 461 2408 prefatum
485 2370 611 2400 crimen
635 2370 808 2409 probatum
830 2371 893 2401 fuit
915 2371 967 2402 vel
992 2372 1147 2411 deinceps

141 2422 243 2452 fuerit
257 2426 371 2452 contra
383 2431 448 2458 eos,
462 2423 544 2461 ipsis
561 2423 774 2461 dignaremur
787 2424 821 2453 in
834 2424 895 2454 hac
907 2430 999 2463 parte
1010 2429 1147 2463 paterna

141 2474 350 2514 providentia
366 2475 556 2505 subvenire.
575 2476 734 2512 Quocirca
753 2476 946 2507 discretioni
964 2482 1090 2514 vestre,
1109 2479 1148 2509 de

141 2536 208 2567 qua
223 2527 354 2566 plenam
371 2528 406 2557 in
423 2528 564 2558 Domino
580 2529 735 2559 fiduciam
752 2530 957 2566 obtinemus,
976 2540 1034 2570 per
1052 2540 1148 2570 apos-

142 2580 241 2611 tolica
270 2581 392 2619 scripta
420 2582 616 2612 mandamus
647 2587 827 2621 quatenus,
858 2584 1022 2622 inquisita
1050 2593 1148 2623 super

142 2634 316 2672 premissis
326 2634 511 2673 'eorumque
528 2635 615 2664 fama
633 2640 663 2665 et
679 2636 823 2674 puritate
839 2636 933 2672 fidei,
953 2636 1148 2675 diligentius

142 2686 292 2721 veritate,
311 2686 398 2725 quod
412 2687 611 2717 inveneritis
625 2688 745 2718 vestris
759 2688 854 2718 nobis
870 2688 991 2719 litteris
1007 2689 1149 2720 fideliter

142 2737 318 2774 intimetis,
332 2743 379 2774 ut,
394 2744 503 2769 vestra
520 2739 680 2770 relatione
692 2741 858 2775 instructi,
872 2751 970 2780 super
985 2741 1045 2772 hoc
1063 2743 1149 2781 quod

143 2791 356 2821 statuendum
370 2792 482 2827 fuerit,
496 2793 646 2823 securius
661 2798 857 2824 statuamus.
875 2795 1014 2824 Interim
1025 2799 1146 2830 autem,

178 2929 200 2952 f.
216 2928 257 2954 Cf.
275 2930 343 2954 dans
358 2930 401 2954 Du
417 2930 511 2955 Casei-2
528 2931 640 2955 l‘artielc
656 2932 801 2962 Purgatio,
819 2936 858 2962 ct,
875 2933 889 2955 a
905 2933 1017 2956 l'article
1032 2935 1148 2963 Manus,

145 2971 185 2996 105
194 2974 370 3003 expressions
380 2976 482 2998 ,Νη-310
496 2976 576 2999 tertia
590 2982 687 3005 11131111,
698 2978 800 3000 ,lut-are
812 2983 861 3000 sua
874 2979 972 3006 quarta
986 2983 1083 3005 manu,
1095 2980 1147 3001 etc.

1220 380 1249 410 si
1272 386 1385 411 contra
1406 382 1494 420 ipsos
1517 383 1620 413 nichil
1638 383 1817 413 occurrerit
1841 384 1916 413 fidei
1935 383 2125 414 Christiane
2142 392 2221 414 con-

1220 434 1370 464 trarium.
1384 444 1450 469 eos,
1464 440 1557 474 prout
1571 436 1723 474 expedire
1739 436 1899 471 videritis,
1914 436 1974 465 suh
1987 436 2100 466 leviori
2115 436 2220 467 teneri

1219 486 1380 521 custodia,
1400 487 1438 517 de
1458 497 1522 526 qua
1540 493 1646 517 tamen
1665 489 1809 524 effugere
1828 494 2004 527 nequeant.
2022 489 2153 518 faciatis
2170 507 2220 518 --.

1220 539 1293 568 Dat.
1310 539 1464 571 Viterbii,
1483 541 1550 570 IIII
1566 540 1641 569 idus
1658 541 1788 578 aprilis.
1807 549 1892 570 anno
1908 541 2046 571 decimo.
2069 554 2080 566 »

1290 710 1406 738 3¹07
1788 713 1920 745 Viterbe,
1934 713 1966 740 21
1982 714 2058 740 avril
2072 713 2150 740 1236.

1255 771 1365 799 Abbati
1381 773 1611 807 vindocinensi,
1628 774 1817 802 Carnotensis
1833 775 1974 802 dioecesis
1988 797 1993 806 ,
2016 777 2137 803 mandat
2151 785 2224 810 qua-

1221 822 1316 853 tenus,
1333 829 1389 847 non
1403 821 1588 849 obstantibus
1606 823 1713 849 litteris
1727 824 1763 850 ad
1775 825 1924 857 generales
1940 824 2106 851 visitatores
2118 833 2133 851 a
2149 824 2224 851 Sede

1221 869 1392 903 Apostolica
1409 871 1580 903 destinatis,
1603 872 1744 905 quaedam
1769 876 1894 904 statuta,
1916 881 1990 907 quae
2010 881 2060 907 pro
2083 875 2224 900 reforma-

1222 918 1302 945 tione
1317 928 1350 946 ac
1363 922 1442 946 statu
1459 921 1702 947 monasteriorum
1719 921 1832 948 ordinis
1848 922 1941 948 sancti
1958 922 2111 949 Benedicti
2133 926 2161 949 et
2180 931 2224 949 re-

1222 967 1317 1000 gulari
1332 967 1519 995 observantia
1534 969 1595 1002 ipse
1612 977 1685 1003 papa
1697 969 1829 996 ediderat
1845 973 1871 996 et
1887 970 1931 996 illi
1950 970 2079 1003 miserat,
2091 970 2225 997 observet

1222 1017 1250 1042 et
1266 1015 1355 1042 faeiat
1366 1016 1526 1049 observari,
1543 1016 1658 1043 abbatis
1671 1017 1900 1050 Nuchariensis,
1917 1018 2095 1045 Turonensis
2111 1019 2226 1045 dioece-

1223 1063 1278 1096 sis,
1299 1064 1501 1091 archidiaconi
1521 1065 1785 1099 Transvigenensis
1810 1068 1838 1092 et
1861 1066 2031 1093 cancellarii
2047 1067 2226 1094 Turonensis

1222 1120 1328 1139 usurus
1342 1112 1465 1139 consilio
1480 1113 1511 1139 in
1528 1113 1704 1146 pracdictis;
1728 1122 1869 1140 canonem
1889 1122 2002 1148 quoque
2020 1115 2127 1142 missae
2147 1118 2175 1142 et
2195 1116 2226 1142 in

1223 1160 1308 1187 libris
1329 1161 1500 1187 monasterii
1516 1161 1561 1187 sui
1577 1161 1705 1188 adscribi
1724 1164 1751 1188 et
1770 1170 1787 1188 a
1809 1161 2026 1189 celebrantibus
2043 1163 2098 1196 logi
2117 1164 2227 1190 faciens

1224 1209 1385 1235 secundum
1411 1208 1560 1235 Ecclesiae
1581 1210 1731 1236 Romanae
1750 1218 1875 1242 morem,
1897 1210 2021 1244 corrigat
2042 1214 2070 1237 et
2091 1212 2228 1239 reformet

1225 1265 1299 1290 quae
1311 1256 1483 1290 corrigenda
1497 1259 1525 1284 et
1540 1258 1728 1284 reformanda
1741 1257 1771 1284 in
1787 1259 1963 1285 monasterio
1978 1267 2029 1285 suo
2045 1262 2072 1286 et
2088 1260 2228 1287 membris

1225 1305 1288 1339 ejus
1303 1305 1470 1338 invenerit,
1487 1306 1542 1332 etsi
1561 1307 1773 1340 comprehensa
1793 1315 1850 1333 non
1870 1307 1981 1334 fuerint
1996 1308 2028 1334 in
2043 1308 2180 1335 articulis
2197 1309 2227 1335 in

1226 1353 1396 1387 hujusmodi
1411 1354 1598 1381 ordinatione
1621 1355 1767 1382 contentis
1785 1356 1802 1381 ¹.
1828 1370 1859 1373 —
1884 1356 1971 1386 (Rm.
1993 1356 2037 1388 18,
2064 1357 2084 1382 f.
2109 1357 2161 1383 145
2183 1360 2227 1388 v⁹;

1224 1411 1294 1428 ann.
1307 1402 1346 1435 X,
1363 1410 1388 1429 c.
1405 1403 1462 1433 44.)

1267 1516 1279 1529 (ι
1298 1526 1316 1532 ..
1332 1504 1433 1532 abbati
1448 1504 1671 1538 Vindocinensi,
1688 1505 1882 1533 θαι-1101011311
1898 1505 2032 1534 diocesis.
2050 1505 2131 1536 Cum
2145 1506 2232 1536 inter

1225 1557 1427 1586 monasteria
1441 1574 1487 1585 —.
1510 1557 1583 1586 Dat.
1601 1557 1756 1592 viterbii,
1772 1558 1853 1587 VIII
1866 1557 2026 1587 kalendas
2038 1558 2129 1592 maii,
2144 1567 2231 1588 anno

1225 1609 1363 1640 decimo.
1383 1622 1396 1635 »

1295 1781 1413 1809 3108
1786 1782 1923 1814 Viterbe,
1939 1783 1973 1809 24
1988 1783 2065 1809 avril
2080 1783 2159 1810 1236.

1261 1851 1275 1869 «
1298 1844 1331 1870 In
1354 1843 1479 1870 eundem
1502 1845 1562 1870 fere
1583 1844 1700 1870 modum
1725 1845 1868 1879 scriptum
1889 1847 1931 1871 est
1952 1853 2039 1879 super
2060 1846 2113 1871 1100
2133 1845 2231 1871 eisdem

1225 1892 1257 1926 [..
1270 1891 1566 1923 abbatiitfucltarz'etisi,
1582 1892 1746 1917 Turonensis
1760 1892 1881 1924 diocesis,
1893 1893 2112 1919 ..archidiacono
2128 1893 2231 1919 Trans-

1225 1940 1364 1972 viyenensi
1387 1942 1411 1964 et
1434 1959 1451 1965 ..
1473 1940 1638 1965 cancellario
1664 1939 1842 1975 Turonensis,

1866 1949 1957 1974 usque
1978 1949 1985 1967 τ
2009 1942 2229 1975 compescendo.

1226 1989 1350 2022 Ideoque
1367 1988 1543 2014 mandamus
1559 1991 1703 2021 quatenus
1717 1989 1812 2015 eidem
1829 1989 1940 2021 abbati,
1957 1998 2023 2016 cum
2040 1989 2077 2016 ab
2090 1998 2122 2016 eo
2138 1990 2231 2016 fueri-

1226 2037 1264 2064 tis
1278 2037 1429 2071 requisiti,
1446 2045 1533 2071 super
1549 2037 1607 2063 hiis
1623 2037 1738 2064 salubre
1752 2038 1909 2064 consilium
1926 2038 2118 2072 impendatis,
2133 2039 2230 2072 quali-

1225 2088 1270 2112 ter
1285 2085 1364 2112 idem
1385 2093 1415 2112 se
1438 2085 1573 2112 habuerit
1592 2085 1622 2111 in
1640 2086 1795 2120 predictis,
1814 2086 1896 2113 nobis
1917 2086 2043 2113 fideliter
2059 2087 2230 2121 rescripturi

1227 2149 1269 2160 —.
1284 2134 1352 2161 Dat.
1370 2136 1402 2160 ut
1418 2141 1515 2168 supra.
1534 2141 1547 2158 »
1562 2148 1593 2151 —
1608 2134 1666 2165 (Cf.
1681 2141 1777 2167 snpra,
1795 2138 1823 2160 11⁰
1839 2135 1931 2165 3088.)

1297 2306 1416 2334 3109
1790 2306 1923 2339 Viterbe,
1940 2307 1972 2334 13
1988 2308 2065 2334 avril
2080 2308 2159 2334 1236.

1262 2369 1467 2396 XVintoniensi
1483 2369 1618 2403 episeopo
1634 2369 1781 2403 significat
1792 2378 1821 2395 50
1833 2370 2005 2396 confirmare
2016 2370 2230 2399 venditionem.

1227 2417 1264 2444 ab
1290 2417 1425 2452 episcopo
1453 2417 1670 2445 Cenomanensi
1700 2417 1758 2451 ipsi
1780 2417 1985 2444 XVintoniensi
2011 2418 2146 2453 episcopo
2169 2428 2231 2453 pro-

1228 2466 1453 2500 quadringentis
1476 2465 1561 2492 libris
1586 2466 1816 2500 sterlinguorum
1842 2467 1962 2499 factam,
1990 2467 2026 2493 de
2055 2467 2230 2501 quibusdam

1228 2514 1312 2542 bonis
1328 2523 1402 2548 quae
1424 2514 1455 2541 in
1479 2514 1695 2542 Saresberiensi
1711 2515 1837 2541 dioecesi
1853 2515 1976 2541 ecclesia
1999 2515 2231 2543 Cenomanensis

1229 2562 1365 2590 habebat.
1386 2578 1417 2581 —
1437 2563 1524 2595 (Rae.
1544 2562 1592 2589 18.
1615 2563 1634 2589 f.
1657 2563 1708 2589 145
1726 2566 1769 2594 v⁰3
1791 2571 1860 2589 ann.
1880 2563 1923 2595 X,
1941 2571 1965 2589 c.
1982 2563 2032 2594 453
2051 2578 2081 2581 —
2098 2563 2230 2591 MOREAL‘

1227 2613 1307 2646 1191,
1325 2614 1345 2640 f.
1362 2613 1420 2644 27.)

1271 2726 1283 2739 «
1304 2737 1324 2742 ..
1343 2713 1568 2752 Il‘inton[iensi]
1587 2715 1730 2751 episcopo.
1753 2713 1834 2743 Cum
1854 2714 2081 2751 possessiones
2105 2720 2133 2745 et
2157 2716 2231 2745 red-

1262 2843 1282 2867 l.
1291 2843 1370 2868 Cette
1378 2843 1456 2874 picce
1466 2843 1535 2867 n'est
1546 2850 1598 2874 que
1607 2844 1632 2866 la
1641 2843 1798 2874 repetition.
1809 2856 1837 2861 —
1848 2844 1915 2868 mais
1927 2851 1994 2868 avec
2005 2848 2075 2869 cette
2085 2845 2228 2871 addition:

1229 2896 1241 2910 «
1257 2894 1313 2911 non
1331 2888 1505 2911 obstantibus
1520 2888 1619 2911 litteris
1634 2887 1667 2911 ad
1683 2889 1824 2918 generales
1837 2888 1994 2913 visitatores
2049 2890 2193 2914 destinatis
2207 2901 2229 2919 υ,

1229 2944 1258 2948 -
1271 2931 1305 2954 dc
1319 2931 1345 2954 13
1360 2931 1440 2954 lettre
1456 2932 1502 2961 qui
1519 2932 1605 2962 figure
1621 2931 1680 2961 dcja
1697 2932 1758 2962 plus
1778 2932 1842 2955 haut
1861 2939 1927 2956 sous
1945 2933 1969 2956 le
1990 2934 2103 2958 numero
2118 2935 2186 2963 3037.
2203 2940 2229 2960 ct

1230 2975 1286 3005 qui,
1301 2974 1369 2998 dans
1384 2978 1456 2998 cette
1471 2975 1605 3005 premiere
1622 2975 1773 3003 redaction,
1789 2976 1861 2999 avait
1877 2976 1919 2999 cte
1935 2977 2060 3002 annulee.
