2519 3518
144 275 202 306 965
993 269 1214 306 DorzmME
1236 270 1395 306 ANNEE.
2178 282 2235 311 96ss

145 341 237 368 riensi
251 342 471 377 praefigendum
489 342 612 375 eisdem,
629 342 766 370 ecclesias
781 345 809 369 et
822 342 963 370 beneficia
980 343 1021 369 sic
1035 345 1152 376 recepta

147 397 213 417 cum
230 391 375 418 fructibus
388 391 457 418 inde
474 391 619 425 perceptis
636 399 692 418 non
707 391 827 418 omnino
841 391 1067 425 resignaverint.
1085 399 1152 425 poe-

146 446 216 465 nam
241 443 381 473 aggravet
403 439 489 473 juxta
509 439 675 466 sanctiones
696 440 869 470 canonicas:
893 439 935 466 ita
955 442 1054 466 tamen
1076 438 1151 473 quod

146 487 226 514 ultra.
240 488 359 515 tertiam
376 489 424 515 vel
445 491 580 522 quartam
597 488 708 515 dietam
725 492 809 515 extra
823 497 905 515 suam
922 488 1078 515 dioecesim
1094 496 1151 514 non

147 534 304 562 trahantur
319 535 349 561 in
367 534 524 568 judicium.
542 549 573 553 —
590 536 676 566 (Rus.
696 535 739 567 19,
756 535 776 561 f.
793 535 809 561 4
825 538 868 567 v·;
884 543 953 562 ann.
968 535 1036 567 ΧΠ,
1053 544 1078 561 c.
1095 534 1152 565 23.)

189 646 202 661 α
220 635 338 664 Eidem.
358 634 404 664 Ex
420 638 512 673 parte
529 634 732 665 venerabilis
747 651 796 664 —.
815 635 888 664 Dat.
909 639 943 664 ut
959 643 1069 673 supra.
1089 646 1102 661 ι

217 798 336 826 484ἳ
723 800 844 832 Latran‚
861 799 895 826 30
911 807 987 826 mars
1002 798 1081 826 1238.

183 859 288 888 Eidem
311 860 434 887 mandat
454 863 599 895 quatenus
618 861 775 895 compellat
798 862 902 887 iratres
922 860 1153 892 Praedicatores,

149 910 254 936 iratres
276 909 407 936 Minores
432 912 461 936 et
485 909 557 936 alios
583 912 734 943 exemptos
760 909 841 943 regni
867 909 1087 942 Portugalensis
1110 912 1152 940 ut,

150 960 302 992 praesente
316 958 505 992 Portugaliae
521 966 586 991 rege
609 965 623 982 (t
649 958 679 984 in
701 957 834 990 civitate,
856 957 929 984 villa
947 958 993 984 vel
1014 960 1108 984 castro
1122 957 1152 983 in

149 1013 164 1032 i)
185 1014 306 1040 quorum
323 1006 395 1032 ortis
409 1006 457 1032 vel
473 1005 622 1033 suburbiis
638 1006 728 1033 iidem
749 1006 878 1039 religiosi
895 1009 1046 1032 morantur
1067 1013 1092 1037 )),
1107 1005 1154 1032 in-

149 1054 307 1081 terdictum
325 1062 403 1088 per«
421 1054 665 1082 Salamantinum
680 1055 848 1088 episcopum
867 1057 895 1081 et
911 1055 1036 1087 collegas
1049 1054 1152 1088 ipsius,

150 1110 164 1128 >i
185 1105 353 1130 executores
377 1111 464 1137 super
488 1104 541 1130 hoc
562 1111 612 1137 pro
633 1103 756 1129 ecclesia
776 1103 981 1137 Portugalensi
1001 1110 1015 1127 l)
1035 1103 1072 1129 ab
1092 1102 1154 1136 ipso

149 1158 225 1185 papa
240 1151 412 1185 deputatos,
433 1151 464 1178 in
482 1152 545 1178 loca
560 1151 596 1178 ad
617 1159 691 1185 quae
706 1151 784 1177 idem
806 1159 856 1177 rex
876 1151 1040 1181 devenerit,
1057 1158 1071 1175 (ι
1088 1158 1154 1184 pro-

150 1207 164 1224 »
185 1200 296 1232 latum,
324 1199 432 1226 clausis
457 1199 573 1233 januis,
602 1207 658 1225 non
683 1199 808 1233 pulsatis
830 1199 998 1233 campanis,
1026 1198 1154 1225 exclusis

150 1254 164 1273 ›)
185 1248 451 1274 excommunicatis
468 1251 496 1274 et
510 1247 688 1280 interdictis,
705 1247 852 1274 submissa
865 1255 936 1274 voce
949 1247 1155 1274 tantummodo

150 1303 164 1322 ›)
184 1295 289 1323 divina
313 1296 409 1323 officia
433 1295 617 1327 celebrando,
643 1295 860 1322 inviolabiliter
886 1303 899 1320 ν)
928 1295 1095 1322 observent.
1122 1309 1153 1313 —

151 1344 237 1376 (Rue.
259 1344 303 1376 19,
328 1345 347 1371 f.
373 1345 389 1370 4
414 1347 460 1376 v⁰;
477 1352 546 1370 ann.
564 1344 632 1377 XII,
650 1352 674 1370 c.
692 1343 745 1375 24;
763 1358 794 1362 —
808 1344 941 1371 Monimo
956 1343 1035 1372 1192.
1054 1344 1153 1375 f.14¹;

149 1404 181 1410 —-
195 1392 352 1418 Porruasr
364 1391 492 1423 105592.)

191 1504 204 1520 α
221 1493 338 1522 Eidem.
355 1492 438 1523 Cum
459 1492 546 1522 ferro
569 1491 770 1522 abscidenda
784 1508 834 1521 —.
859 1492 933 1522 Dat.
954 1496 989 1521 ut
1007 1500 1118 1530 supra.
1139 1503 1152 1517 ν»

217 1657 336 1686 4248
723 1658 844 1690 Latran,
861 1658 894 1684 12
909 1658 987 1685 avril
1003 1657 1082 1684 1238.

183 1720 299 1753 ottoni,
317 1720 421 1747 Sancti
441 1720 558 1747 Nicolai
576 1720 606 1747 in
624 1720 748 1748 Carcerc
762 1720 902 1747 Tulliano
919 1720 1043 1747 diacono
1058 1720 1156 1747 cardi-

147 1768 220 1801 nali,
236 1768 424 1802 Apostolicae
441 1768 527 1795 Sedis
543 1769 648 1802 legato,
670 1768 773 1795 scribit
793 1777 799 1794 :
819 1776 833 1792 (ι
854 1768 937 1795 Licet
953 1768 1020 1799 tibi,
1037 1768 1061 1795 si
1083 1768 1156 1795 bene

149 1824 164 1842 »
184 1817 394 1849 meminimus,
420 1825 513 1851 nuper
535 1817 732 1843 direxerimus
755 1817 864 1851 scripta
890 1819 989 1843 nostra
1011 1820 1043 1843 ut
1068 1817 1155 1843 liceat

150 1873 164 1891 »
185 1865 240 1892 tibi
256 1874 273 1892 a
289 1865 476 1893 monasteriis
495 1865 702 1893 Cisterciensis
722 1865 835 1891 ordinis
855 1865 1074 1899 procurationes
1092 1865 1156 1891 exi-

150 1921 164 1939 »
185 1922 251 1948 gere
276 1914 452 1945 moderatas,
477 1913 664 1947 indulgentia
687 1922 822 1940 concessa
852 1913 947 1939 eidem
971 1913 1068 1940 ordini
1098 1921 1155 1940 non

150 1970 164 1989 n
185 1962 336 1990 obstant-e:
351 1962 421 1996 quia
436 1966 536 1988 tamen
547 1970 603 1988 non
620 1966 662 1988 est
680 1962 857 1988 intentionis
874 1964 981 1988 nostre.
995 1970 1048 1988 nec
1062 1962 1157 1988 credi-

150 2018 164 2037 »
185 2019 250 2038 mus
266 2019 328 2038 esse
343 2013 403 2042 tue,
419 2015 451 2037 ut
467 2015 569 2037 contra
592 2011 809 2044 indulgentiam
830 2011 960 2044 ipsorum
976 2010 1156 2044 procuratio-

150 2067 165 2086 »
186 2068 236 2086 nes
252 2059 289 2086 ab
301 2060 344 2086 eis
359 2059 530 2094 pecuniarie
544 2059 710 2093 exigantur.
729 2059 906 2085 mandamus
920 2062 1075 2092 quatenus.
1090 2067 1157 2085 con-

151 2116 166 2134 »
186 2111 285 2135 tentus
305 2108 379 2135 cibis
398 2108 596 2141 regularibus.
613 2107 722 2141 absque
745 2116 795 2133 esu
813 2107 959 2138 carnium,
984 2115 1050 2133 cum
1067 2107 1104 2133 ad
1124 2115 1157 2133 ea

151 2165 165 2182 ))
186 2156 353 2189 accesseris,
369 2160 453 2190 prout
474 2156 504 2182 in
528 2156 660 2190 predicta
683 2155 871 2189 indulgentia
891 2155 1069 2188 continetur,
1091 2163 1157 2189 pro-

151 2213 166 2231 »
186 2205 352 2232 curationes
365 2205 550 2239 pecuniarias
564 2204 715 2230 occasione
732 2204 898 2230 litterarum
915 2203 1083 2237 hujusmodi
1098 2212 1155 2230 non

152 2262 165 2278 n
187 2253 310 2287 patiaris
326 2253 403 2286 exigi
420 2253 457 2278 ab
472 2253 594 2278 eisdem.
612 2260 624 2276 »
642 2266 672 2269 —
690 2252 776 2282 (lim.
796 2251 840 2280 19.
863 2252 882 2277 f.
900 2252 914 2277 4
933 2255 976 2282 v⁵;
998 2260 1068 2278 ann.
1087 2251 1155 2278 xli.

152 2310 177 2329 e.
194 2301 245 2333 i’5;
263 2316 294 2319 ——
308 2303 399 2326 oniisit
417 2302 528 2331 BLlss.)

193 2415 206 2430 α
226 2402 362 2442 O[leoni],
391 2403 496 2432 Sancti
517 2402 635 2431 Nicolai
663 2402 695 2429 in
719 2402 842 2429 θαι-σενι»
867 2401 1009 2430 Tulliano
1031 2401 1157 2430 diacono

150 2456 318 2492 cardinali,
344 2455 507 2493 Apostolice
528 2455 612 2483 Sedis
631 2455 735 2491 legmto.
761 2453 851 2483 Licet
872 2453 943 2482 tibi.
967 2453 995 2482 si
1013 2470 1062 2481 —.
1082 2453 1153 2482 Dat.

151 2508 317 2544 Laterani,
336 2508 369 2537 II
386 2507 460 2536 idus
478 2506 604 2545 aprilis,
624 2514 710 2535 anno
727 2505 930 2535 duodecimo.
950 2518 963 2531 n

221 2673 342 2702 4249

187 2737 332 2771 Episcopo
346 2735 523 2763 Lexovicnsi
540 2734 660 2761 mandat
676 2738 818 2767 quatenus
831 2732 1000 2766 Bajocensis
1017 2732 1157 2766 episcopi,

751 2671 868 2699 Latran.
885 2671 900 2697 3
916 2670 992 2696 avril
1008 2670 1085 2697 1238.

183 2850 205 2874 1.
223 2850 297 2873 Avec
313 2849 432 2877 rtur-ipit
448 2857 455 2871 .·
471 2856 484 2870 «
499 2847 566 2871 Cum
584 2846 656 2869 forro
673 2844 888 2868 abscindenda...
910 2854 919 2865 »

182 2894 204 2918 2.
222 2895 296 2917 Avee
312 2894 336 2916 le
355 2893 441 2915 meme
461 2893 573 2919 incipi»,
593 2888 700 2919 ‹sapi-cs
718 2888 878 2917 Senmet,
896 2890 1053 2911 bullarium
1073 2890 1158 2910 Fran-

152 2940 312 2966 fiscanum,
325 2939 343 2960 t.
363 2937 383 2965 1,
399 2943 424 2966 p.
439 2936 494 2964 235,
511 2939 538 2956 n⁹
554 2934 607 2957 2⁸55).

1234 342 1294 376 qui,
1320 347 1436 377 propter
1461 345 1588 378 corporis
1606 344 1802 375 debilitatem,
1831 346 1996 379 pontificale
2021 348 2148 374 officium
2175 357 2231 375 non

1233 390 1292 424 jam
1318 399 1451 418 exercerc
1477 395 1599 426 poton-at,
1627 393 1786 420 cessionem
1819 394 1951 428 recipiat.
1977 399 2003 421 et
2035 397 2231 429 provisionem

1234 447 1390 471 congruam
1425 440 1513 466 iaciat
1541 440 1566 466 ei
1597 441 1632 466 de
1659 441 1742 467 bonis
1771 442 1985 476 episcopalibus
2016 444 2170 477 assignari.
2202 459 2233 464 -

1234 486 1321 518 (Risu.
1338 487 1381 519 19,
1401 489 1419 514 i.
1436 488 1452 514 5
1468 495 1510 519 r⁰3
1528 496 1597 514 ann.
1615 489 1682 521 xli.
1699 498 1724 516 c.
1741 489 1791 521 26;
1807 504 1837 508 —
1853 490 1984 518 Mensam
2001 491 2079 523 1192.
2097 494 2116 518 I.
2132 492 2188 523 12.)

1276 599 1289 613 α
1309 609 1328 615 ..
1348 589 1480 625 episcopo
1497 588 1682 618 Lea-ortensi.
1702 590 1911 619 Prescntatas
1930 591 2023 621 nobis
2041 600 2077 621 ex
2094 609 2140 621 —.
2159 593 2231 622 Dat.

1236 640 1401 675 Laterani,
1419 641 1469 670 111
1486 649 1589 670 nonas
1609 641 1734 680 aprilis.
1753 651 1838 671 anno
1855 642 2055 674 duodecimo.
2080 657 2092 670 η

1304 824 1425 854 4250
1815 826 1934 859 Lati-an,
1949 828 1981 854 17
1995 828 2070 854 avril
2086 828 2163 855 1238.

1270 885 1379 912 Abbati
1396 890 1422 912 et
1437 887 1595 913 conventui
1614 887 1698 913 Beati
1713 887 1836 914 Martini
1852 887 1975 922 Majoris
1990 888 2163 917 Monasterii
2176 891 2236 918 Tu-

1235 934 1367 960 ronensis
1383 935 1527 967 significat
1545 944 1574 961 se
1595 935 1647 967 eis,
1668 935 1704 961 ob
1723 937 1917 963 reverentiam
1935 937 2013 964 beati
2030 937 2165 971 Martini,
2187 939 2235 966 in-

1235 981 1354 1016 dulgere
1374 986 1404 1009 ut
1432 991 1481 1016 per
1502 984 1666 1017 generalem
1689 985 1851 1010 clausulam
1870 985 1983 1016 «suidam
2008 987 2059 1010 alii
2080 987 2156 1013 trahi
2178 996 2234 1014 non

1235 1031 1348 1064 possint
1369 1031 1397 1057 in
1415 1039 1544 1061 cansam.
1565 1039 1614 1065 per
1639 1032 1752 1058 litteras
1773 1033 1946 1066 apostolicas
1967 1042 2040 1067 quae
2060 1035 2095 1060 ule
2119 1036 2237 1063 nomine

1236 1077 1359 1112 Majoris
1376 1079 1550 1105 M‹›na.‹t‹·rii
1568 1079 1745 1106 Turonensis
1762 1088 1927 1113 expressam
1947 1090 2001 1107 non
2020 1083 2142 1109 fecerint
2157 1091 2236 1109 men-

1235 1127 1357 1153 tionem.
1376 1141 1407 1145 —
1422 1128 1508 1158 (Rm.
1522 1128 1564 1159 19,
1583 1128 1602 1153 f.
1615 1127 1631 1153 5
1643 1130 1680 1159 r⁰;
1697 1135 1766 1153 ann.
1779 1127 1847 1159 xn,
1864 1136 1888 1154 e.
1906 1128 1962 1159 ΞΤ.)

1278 1239 1290 1252 «
1312 1249 1332 1255 ..
1349 1227 1450 1255 abbati
1465 1232 1491 1255 et
1507 1229 1669 1256 conventui
1683 1228 1767 1256 Beati
1783 1228 1912 1256 Martini
1926 1229 2050 1266 Μῃονὶς
2065 1230 2239 1259 Μοηαειενίὶ

1238 1279 1434 1308 Turonensis.
1454 1279 1499 1308 Ex
1516 1284 1607 1317 parte
1624 1284 1733 1309 vestra
1748 1296 1797 1308 —.
1820 1280 1892 1309 Dat.
1918 1280 2083 1316 Laterani,
2101 1282 2161 1312 XV
2181 1282 2239 1312 ka-

1235 1331 1350 1362 lendas
1369 1331 1459 1367 maii,
1479 1340 1565 1361 anno
1583 1331 1786 1362 duodecimo.
1809 1344 1822 1358 »

1259 1513 1264 1517 ‘
1307 1508 1420 1536 425¹
1813 1510 1934 1543 Latran,
1950 1511 1984 1537 29
1999 1519 2075 1538 mars
2093 1512 2169 1539 1238.

1273 1570 1417 1604 Episcopo
1437 1570 1579 1598 Civitatis
1594 1570 1696 1597 Novae
1713 1572 1797 1605 plura
1813 1572 1915 1599 scribit
1931 1573 1966 1599 de
1986 1573 2132 1605 Nic-oleta,
2155 1583 2238 1608 quae,

1237 1623 1301 1652 post
1323 1621 1446 1645 mortem
1464 1619 1510 1650 P„
1533 1618 1650 1645 comitis
1673 1619 1848 1646 Absarensis
1868 1622 1913 1651 (z
1929 1621 2044 1651 Ossero,
2066 1622 2160 1653 Osort,
2182 1622 2240 1649 viri

1237 1667 1294 1698 sui,
1316 1670 1383 1693 voto
1407 1667 1608 1693 continentiae
1629 1670 1727 1694 tamen
1752 1668 1873 1699 emisso,
1897 1669 2026 1695 Henrico
2050 1670 2186 1697 Dandulo
2206 1671 2242 1697 dc

1237 1715 1374 1742 Venetiis
1400 1719 1551 1749 nupserat,
1578 1724 1652 1749 quae
1677 1716 1779 1748 etiam,
1810 1717 1909 1743 eodem
1936 1717 2066 1745 Henrico
2090 1718 2241 1749 derelicto,

1238 1772 1327 1797 eoque
1343 1764 1475 1795 vivente,
1492 1764 1716 1791 matrimonium
1734 1765 1769 1790 de
1786 1767 1862 1791 facto
1877 1774 1943 1791 cum
1960 1765 2126 1797 Manfredo.
2144 1767 2243 1794 milite

1238 1812 1405 1844 Tei-visino,
1431 1816 1632 1845 contraxerat,
1657 1817 1685 1839 et
1706 1821 1779 1846 quae
1806 1813 1943 1847 denique,
1965 1815 2002 1841 ab
2021 1815 2120 1841 eodem
2145 1816 2243 1843 milite

1238 1861 1356 1894 rejecta.
1383 1860 1567 1894 praedictum
1588 1861 1750 1887 Henricum
1775 1870 1861 1895 super
1886 1862 1953 1889 dote
1973 1871 2035 1894 sua,
2057 1872 2143 1896 quam
2166 1864 2242 1898 ipsa.

1238 1918 1303 1936 cum
1320 1909 1469 1943 praedicto
1483 1909 1638 1936 Manfredo
1657 1910 1708 1936 diu
1724 1918 1856 1937 manens.
1872 1915 2103 1945 consumpserat.
2121 1916 2180 1939 tam
2197 1921 2242 1939 co-

1238 1966 1300 1984 ram
1317 1957 1603 1990 divcrsisjudicibus
1622 1966 1708 1991 quam
1724 1966 1819 1984 coram
1840 1959 1913 1985 duce
1924 1959 2104 1986 Venetorum
2122 1961 2243 1994 ejusque

1237 2006 1387 2039 judicibus
1403 2005 1605 2039 inquietabat;
1623 2006 1650 2032 ei
1668 2006 1788 2033 mandat
1805 2011 1949 2040 quatenus
1965 2007 2075 2034 eisdem
2092 2008 2242 2041 judicibus

1238 2055 1373 2081 inhibeat
1389 2063 1440 2086 nc,
1457 2055 1608 2081 occasione
1625 2055 1790 2081 litterarum
1808 2056 2034 2089 apostolicarum
2051 2057 2088 2083 ad
2099 2057 2176 2090 ipsos
2191 2066 2241 2091 μ’.)

1239 2103 1339 2129 eadem
1358 2103 1481 2129 muliere
1496 2102 1694 2133 obtentarum.
1709 2103 1743 2129 ad
1756 2103 1972 2131 restitutionem
1988 2104 2063 2132 dotis
2076 2105 2242 2138 praedictae

1238 2151 1392 2178 Nicoletae
1412 2156 1513 2177 contra
1530 2151 1712 2185 praedictum
1730 2151 1893 2178 Henricum
1912 2152 2085 2186 procedant:
2107 2154 2240 2181 eamdem

1240 2199 1406 2230 mulierem,
1419 2208 1492 2233 quae
1501 2199 1635 2225 Venetiis
1645 2199 1738 2226 vitam
1752 2200 1925 2227 dissolutam
1939 2200 2074 2233 ducebat,
2085 2203 2240 2235 compellat

1239 2248 1274 2274 ad
1303 2248 1538 2274 observationem
1570 2248 1630 2274 voti
1663 2248 1866 2280 continentiae
1899 2248 1935 2275 ab
1966 2249 2031 2283 ipsa
2059 2250 2174 2277 emissi.
2211 2265 2243 2268 —

1240 2297 1326 2327 (Rea.
1338 2296 1380 2324 19.
1403 2298 1421 2322 f.
1437 2297 1452 2321 ἴ)
1467 2300 1503 2323 r':
1522 2304 1591 2322 ann.
1605 2296 1671 2323 XII.
1687 2308 1711 2322 c.
1728 2297 1785 2326 28.)

1282 2410 1294 2424 (ι
1317 2420 1336 2426 ..
1353 2399 1486 2435 episcopo
1505 2398 1645 2426 Cicilatis
1665 2399 1755 2426 Noe-e.
1781 2397 1928 2427 Dilectus
1950 2398 2038 2427 iilius
2057 2398 2177 2428 nobilis
2194 2400 2246 2428 ’vir

1239 2450 1404 2480 Henricus
1437 2450 1588 2479 Dandulo
1619 2449 1658 2480 de
1690 2450 1840 2479 Venetiis
1872 2459 1931 2479 sua
1960 2451 2055 2480 nohis
2086 2452 2245 2488 poetitionv·

1240 2503 1432 2532 monstravit
1451 2502 1546 2541 quod.
1569 2511 1642 2532 cum
1659 2503 1737 2531 olim
1754 2502 1904 2532 Nic-oleta
1921 2502 2050 2533 mulier.
2071 2509 2140 2541 post
2161 2513 2244 2533 rnor-

1240 2560 1303 2585 tcm
1321 2555 1485 2593 qnondam
1506 2556 1555 2584 Ρ..
1580 2555 1709 2584 comitis
1735 2555 1944 2589 Absarensis,
1964 2555 2027 2584 viri
2049 2556 2112 2585 sni.
2136 2557 2243 2593 primo

1238 2608 1272 2637 in
1300 2607 1382 2637 bone
1408 2607 1564 2637 memorie
1589 2630 1608 2635 ..
1636 2606 1816 2637 Castellani
1840 2607 1984 2645 episcopi
2009 2611 2038 2637 et
2064 2607 2181 2638 deinde
2207 2608 2240 2637 in

1240 2661 1362 2690 nostris
1374 2660 1540 2695 manibus,
1553 2660 1641 2688 dnm.
1658 2660 1690 2688 in
1705 2660 1824 2688 minori
1841 2660 1947 2689 officio
1961 2661 2142 2689 constituti.
2157 2660 2241 2698 lega-

1240 2713 1340 2743 tionis
1357 2712 1463 2742 officio
1479 2712 1513 2741 in
1535 2712 1602 2741 illis
1623 2712 1772 2750 partibus
1791 2712 2015 2749 fungeremur.
2037 2716 2146 2741 votum
2164 2721 2240 2742 con—

1241 2765 1380 2795 tinentie
1407 2764 1634 2802 sollempniter
1660 2764 1836 2795 emisisset,
1866 2773 1901 2793 ac
1924 2764 2141 2802 postmodnm.
2170 2765 2241 2793 dia-

1241 2818 1313 2848 bolo
1327 2818 1518 2856 instigante,
1531 2822 1685 2855 suggesto
1699 2817 1807 2847 felicis
1821 2817 2239 2856 recordationisfflonorio]

1239 2879 1332 2910 pape.
1349 2870 1575 2909 predecessori
1594 2874 1716 2899 nostro.
1735 2869 1821 2907 quod
1840 2877 1905 2898 non
1924 2873 2020 2904 esset,
2041 2869 2107 2898 voti
2126 2869 2240 2899 emissi

1241 2928 1396 2962 tempore,
1415 2931 1494 2953 sane
1515 2922 1647 2959 mentis,
1665 2921 1860 2960 apostolicas
1882 2930 1980 2959 snper
1999 2920 2060 2951 hoc
2081 2921 2122 2950 ad
2143 2930 2242 2951 venc-
