2423 3487
102 313 155 341 ⁴:37,
820 312 1057 342 REGls'rREs
1080 311 1134 340 DE
1157 305 1377 341 GREGOIRE
1402 313 1459 342 tx.
1502 334 1505 336 .
2130 316 2186 346 [336

101 387 137 407 co
154 382 296 415 tempore
313 378 500 411 utebantur,
519 388 582 416 11110
603 388 719 415 ¹grmrra
736 379 806 416 ipsa
823 379 910 407 inter
927 387 980 407 eos
995 382 1023 406 et
1041 386 1096 405 vos

99 432 203 459 suerat
219 431 381 459 inchoata.
396 431 477 461 Cum
491 436 598 460 autem
613 441 726 469 parere
744 436 895 469 precepto
909 430 1096 468 hujusmodi

98 483 234 511 minime
251 483 443 513 curassetis.
462 483 548 512 idem
565 483 692 520 legatus
712 484 745 512 in
764 484 903 512 vicarios
923 485 973 512 Α..
993 491 1097 520 1111011-

97 534 168 563 1111111
187 535 356 571 potestatis
374 539 492 567 vestre,
511 539 586 563 tunc
609 535 641 563 111
660 540 770 564 nostra
791 535 955 572 presentia
970 534 1096 562 consis-

99 587 206 616 tentis.
226 592 253 616 et
273 587 306 615 in
324 591 426 616 totum
439 592 545 617 vestre
562 588 705 617 civitatis
723 588 897 616 consilium
916 596 1096 616 excommu-

96 640 272 669 nicationis
302 640 500 669 sententiam
535 640 769 678 promulgavit,
801 639 1030 669 comminando
1063 648 1096 668 se

95 697 206 721 contra
234 701 288 721 vos
315 693 429 722 durius
453 702 699 730 processurum.
729 693 754 722 si
780 693 905 722 diutius
930 693 963 721 in
988 696 1096 721 vestra

95 745 215 773 tiluritia
233 745 425 774 durassetis.
447 746 583 775 Deinde.
603 746 694 774 vohis
713 745 944 774 accedentibus
962 745 999 773 ad
1018 744 1095 773 dicti

94 797 192 833 legati
212 798 411 834 presentiam
431 802 462 826 et
486 798 792 835 interpretationem
813 798 931 835 prefati
953 797 1095 835 precepti

94 849 298 886 petentibus,
318 850 387 887 ipse
411 849 492 878 illud
517 850 576 879 suit
598 850 834 887 interpretatus
856 850 915 879 1100
932 850 1042 884 1110110,
1061 854 1096 878 ut

93 902 244 931 videlicet
270 911 324 930 vos
346 902 542 931 amoveretis
565 902 602 931 de
629 902 726 931 <lictis
750 902 830 932 10015
852 912 965 932 01111105
988 907 1096 940 potes-

95 958 193 984 tates.
212 954 354 987 balivos,
373 954 611 984 castaldiones.
633 959 663 985 et
679 955 878 992 generaliter
896 964 1010 985 omnes
1027 955 1097 984 offi-

94 1006 193 1035 ciales
210 1016 290 1044 111105
307 1006 480 1036 habebatis
495 1007 528 1035 111
546 1007 626 1043 11115,
649 1017 855 1046 quocumque
873 1008 1097 1037 1101111000οΠ-

305 1064 335 1089 et
372 1063 448 1089 tunc
488 1060 594 1089 dictus
632 1061 803 1098 episcopus
837 1060 1098 1098 apprehenderet

92 1112 336 1150 possessionem
356 1117 386 1142 et
404 1113 511 1151 quasi,
530 1122 628 1151 quam
645 1117 788 1151 tempore
805 1113 958 1143 inchoate
980 1122 1096 1151 guerre

93 1063 245 1088 serentur
260 1069 266 1093 ς

91 1166 125 1194 111
143 1166 266 1195 eisdem
286 1165 438 1200 habebat,
458 1167 642 1204 questione,
666 1167 694 1195 si
713 1176 775 1205 qua
797 1167 872 1196 inde
890 1167 1096 1204 postmodum

91 1218 366 1251 01·11·0[111·,001·11111
384 1219 454 1256 ipso
471 1219 577 1256 legato
594 1219 643 1249 vel
662 1220 732 1258 ejus
752 1220 879 1249 nuntio.
897 1229 954 1249 seu
973 1220 1096 1249 arbitro

91 1271 193 1301 electo
216 1272 435 1301 communiter
456 1272 655 1301 ventilanda.
684 1272 773 1302 Licet
796 1277 905 1302 autem
928 1273 1014 1302 dicta
1040 1282 1096 1310 po-

92 1328 203 1358 testas,
238 1333 301 1362 11110
333 1324 466 1353 interim
498 1334 516 1353 a
545 1325 712 1362 presentia
744 1330 856 1354 nostra
886 1326 1043 1359 redierat,
1078 1336 1095 1355 a

90 1380 300 1414 procuratore
333 1376 438 1414 ipsius
470 1377 613 1415 episcopi
647 1377 806 1415 requisita
836 1382 944 1407 utrum
976 1378 1092 1412 vellet,

85 1430 177 1468 juxta
194 1429 500 1466 interpretationem
515 1429 621 1467 ipsius
641 1429 750 1467 legati,
770 1430 833 1459 sibi
851 1431 1093 1468 possessionem

89 1482 264 1511 restituere
277 1482 488 1515 antedictam,
500 1483 723 1520 respondisset
733 1483 818 1521 quod
827 1493 883 1521 pro
894 1493 931 1513 ea
943 1484 1095 1513 facienda

88 1534 275 1565 Conradum
290 1534 328 1564 de
346 1534 495 1567 Albanis,
511 1535 655 1573 judicem
672 1540 701 1565 et
717 1545 918 1566 assessorem
932 1546 1039 1568 suum.
1054 1537 1094 1566 ad

88 1587 158 1617 loca
181 1588 317 1617 miserat
340 1588 523 1623 antedicta,
548 1593 578 1618 et
598 1589 770 1626 episcopus
791 1589 861 1627 ipse
886 1594 1016 1628 propter
1032 1590 1093 1619 hoc

88 1641 127 1670 ad
151 1640 220 1670 loca
237 1641 349 1670 eadem
374 1642 567 1671 accessisset
591 1652 597 1670 :
623 1642 693 1679 ipso
711 1647 819 1672 tamen
839 1643 989 1673 Conrado
1013 1644 1093 1673 osfe-

88 1698 180 1723 rente
208 1693 271 1723 sibi
299 1693 385 1722 dicto
414 1694 675 1731 possessionem.
707 1696 792 1724 facto
822 1700 930 1725 autem
960 1697 1092 1734 penitus

89 1746 290 1783 denegante,
317 1746 404 1776 idem
432 1747 605 1785 episcopus
633 1748 731 1777 rediit
754 1748 888 1777 omnino
906 1758 961 1786 spe
983 1758 1042 1778 sua
1058 1749 1091 1777 111

88 1799 149 1827 hac
168 1803 258 1836 parte
275 1799 457 1829 fraudatus.
484 1800 578 1830 Unde
599 1800 742 1837 legatus,
769 1805 881 1830 contra
901 1810 956 1830 vos
976 1811 1092 1839 aggra-

89 1860 168 1881 vans
195 1860 329 1881 manum
355 1861 464 1887 suam,
494 1857 688 1890 potestatem
712 1858 743 1883 et
766 1854 942 1883 consilium
972 1855 1091 1884 iterum

86 1905 217 1935 vinculo
234 1906 584 1935 excommunicationis
597 1906 780 1935 astrincxit.
798 1916 855 1936 nec
872 1916 935 1936 non
949 1908 1089 1946 judices,

88 1958 281 1988 tabelliones
309 1963 339 1988 et
367 1958 543 1993 officiales,
574 1968 610 1988 ac
643 1959 808 1997 quoslibet
836 1959 917 1989 alios
946 1960 1091 1990 civitatis

87 2014 216 2043 Pisane.
231 2014 287 2052 qui
300 2013 391 2042 vobis
405 2014 438 2042 in
452 2013 510 2043 hoc.
524 2018 708 2051 prestarent
726 2015 913 2050 consilium,
931 2016 1090 2045 auxilium

87 2067 137 2095 vel
155 2068 312 2101 favorem,
330 2067 394 2096 nisi
409 2076 513 2105 usque
531 2067 570 2096 ad
583 2068 703 2097 festum
721 2068 876 2097 Omnium
895 2070 1090 2099 Sanctorum

86 2120 232 2157 proximo
252 2124 327 2148 tunc
345 2124 535 2153 venturum,
554 2121 797 2158 possessionem
820 2121 981 2150 dictorum
1006 2122 1090 2151 loco-

87 2182 170 2201 rum.
191 2172 283 2210 juxta
307 2172 612 2210 interpretationem
630 2173 833 2211 jamdictam.
860 2174 1091 2205 restituissetis

88 2226 238 2263 episcopo
265 2225 471 2263 supradiet03
498 2235 650 2263 expresso
676 2227 760 2264 quod
786 2227 835 2255 illi
858 2227 929 2265 11111,
953 2228 1090 2257 durante

88 2278 276 2316 hujusmodi
300 2279 524 2313 contumacia,
554 2279 645 2308 vobis
674 2280 885 2309 succederent
910 2281 943 2309 in
967 2282 1090 2311 eisdem

88 2331 218 2364 officiis,
243 2331 314 2368 ipso
340 2331 425 2359 sacto
450 2331 580 2360 vinculo
605 2336 714 2361 essent
740 2333 1089 2364 excommunicationis

88 2383 226 2412 astricti.
252 2384 358 2420 Ipsam
382 2392 511 2421 1111011110
535 2384 701 2413 civitateui
724 2384 947 2414 ecclesiastico
971 2395 1090 2424 suppo-

87 2435 153 2464 suit
178 2435 372 2469 interdicto,
400 2435 584 2465 districtius
610 2436 791 2465 inhibendo
819 2446 859 2467 ne
884 2438 1016 2467 interim
1043 2439 1089 2468 1111

87 2487 309 2517 celebraretur
330 2487 463 2525 aliquod
481 2488 628 2517 divinum
646 2489 789 2517 otiicium
807 2490 856 2518 vel
879 2490 1090 2521 exhiberetur

87 2540 348 2569 ecclesiasticum
370 2545 628 2570 sacramentum.
649 2542 791 2579 exceptis
813 2542 978 2572 dumtaxat
997 2545 1089 2581 peni-

86 2593 199 2623 tentiis
213 2593 424 2622 morientium
441 2598 471 2623 et
483 2593 738 2631 baptismatibus
751 2595 972 2632 parvulorum.
990 2598 1089 2627 Porro

86 2646 258 2683 episcopus
275 2646 356 2683 ipse,
375 2646 588 2676 considerans
606 2647 691 2684 1111011
706 2656 774 2676 vos.
792 2648 970 2685 predictam
991 2650 1089 2679 inter-

85 2698 302 2736 pretationem
317 2707 373 2736 pro
387 2702 492 2728 vestre
508 2698 685 2728 voluntatis
701 2700 838 2729 arbitrio
851 2706 1086 2738 pervertentes,

84 2751 259 2781 manifeste
278 2751 458 2780 illuseratis
476 2751 592 2787 eidem,
613 2753 705 2789 petiit
720 2762 737 2781 a
755 2753 860 2790 legato
875 2758 907 2782 ut
926 2754 1088 2792 interpre-

84 2804 241 2833 tationem
262 2804 368 2841 ipsam
393 2804 539 2841 apertius
561 2805 759 2840 declararet;
783 2806 859 2844 11111,
885 2816 954 2835 011111
979 2807 1087 2837 decla-

84 2856 196 2890 rando,
215 2856 375 2893 expressit
397 2857 482 2894 quod
504 2857 574 2896 ejus
598 2858 795 2887 intentionis
815 2863 884 2887 erat
910 2864 940 2888 et
962 2860 1083 2891 suerat.

83 2913 128 2941 ut,
148 2908 231 2937 sicut
250 2908 333 2937 nulli
349 2909 437 2938 cives
456 2909 580 2944 Pisani,
600 2910 649 2940 vel
669 2910 773 2948 aliqui
789 2920 846 2948 pro
863 2911 921 2946 eis,
942 2917 1035 2941 erant
1051 2913 1085 2941 in

84 2961 201 2990 castris
233 2961 390 2999 predictis
421 2966 496 2992 ante
526 2972 678 3000 guerram
709 2964 893 3002 inceptam,
926 2965 973 2993 ita
1002 2965 1085 2994 nulli

1180 382 1389 407 remanerent
1422 378 1455 407 in
1485 379 1573 409 illis,
1609 379 1665 409 sed
1696 379 1908 410 dimitteretis
1938 381 2000 418 ipsi
2033 381 2185 420 episcopo

1180 429 1423 465 possessionem
1437 439 1547 459 eorum
1560 435 1588 460 et
1599 431 1874 468 pertinentiarum
1886 442 2021 462 suarum
2033 433 2183 468 liberam,

1180 490 1315 510 vacuam
1334 487 1363 511 et
1382 483 1571 520 pacificam,
1593 484 1678 513 sicut
1699 489 1774 514 ante
1794 484 1954 518 habebat,
1978 485 2067 515 salvo
2092 486 2184 516 vobis

1177 534 1261 572 jure,
1281 534 1307 562 si
1326 535 1412 572 quod
1429 535 1602 565 habebatis
1623 536 1656 564 in
1675 536 1759 571 illis;
1779 537 1825 566 ita
1843 542 1949 567 tamen
1968 538 2054 576 quod
2067 537 2185 577 hujus-

1179 587 1334 625 modijus
1357 588 1499 618 retinere
1522 588 1571 618 vel
1591 589 1785 619 auctoritate
1807 594 1915 619 vestra
1939 591 2184 628 apprehendere

1179 639 1316 668 minime
1333 639 1508 669 deberetis.
1534 641 1602 670 Nos
1630 650 1722 674 vero,
1744 642 1839 680 quia.
1865 643 2046 672 sententias
2067 643 2184 681 hujus-

1180 691 1266 720 modi
1303 692 1560 730 dampnabiliter
1596 698 1886 732 contempnentes,
1921 695 1960 724 ad
1993 695 2183 725 mandatum

1179 743 1325 773 Ecclesie
1341 745 1449 774 redire
1471 746 1607 775 minime
1625 746 1808 778 curabatis.
1836 747 1874 776 ad
1892 748 2083 785 petitionem
2105 748 2184 778 dicti

1179 796 1322 835 episcopi
1346 798 1491 835 prefatas
1515 799 1698 828 sententias
1720 799 1927 830 decrevimus
1948 800 2181 835 observandas.

1180 853 1209 878 et
1226 858 1281 879 eas
1297 850 1419 880 litteris
1435 851 1624 889 apostolicis
1647 853 1877 882 mandavimus
1896 862 2001 892 usque
2024 853 2064 882 ad
2085 854 2183 884 satis-

1179 903 1357 932 factionem
1387 904 1584 941 condignam
1617 905 1857 935 inviolabiliter
1886 906 2074 939 observari,
2108 916 2183 945 pro-

1179 964 1308 985 cessum
1344 956 1545 986 venerabilis
1583 957 1694 987 fratris
1732 958 1836 987 nostri
1871 958 2048 998 Pand[ulti]
2063 983 2069 994 ,
2106 960 2182 989 Pac-

1180 1008 1283 1037 tensis
1303 1009 1459 1047 episcopi,
1476 1014 1554 1039 tunc
1568 1011 1688 1040 notarii
1702 1011 1817 1045 nostri,
1833 1020 1931 1049 super
1946 1011 2008 1041 1100
2020 1011 2181 1047 habitum,

1179 1062 1312 1090 irritum
1338 1062 1537 1101 judicantes.
1572 1064 1740 1099 Ceterum,
1775 1068 1945 1101 sperantes
1977 1065 2182 1102 postmodum

1180 1115 1266 1153 quod
1283 1124 1319 1144 eo
1336 1115 1496 1145 libentius
1519 1116 1685 1145 mandatis
1709 1117 1870 1146 curaretis
1894 1117 2084 1155 apostolicis
2106 1118 2184 1148 ohe-

1179 1167 1260 1201 dire,
1282 1177 1346 1206 11110
1368 1168 1539 1198 vobiscum
1565 1168 1744 1206 benignius
1767 1178 1957 1206 ageremus,
1984 1170 2088 1200 dictas
2107 1180 2183 1201 sen-

1180 1221 1300 1250 tentias
1324 1220 1362 1250 de
1385 1221 1482 1251 solita
1505 1222 1693 1259 Apostoliee
1717 1222 1811 1252 Sedis
1834 1222 2011 1252 clementia
2029 1223 2183 1254 duximus

1179 1272 1384 1303 relaxandas.
1406 1274 1468 1303 Sed
1488 1283 1556 1309 vos,
1574 1275 1735 1312 patientia
1755 1279 1867 1304 nostra
1881 1275 1991 1305 minus
2006 1276 2184 1314 prudenter

1179 1326 1284 1361 abusi,
1304 1327 1448 1364 predicta
1466 1332 1573 1357 castra
1586 1327 1723 1358 ecclesie
1741 1329 1872 1358 Lucane
1886 1329 2072 1363 restituere,
2086 1329 2183 1367 longo

1179 1380 1338 1417 expectat-i
1356 1384 1511 1417 tempore,
1531 1389 1596 1409 non
1613 1381 1767 1410 curastis.
1782 1381 1876 1411 Unde
1891 1381 1997 1410 dictus
2010 1382 2183 1420 episcopus

1178 1442 1196 1461 a
1216 1433 1310 1462 nobis
1328 1442 1401 1462 cum
1422 1434 1582 1462 instantia
1603 1433 1790 1471 postulabat
1811 1438 1861 1468 ut,
1889 1443 1961 1463 cum
1982 1435 2090 1464 effluxi
2109 1435 2183 1465 diu-

1179 1485 1320 1514 turnitas
1338 1486 1494 1523 temporis
1511 1486 1554 1515 sit
1576 1486 1753 1524 disciplina
1776 1486 1912 1516 evidens
1934 1487 2180 1526 subsequentis,

1177 1547 1243 1573 vos,
1264 1538 1301 1567 de
1319 1538 1440 1576 quibus
1454 1539 1579 1568 frustra
1595 1543 1746 1576 speratur
1763 1543 1797 1568 ut
1814 1545 1928 1577 sponte
1946 1540 1985 1569 ad
2002 1549 2057 1569 cor
2074 1541 2182 1571 redire

1177 1591 1315 1626 curetis,
1342 1600 1400 1620 nec
1422 1600 1487 1620 11011
1510 1591 1657 1630 judices,
1684 1592 1878 1622 tabelliones
1901 1598 1932 1622 et
1950 1593 2124 1630 officiales,
2145 1604 2182 1624 ac

1176 1644 1341 1682 quoslibet
1355 1644 1437 1673 alios
1450 1644 1594 1674 civitatis
1607 1649 1723 1680 vestre,
1745 1645 1802 1683 qui
1817 1645 1909 1675 vobis
1926 1646 1960 1674 in
1978 1646 2038 1676 hoc
2054 1651 2181 1684 presta-

1176 1701 1249 1726 rent-
1266 1697 1454 1731 consilium,
1471 1697 1631 1727 auxilium
1652 1697 1701 1727 vel
1719 1698 1874 1734 favorem,
1895 1698 1930 1727 in
1949 1699 2109 1736 pristinas
2126 1709 2181 1729 ex-

1176 1750 1488 1780 communicationis
1514 1755 1544 1780 et
1567 1751 1735 1780 civitatem
1765 1755 1908 1781 vestram
1936 1752 2106 1782 interdicti
2129 1762 2180 1782 re-

1176 1803 1250 1833 duci
1281 1804 1464 1833 sententias
1495 1804 1739 1834 mandaremus.
1774 1805 1841 1834 Nos
1873 1810 2002 1841 autem,
2038 1807 2180 1844 experiri

1176 1856 1322 1886 volentes
1333 1866 1374 1885 an
1386 1858 1452 1886 Deo
1463 1861 1493 1886 et
1503 1856 1649 1887 Ecclesie
1664 1857 1841 1887 studeretis
1854 1858 2046 1888 satisfacere
2057 1868 2114 1897 per
2124 1868 2181 1888 vos

1174 1909 1275 1946 ipsos,
1294 1909 1387 1939 vobis
1403 1910 1526 1939 nostris
1540 1909 1690 1939 dedimus
1702 1910 1823 1940 litteris
1840 1911 1874 1939 in
1892 1911 2067 1946 mandatis,
2081 1912 2180 1942 certis

1175 1971 1274 2000 super
1290 1962 1350 1992 hoc
1370 1962 1535 2000 deputatis
1552 1963 1782 1997 monitoribus,
1803 1968 1848 1997 ut,
1866 1963 2061 2001 diligentius
2078 1969 2180 1994 atten-

1174 2015 1289 2045 dentes
1306 2020 1466 2054 quantum
1483 2025 1519 2045 ex
1539 2015 1761 2053 predictorum
1778 2020 1962 2046 castrorum
1977 2017 2178 2053 detentione,

1175 2078 1247 2098 cum
1266 2069 1332 2099 sint
1346 2069 1432 2107 juris
1450 2068 1606 2104 Ecclesie,
1627 2069 1773 2098 divinam
1791 2074 1904 2099 contra
1922 2078 1979 2099 vos
1995 2070 2180 2108 provocetis

1174 2123 1350 2155 offensam,
1375 2126 1454 2160 quot
1478 2122 1577 2152 etiam
1602 2122 1718 2152 exinde
1743 2122 1871 2151 civitati
1891 2122 2012 2153 Pisane
2032 2123 2180 2161 pericula

1174 2175 1305 2205 valeant
1323 2175 1466 2210 evenire,
1486 2180 1594 2205 castra
1610 2175 1692 2213 ipsa,
1711 2184 1785 2204 cum
1804 2175 1903 2211 villis,
1918 2176 2051 2214 juribus
2068 2180 2179 2214 etper-

1176 2229 1326 2258 tinentiis
1354 2228 1439 2259 suis.
1465 2229 1557 2267 juxta
1586 2233 1792 2266 preceptum,
1816 2229 2124 2267 interpretationem
2148 2233 2180 2258 et

1173 2282 1429 2311 declarationem
1449 2282 1605 2319 predicta,
1627 2281 1724 2311 dictis
1742 2282 1880 2312 ecclesie
1897 2287 1928 2311 et
1944 2282 2097 2320 episcopo
2113 2283 2178 2312 Lu-

1173 2335 1290 2372 can[is]
1306 2334 1354 2364 vel
1373 2335 1459 2373 ejus·
1481 2335 1684 2372 procuratori
1702 2335 1877 2365 restituere
1894 2335 2018 2373 absque
2037 2335 2178 2365 difficul-

1174 2392 1237 2417 tate
1255 2388 1402 2426 qualibet
1419 2387 1595 2417 deberetis.
1614 2387 1692 2421 Sed,
1718 2392 1753 2417 ut
1773 2388 1996 2425 experimento
2014 2388 2176 2423 videmus,

1174 2450 1241 2470 vos,
1262 2450 1320 2471 nee
1337 2441 1375 2470 ad
1393 2442 1496 2471 Deum
1517 2441 1753 2475 reverentiam,
1770 2450 1829 2470 nec
1848 2441 2036 2470 animarum
2051 2445 2178 2471 vestra-

1174 2504 1245 2524 rum
1277 2494 1417 2524 salutem
1447 2494 1606 2523 habentes
1633 2494 1667 2522 in
1697 2493 1808 2532 aliquo
1836 2495 2114 2527 commendatam,
2146 2498 2178 2524 et

1174 2549 1277 2585 gratie
1296 2552 1406 2577 nostre
1428 2556 1484 2576 vos
1508 2547 1682 2576 reddentes
1705 2547 1865 2585 ingratos,
1884 2547 2044 2585 patientia
2064 2552 2178 2577 nostra

1174 2607 1202 2631 et
1221 2601 1421 2630 monitorum
1439 2600 1574 2629 monitis
1591 2599 1780 2637 vilipensis,
1799 2600 1832 2628 id
1853 2600 1961 2629 facere
1981 2609 2044 2629 non
2062 2609 2176 2630 curas-

1175 2656 1226 2689 tis,
1246 2655 1330 2683 sicut
1350 2653 1530 2682 monitores
1553 2652 1691 2690 predicti
1711 2652 1806 2682 nobis
1823 2652 1893 2682 suis
1908 2652 2029 2682 litteris
2046 2653 2174 2691 signifi-

1173 2717 1245 2737 care
1270 2710 1438 2736 curarunt.
1466 2705 1579 2739 Unde,
1607 2714 1681 2734 cum
1701 2705 1861 2734 hactenus
1883 2705 2015 2734 Lucana
2036 2705 2177 2736 ecclesia

1173 2766 1237 2791 tam
1259 2771 1276 2789 a
1302 2760 1381 2789 tiliis
1409 2759 1550 2797 propriis
1575 2767 1673 2796 quam
1699 2758 1738 2787 ab
1766 2757 1885 2787 alienis
1909 2758 2010 2788 fuerit.
2030 2759 2176 2796 graviter

1172 2813 1373 2845 conculcata,
1398 2804 1458 2841 nec
1476 2811 1616 2840 ulterius
1634 2810 1702 2848 pati
1727 2810 1891 2848 possimus
1908 2815 1943 2840 ut
1960 2820 1978 2840 a
1999 2811 2103 2847 vobis,
2123 2812 2175 2841 vel

1173 2866 1313 2896 Lucanis
1335 2874 1393 2895 seu
1415 2864 1490 2894 aliis
1511 2863 1725 2901 opprimatur,
1746 2863 1877 2893 eosdem
1899 2864 2049 2894 Lucanos
2071 2868 2107 2894 ut
2125 2864 2174 2894 ei-

1203 2973 1220 2996 1⁴
1240 2971 1422 2996 C'est-asdire
1439 2978 1444 2994 :
1463 2971 1589 2999 ejusdem
1607 2971 1741 2998 episcopi.
