2519 3518
114 277 153 306 77
952 267 1181 307 NEUVIEME
1203 268 1360 306 ANNEE.
2159 282 2196 311 73

115 341 250 371 sitionis
267 341 445 379 negotium,
464 350 562 380 super
578 350 615 371 eo
629 341 716 380 quod
732 341 852 371 hahere
869 341 985 375 filium,
1002 341 1118 370 incon-

117 392 258 423 tinentie
280 402 338 423 sue
362 397 494 429 testem,
519 397 550 424 et
570 393 694 424 electus
716 394 827 424 minus
850 394 1007 424 canonice
1029 393 1118 423 dice-

117 445 225 480 batur,
255 445 398 476 vidimus
425 446 666 485 injungendum
692 451 871 485 quatenus,
902 447 929 476 si
957 446 1119 484 premissa

118 496 230 527 taliter
257 507 291 528 se
318 497 489 533 haberent,
515 499 586 538 ejus
613 499 772 529 electione
798 503 937 534 cassata,
965 498 1118 529 faceretis

117 549 205 580 dicto
219 551 421 581 monasterio
438 551 476 581 de
488 560 627 590 persona
643 551 761 582 idonea
772 551 953 590 provideri,
971 550 1118 589 alioquin

119 601 314 633 electionem
329 603 570 634 confirmaretis
589 604 737 638 eandem,
755 604 783 634 si
801 604 958 634 canonice
974 603 1119 633 celebra-

119 659 187 685 tam
205 655 244 686 de
259 664 400 694 persona
415 656 533 686 idonea
546 657 714 687 videretis.
729 657 777 687 Tu
789 666 875 691 vcro,
893 657 1004 691 abbas.
1023 666 1119 695 quem

117 707 334 738 credebamus
347 713 383 738 ut
395 709 519 738 animal
537 709 713 744 oculatum,
733 709 784 739 vel
800 710 881 740 recti
897 709 1039 747 speciem
1055 718 1119 739 non

119 768 216 798 posse
232 760 392 798 decipere,
414 761 587 799 presertim
605 770 678 791 eum
697 762 743 791 sis
760 762 885 800 peritus
903 762 1036 800 injure,
1056 766 1119 791 tam

120 812 236 850 inique
253 812 286 842 in
304 813 416 843 eodem
432 813 562 851 negotio
581 823 655 843 cum
673 814 818 852 predicto
834 814 958 851 collega
976 818 1029 843 tuo
1048 822 1121 852 pro-

118 865 262 895 cessisse
279 866 506 902 convinceris‚
527 870 562 896 ut
582 867 633 895 vix
652 867 799 901 veniam,
819 867 883 896 nisi
901 867 999 904 digna
1019 867 1122 896 inter-

121 918 214 948 cedat
225 918 419 952 satisfactio,
434 919 592 948 merearis
606 920 626 947 ¹.
639 920 731 949 Patet
745 928 781 949 ex
795 919 1012 958 inquisitione
1024 927 1121 957 quam

123 970 218 999 nobis
230 970 360 1000 subtus)
373 970 484 1007 sigillo
495 971 628 1006 misisti,
644 972 730 1010 quod
747 977 810 1001 tam
827 972 865 1001 de
882 971 1122 1000 incontinentie

122 1023 202 1052 vitio
219 1031 316 1061 quam
333 1023 371 1052 de
391 1027 482 1058 nato,
500 1023 557 1062 qui
576 1028 701 1061 patrem
717 1024 851 1053 vocabat
869 1023 1026 1053 eundem.
1048 1027 1122 1052 ante

122 1075 208 1105 hanc
224 1075 418 1105 electionem
435 1076 757 1110 sue1·atinsamatus;
781 1080 811 1105 et
829 1075 928 1105 svmcl
947 1075 1122 1105 amotionis

121 1136 219 1166 passo
240 1128 412 1166 repudium
436 1129 613 1159 earundem
639 1138 717 1158 cura
740 1128 900 1157 committi
925 1137 990 1158 non
1011 1127 1124 1157 debuit

121 1181 321 1211 animarum.
346 1181 411 1211 Sed
427 1190 532 1220 usque
553 1181 633 1211 adeo
651 1185 764 1211 contra
782 1182 887 1211 Deum
911 1180 1055 1210 delatum
1076 1184 1123 1210 est

122 1232 262 1269 homini,
278 1233 374 1272 quod,
390 1234 426 1262 in
439 1233 646 1264 ordinatione
661 1234 765 1264 nostri
778 1233 945 1263 mandati²
958 1232 1122 1271 specialis,

124 1285 305 1316 attendisse
314 1285 482 1324 popularis
494 1295 572 1316 aure
584 1286 707 1321 ilatum,
720 1286 921 1324 et-quoddam
934 1285 1122 1323 temporale,

122 1337 220 1376 quasi
244 1346 302 1376 pro
317 1338 518 1367 monasterio
533 1337 750 1371 commodum,
771 1337 947 1376 protulisse
965 1337 1125 1367 videmini

123 1389 229 1428 pretio
245 1390 441 1419 animarum.
466 1390 551 1426 Quia
570 1390 672 1428 igitur
689 1395 838 1420 nostrum
857 1391 924 1429 jam
941 1389 1125 1428 p'ericulum

124 1442 259 1480 respicit
280 1451 376 1471 omne
397 1442 484 1480 quod
504 1451 522 1472 a
538 1442 696 1481 subJectis
712 1442 928 1481 delinquitur,
949 1443 977 1472 si
996 1451 1015 1471 a
1031 1442 1126 1472 nohis

120 1494 291 1532 cognitum
309 1494 496 1532 negligatur
509 1512 556 1531 -,
573 1495 779 1525 devotionem
796 1499 940 1525 vestram
954 1504 1126 1525 monemus

123 1550 155 1577 et
175 1547 380 1585 presentium
403 1548 598 1578 auctoritate
620 1548 769 1578 districte
787 1548 988 1587 precipimus
1011 1552 1126 1586 quate-

125 1608 199 1634 nus,
213 1599 251 1629 ad
263 1600 502 1630 monasterium
514 1604 731 1630 memoratum
743 1599 962 1638 personaliter
973 1600 1127 1629 aeceden-

126 1656 192 1688 tes,
216 1656 248 1682 et
271 1652 378 1682 solum
398 1653 505 1682 Deum
522 1652 682 1683 habentes
703 1662 759 1691 pre
776 1652 899 1687 oculis,
919 1653 1005 1682 sacta
1020 1652 1128 1682 denuo

125 1705 363 1744 inquisitione,
382 1710 496 1735 contra
515 1705 579 1735 loci
602 1705 764 1740 abbatem,
784 1714 882 1744 super
901 1705 1050 1735 articulis
1067 1705 1128 1735 eis-

127 1757 202 1788 dem
220 1762 252 1788 et
267 1757 354 1793 aliis,
370 1762 436 1787 tam
452 1757 666 1788 vehementer
686 1758 864 1787 assumatis
880 1757 985 1787 zelum
1001 1766 1129 1787 correc-

128 1809 229 1840 tionis
252 1814 284 1840 et
305 1819 454 1839 normam
476 1810 687 1840 rectitudinis
708 1815 745 1840 ut
766 1828 814 1844 —,
838 1810 963 1840 ibidem
985 1810 1129 1840 officium

126 1862 341 1897 visitationis,
352 1863 567 1892 correctionis
579 1866 610 1893 et
621 1863 869 1893 reformationis
879 1866 1067 1892 exercentes
1078 1879 1127 1896 —‚

127 1914 310 1953 procuretis
339 1914 374 1943 in
401 1923 485 1944 vena
513 1914 700 1953 pestilentis
722 1924 806 1953 aque
831 1915 998 1953 sapienter
1021 1918 1130 1944 ortum

128 1966 299 2004 languoris
315 1967 462 1997 incidere
475 1971 507 1997 et
523 1967 708 1997 sauciatum
724 1976 841 2005 corpus
856 1967 930 1997 sani
947 1966 1130 2006 adjectione

128 2020 248 2058 capitis
266 2021 458 2055 reformare,
483 2029 540 2055 ne,
563 2020 591 2050 si
614 2024 679 2049 tam
704 2024 816 2058 aperto
835 2020 969 2050 obviare
989 2019 1130 2049 facinori

130 2071 360 2110 neglexeritis,
382 2072 563 2102 videamini
577 2072 647 2111 jam
665 2071 758 2107 illud,
786 2080 851 2101 non
877 2072 949 2101 sine
976 2071 1130 2109 scrupulo

129 2125 299 2155 societatis
323 2124 463 2160 occulte,
492 2125 615 2154 fovere.
641 2124 814 2158 Ceterum,
839 2124 880 2153 ad
902 2132 940 2153 ea
964 2133 1027 2162 que
1056 2132 1131 2162 pre-

128 2178 275 2208 diximus
291 2177 492 2216 exequenda‚
511 2177 674 2212 seculare,
695 2177 724 2207 si
739 2186 875 2207 necesse
892 2177 1054 2213 videritis,
1074 2177 1131 2206 ad-

131 2231 254 2261 vocetis
281 2230 464 2265 brachium,
492 2229 619 2260 nemini
643 2234 734 2259 extra
759 2229 942 2259 claustrum
969 2230 1008 2260 de
1034 2229 1130 2259 bonis

131 2283 326 2314 monasterii
354 2282 531 2321 provisuri.
559 2283 633 2312 Dat.
666 2282 815 2314 Perusii.
845 2282 942 2312 XVII
970 2281 1130 2312 kalendas

127 2336 216 2375 julii,
235 2344 322 2366 anno
338 2344 436 2364 nono.
458 2346 470 2361 n

205 2519 320 2548 282¹

169 2583 292 2617 Maioris
308 2582 447 2609 eeclesiae
463 2584 490 2608 et
506 2580 645 2607 eeclesiae
662 2580 836 2606 Sanctorum
853 2580 1058 2614 Apostolorum
1077 2580 1134 2607 Pe-

134 2632 173 2659 tri
190 2634 219 2659 et
232 2631 368 2658 Andreae
382 2629 655 2657 Padeburnensium
673 2628 855 2662 praepositis,
871 2636 923 2654 nec
937 2636 992 2654 non
1007 2631 1035 2655 et
1050 2628 1135 2655 scho-

722 2518 858 2550 Pei-ome,
872 2517 888 2544 9
902 2518 967 2551 juin
983 2518 1060 2545 1235.

134 2745 171 2769 ait
185 2743 266 2768 tuisse
277 2745 304 2767 la
314 2744 412 2774 phrase
425 2741 600 2772 incompte—te,
615 2746 641 2765 et
656 2741 738 2771 qu'on
751 2741 831 2765 doive
842 2741 892 2764 lire
905 2750 909 2764 :
923 2750 934 2763 α
948 2741 1136 2771 inquisitionis

135 2789 276 2820 negotium
291 2794 375 2818 super
393 2794 425 2811 eo
441 2787 545 2818 quod...
563 2786 714 2811 dicebatur.
731 2787 868 2809 duximus
889 2787 1136 2813 committendum,

131 2836 159 2857 21
176 2833 325 2856 vidimus...
342 2839 364 2860 υ,
381 2838 416 2855 ou
431 2831 548 2861 quelque
564 2830 646 2853 chose
662 2829 832 2859 d'analogue.

168 2878 189 2900 1.
206 2876 243 2900 Le
258 2877 382 2905 Reyistre
397 2877 474 2905 porte
490 2875 634 2902 merearis,
651 2873 755 2903 change
771 2879 803 2896 en
820 2876 969 2897 mereatur.

166 2921 189 2944 2.
204 2923 254 2944 Ms.
271 2929 277 2944 .·
294 2919 461 2943 monasterii.

1199 341 1301 367 lastico
1318 342 1536 370 l‘adeburnensi
1560 345 1679 371 mandat
1700 349 1841 379 quat-eun<
1861 346 1889 372 in
1912 354 1994 372 causa
2014 347 2058 374 L..
2076 355 2195 381 praepo-

1199 388 1248 415 siti
1271 389 1306 415 ‹le
1333 391 1487 424 Itupvsholt
1514 394 1558 423 (τ
1583 393 1761 426 lteepsholt).
1786 394 1858 420 vitiu
1882 394 2023 420 >init-nia·-
2047 395 2195 425 infamati,

1200 445 1273 470 quae
1286 446 1372 465 causa
1387 443 1447 473 pust
1465 441 1562 474 long-»s
1579 449 1726 474 processus
1742 442 1868 468 nondum
1885 446 2014 476 potuerat
2031 443 2195 472 terminari.

1201 488 1368 522 procedant.
1384 504 1415 508 --
1430 490 1515 521 (Hm.
1531 490 1574 523 18,
1593 492 1611 518 f.
1625 492 1657 518 35
1670 496 1713 523 v⁰;
1728 501 1796 518 ann.
1814 493 1864 525 lx,
1880 502 1904 519 e.
1922 493 1988 524 1sr2;
2006 508 2034 511 —
2049 495 2085 519 et.
2101 501 2194 526 supra.

1201 539 1230 561 n⁰
1243 536 1334 567 1365.)

1244 661 1256 675 α
1275 673 1296 678 ..
1318 652 1443 688 majoris
1463 653 1580 681 ecclesie
1602 659 1626 682 cl
1651 676 1669 681 ..
1691 654 1871 682 Sanctarum
1894 656 2097 692 :tlmslolarum
2119 656 2199 684 rra-i

1202 703 1533 741 ez.⁴ncl1·eae,¹p1·ep0si{is‚
1549 710 1574 733 c!
1588 728 1606 733 ..
1622 707 1775 735 scolastico
1788 708 2102 744 l’a'lxta1·n‹·n[s1't›11s].
2116 707 2196 737 Cum

1203 753 1341 784 dilectus
1370 755 1457 785 silius
1489 779 1507 785 ..
1533 757 1620 795 prior
1643 758 1768 787 ordinis
1795 759 1931 788 fratrum
1956 760 2197 789 Pro-‹li‹·.¹=torun1

1204 807 1405 842 Bremensis,
1430 818 1615 846 proponens
1637 819 1670 839 se
1691 820 1727 839 ar
1753 834 1772 839 ..
1794 811 1953 840 alestanum
1978 817 2007 841 et
2033 835 2052 840 ..
2077 811 2199 841 scolas-
2227 810 2230 811 ⁷

1205 859 1305 889 ticum
1323 861 1519 891 Bremenses
1536 872 1553 891 a
1570 862 1688 892 dilecto
1705 863 1771 892 silio
1789 868 1898 892 nostro
1915 864 2068 901 Osttouv]
2088 864 2198 894 Sancti

1204 912 1331 941 ΝῘΙΓΟΙ-Ὶί
1350 913 1381 941 iu
1400 914 1537 944 Carrei-s·
1554 915 1706 944 Tulliano
1722 916 1858 945 diaron«)
1879 917 2053 951 rardixmli,
2074 922 2148 945 tum·
2167 917 2198 945 in

1205 965 1352 1002 partibus
1367 966 1562 996 Alamanni-1
1580 968 1763 1005 Apostoli‹·e
1776 969 1869 997 Sedis
1883 969 1998 1004 legato,
2016 970 2200 999 visitatores

1204 1017 1237 1045 in
1259 1018 1429 1047 Bremensi
1446 1019 1568 1048 diocesi
1587 1020 1792 1050 constitutus.
1812 1027 1838 1050 et
1860 1021 2040 1051 clausulam
2058 1022 2148 1051 illam
2167 1023 2201 1051 in

1204 1069 1324 1099 litteris
1342 1070 1542 1100 visitationis
1562 1071 1730 1102 insertam.
1749 1078 1780 1101 ut
1804 1084 1882 1101 unns
1898 1075 2082 1111 promen-ct.
2100 1076 2126 1102 si
2143 1084 2200 1103 non

1204 1125 1567 1159 omncspossen!forsilan
1580 1125 1744 1154 interesse&
1759 1126 1864 1154 ‹lh-tus
1877 1127 1963 1164 prior
1974 1127 2202 1164 inquisitionis

1205 1183 1394 1212 processum
1411 1185 1506 1213 quem
1525 1181 1635 1205 contra
1651 1177 1805 1207 dilectum
1821 1179 1923 1207 lilium
1941 1180 2202 1217 t...prc·1·‚0.<imm

1207 1227 1244 1256 de
1263 1227 1452 1265 Repcsholt.
1469 1238 1567 1266 super
1588 1230 1665 1258 vitio
1683 1231 1800 1259 secisse
1818 1231 1938 1260 divitur
1955 1232 2115 1269 synnade.
2134 1237 2203 1270 post

1207 1280 1460 1318 app‹3·llati‹⁷›nem
1488 1281 1528 1309 al}
1551 1282 1662 1311 eodeni
1691 1284 1854 1321 preposito
1878 1284 1915 1312 ad
1945 1294 2001 1313 ini-s
2025 1294 2060 1313 ex
2091 1294 2206 1323 super·

1207 1332 1424 1367 habundanti,
1445 1333 1529 1363 sicut
1547 1335 1675 1369 asserit,
1697 1335 1918 1375 interjectam.
1937 1337 1976 1365 acl
1993 1337 2206 1375 apostolicum

1209 1385 1334 1414 remisit
1351 1394 1498 1415 examen.
1513 1386 1615 1425 Cujus
1630 1388 1871 1418 examinatione
1886 1389 2003 1418 dilecto
2017 1389 2084 1418 tilio
2096 1394 2206 1419 nostro

1208 1437 1404 1475 G[uisredo]‚
1432 1438 1519 1467 tituli
1546 1439 1658 1469 Sancti
1686 1441 1786 1469 Marci
1814 1441 1995 1478 presbitero
2027 1442 2204 1477 cardinali.

1209 1489 1400 1524 commissa,
1419 1494 1450 1519 et
1469 1499 1506 1520 eo
1528 1491 1561 1519 in
1579 1491 1649 1529 ejus
1668 1492 1834 1529 presentia
1851 1493 2032 1530 publicato,
2052 1494 2129 1532 quia
2146 1494 2207 1523 sub

1210 1551 1273 1580 qua
1291 1542 1396 1571 torma
1407 1542 1481 1571 data
1497 1543 1598 1572 suerit
1614 1543 1681 1573 illis
1694 1544 1893 1582 jurisdictio.
1908 1550 1937 1574 et
1952 1555 1992 1574 an
2005 1546 2141 1583 predicti
2158 1546 2209 1576 de—

1210 1603 1312 1623 canus
1335 1598 1366 1624 et
1390 1594 1583 1624 scolasticus
1605 1604 1638 1625 se
1659 1595 1806 1633 legitime
1827 1598 2030 1631 excusat-int.
2053 1607 2110 1627 seu
2128 1598 2210 1628 alias

1210 1646 1248 1675 de
1271 1646 1465 1684 impotentia
1486 1648 1689 1677 constitisset
1712 1657 1841 1684 eorum,
1860 1654 2010 1679 utrumve
2031 1650 2209 1679 secundum

1211 1699 1349 1728 sormam
1374 1699 1438 1728 sibi
1464 1700 1617 1729 traditam
1641 1710 1678 1730 ac
1697 1701 1782 1739 juris
1808 1702 1972 1737 ordinem.
1997 1702 2082 1731 dicto
2105 1702 2211 1739 legato

1211 1751 1299 1781 infra
1329 1751 1505 1789 legationis
1545 1753 1702 1783 terminos
1737 1754 1914 1785 existente.
1952 1755 2147 1792 processerit
2176 1755 2210 1784 in

1212 1805 1336 1839 eadem,
1356 1804 1406 1834 vel
1422 1805 1537 1835 saltem
1549 1806 1781 1844 jurisdictione
1798 1807 1847 1836 uti
1864 1808 2015 1845 cepisset,
2035 1808 2129 1838 nohis
2147 1817 2209 1838 non

1213 1858 1317 1895 potuit
1334 1858 1406 1887 fieri
1421 1857 1518 1896 plena
1535 1858 1615 1888 sides
1629 1869 1635 1887 :
1650 1860 1832 1889 venerabili
1850 1861 1944 1889 fratri
1961 1865 2072 1891 nostro
2089 1885 2107 1890 ..
2125 1862 2212 1899 epis-

1213 1919 1291 1948 copo
1314 1914 1345 1939 et
1365 1910 1484 1940 dilecto
1504 1911 1572 1941 filio
1595 1935 1614 1940 .,
1635 1911 1807 1941 scolastico
1831 1912 2137 1943 Ilildesemensibus
2157 1913 2213 1943 de-

1213 1962 1322 1991 dimus
1343 1962 1378 1990 in
1403 1963 1565 2000 preceptis
1592 1968 1637 1998 ut,
1666 1964 1701 1993 in
1726 1964 1857 1993 irritum
1885 1971 2034 1995 revocato
2056 1965 2214 2004 quicquid

1213 2019 1285 2052 post
1306 2014 1559 2053 appellationem
1582 2015 1621 2045 ad
1643 2024 1701 2046 nos
1719 2016 1866 2054 legitime
1889 2017 2131 2055 interpositam,
2156 2026 2213 2056 per

1215 2067 1355 2097 eundem
1376 2067 1519 2105 priorem
1540 2067 1591 2097 vel
1615 2069 1685 2107 ejus
1706 2069 1899 2099 auctoritate
1917 2074 2079 2099 constaret
2100 2074 2212 2099 contra

1214 2120 1323 2158 ipsum
1348 2120 1550 2158 prepositum
1574 2124 1696 2151 temere
1725 2126 1970 2160 attemptatum.
1997 2128 2025 2151 et
2053 2123 2211 2161 inquisita

1214 2181 1312 2210 super
1328 2173 1498 2210 premissis
1516 2183 1551 2202 ar
1568 2178 1633 2202 toto
1649 2183 1803 2211 processu
1821 2175 1940 2212 prioris
1957 2176 2061 2213 ipsius
2077 2175 2214 2213 diligen-

1214 2225 1280 2255 tius
1293 2225 1440 2255 veritate.
1455 2226 1539 2264 quod
1551 2226 1749 2258 invenirent.
1764 2236 1868 2266 usque
1879 2228 1918 2256 ad
1930 2229 2050 2257 festiun
2060 2228 2213 2258 Omnium

1215 2279 1410 2308 Sanctorum
1434 2279 1580 2316 proximo
1605 2284 1680 2308 tunc
1704 2280 1851 2309 futurum
1876 2281 1969 2310 nobis
1998 2281 2067 2310 suis
2094 2281 2215 2311 litteris

1214 2331 1405 2360 intimarent
1419 2341 1424 2366 ;
1438 2331 1506 2369 qui,
1522 2336 1653 2369 propter
1667 2332 1850 2362 absentiam
1865 2334 2035 2363 memorati
2046 2334 2214 2372 prepositi.

1214 2387 1250 2413 ut
1273 2383 1443 2418 dicebant,
1462 2383 1495 2412 id
1513 2384 1640 2414 efficere
1659 2393 1722 2413 non
1741 2384 1903 2416 valentes.
1926 2386 2083 2415 infectum
2101 2386 2140 2415 ad
2157 2395 2215 2415 nos

1215 2435 1383 2473 negotium
1401 2435 1612 2470 remiserunt.
1630 2425 1742 2466 eodem
1755 2438 1918 2475 preposito
1933 2438 1989 2467 diu
2003 2438 2087 2476 apud
2099 2438 2216 2468 Sedem

1215 2487 1439 2525 Apostolicam
1455 2487 1632 2518 insistente
1648 2493 1693 2524 ut,
1712 2498 1785 2518 cum
1802 2490 1840 2519 de
1852 2490 2083 2528 jurisdictione
2097 2490 2216 2528 prioris

1216 2544 1248 2570 et
1262 2540 1401 2570 veritate
1414 2548 1587 2578 processus
1599 2541 1746 2579 ejusdem
1761 2546 1837 2571 tunc
1852 2543 1987 2572 minime
2001 2543 2214 2573 constitisset.

1217 2597 1368 2622 revocato
1386 2592 1534 2631 ejusdem
1553 2593 1673 2631 prioris
1694 2603 1865 2631 processu.
1885 2599 1913 2624 et
1931 2595 2006 2624 aliis
2022 2604 2084 2633 que
2101 2604 2139 2624 ex
2154 2604 2190 2624 eo
2205 2597 2217 2614 Ἴ

1217 2644 1269 2674 vel
1283 2644 1324 2674 ob
1341 2644 1435 2674 illum
1451 2649 1614 2674 constaret
1627 2654 1699 2675 esse
1715 2651 1837 2675 secuta.
1853 2656 1927 2675 eum
1943 2646 1983 2676 ab
1999 2647 2216 2685 inquisitione

1217 2697 1364 2735 predicta
1382 2696 1551 2726 absolvere
1568 2696 1791 2734 dignaremur.
1812 2699 1880 2728 Nos
1897 2699 2009 2735 igitur.
2030 2698 2069 2727 ad
2086 2699 2215 2728 eosdem

1253 2829 1274 2852 1.
1291 2828 1312 2852 11
1325 2836 1344 2859 y
1360 2835 1376 2852 a
1391 2828 1426 2852 ici
1441 2834 1495 2851 une
1506 2828 1620 2857 lacune;
1637 2828 1654 2851 il
1671 2829 1728 2852 faut
1743 2829 1871 2859 suppleer
1886 2836 1923 2852 un
1939 2831 2058 2853 membre
2074 2829 2107 2853 de
2119 2830 2217 2860 plu-ase

1221 2872 1258 2896 tel
1273 2878 1326 2902 que
1342 2878 1348 2895 :
1366 2879 1378 2894 (ι
1394 2871 1470 2894 solus
1485 2871 1514 2894 in
1529 2871 1624 2895 eodem
1641 2872 1752 2902 negotio
1771 2872 1959 2902 processisset.
1977 2881 1988 2894 υ

1251 2915 1275 2939 2.
1293 2917 1342 2940 Ms.
1359 2924 1366 2939 .·
1383 2915 1431 2939 eis.
