<?xml version="1.0" encoding="UTF-8"?>
<!DOCTYPE html PUBLIC "-//W3C//DTD XHTML 1.0 Transitional//EN"
    "http://www.w3.org/TR/xhtml1/DTD/xhtml1-transitional.dtd">
<html xmlns="http://www.w3.org/1999/xhtml" xml:lang="en" lang="en">
 <head>
  <title>
</title>
<meta http-equiv="Content-Type" content="text/html;charset=utf-8" />
  <meta name='ocr-system' content='tesseract 3.04.00' />
  <meta name='ocr-capabilities' content='ocr_page ocr_carea ocr_par ocr_line ocrx_word'/>
</head>
<body>
  <div class='ocr_page' id='page_1' title='image "./lesregistresdale02cathuoft_0112.png"; bbox 0 0 2423 3487; ppageno 0'>
   <div class='ocr_carea' id='block_1_1' title="bbox 199 271 2286 322">
    <p class='ocr_par' dir='ltr' id='par_1_1' title="bbox 199 271 2286 322">
     <span class='ocr_line' id='line_1_1' title="bbox 199 271 2286 322; baseline -0.012 0"><span class='ocrx_word' id='word_1_1' title='bbox 199 293 252 322; x_wconf 83' lang='lat'>187</span> <span class='ocrx_word' id='word_1_2' title='bbox 915 280 1153 314; x_wconf 82' lang='lat' dir='ltr'>REGISTRES</span> <span class='ocrx_word' id='word_1_3' title='bbox 1175 279 1231 308; x_wconf 82' lang='lat' dir='ltr'>DE</span> <span class='ocrx_word' id='word_1_4' title='bbox 1253 271 1474 308; x_wconf 73' lang='lat' dir='ltr'>GREGomn</span> <span class='ocrx_word' id='word_1_5' title='bbox 1498 279 1556 307; x_wconf 80' lang='lat' dir='ltr'>ix.</span> <span class='ocrx_word' id='word_1_6' title='bbox 2232 274 2286 306; x_wconf 72' lang='lat'>183</span> 
     </span>
    </p>
   </div>
   <div class='ocr_carea' id='block_1_2' title="bbox 197 345 1201 860">
    <p class='ocr_par' dir='ltr' id='par_1_2' title="bbox 197 345 1201 860">
     <span class='ocr_line' id='line_1_2' title="bbox 198 345 1198 394; baseline -0.014 -7"><span class='ocrx_word' id='word_1_7' title='bbox 198 357 289 394; x_wconf 86' lang='lat' dir='ltr'>Quod</span> <span class='ocrx_word' id='word_1_8' title='bbox 307 357 335 386; x_wconf 88' lang='lat' dir='ltr'>si</span> <span class='ocrx_word' id='word_1_9' title='bbox 353 365 410 385; x_wconf 87' lang='lat' dir='ltr'>nec</span> <span class='ocrx_word' id='word_1_10' title='bbox 428 356 474 384; x_wconf 86' lang='lat' dir='ltr'>sic</span> <span class='ocrx_word' id='word_1_11' title='bbox 491 354 530 383; x_wconf 89' lang='lat' dir='ltr'>ad</span> <span class='ocrx_word' id='word_1_12' title='bbox 548 353 740 382; x_wconf 85' lang='lat' dir='ltr'>mandatum</span> <span class='ocrx_word' id='word_1_13' title='bbox 760 351 866 389; x_wconf 87' lang='lat' dir='ltr'>ipsius</span> <span class='ocrx_word' id='word_1_14' title='bbox 883 345 1123 385; x_wconf 81' lang='lat' dir='ltr'>archicpiscopi</span> <span class='ocrx_word' id='word_1_15' title='bbox 1141 354 1198 374; x_wconf 91' lang='lat' dir='ltr'>cu-</span> 
     </span>
     <span class='ocr_line' id='line_1_3' title="bbox 197 397 1199 445; baseline -0.014 -7"><span class='ocrx_word' id='word_1_16' title='bbox 197 408 339 438; x_wconf 78' lang='lat' dir='ltr'>raverint</span> <span class='ocrx_word' id='word_1_17' title='bbox 353 416 453 445; x_wconf 87' lang='lat' dir='ltr'>prona</span> <span class='ocrx_word' id='word_1_18' title='bbox 466 409 574 435; x_wconf 88' lang='lat' dir='ltr'>mente</span> <span class='ocrx_word' id='word_1_19' title='bbox 589 405 707 438; x_wconf 86' lang='lat' dir='ltr'>redire,</span> <span class='ocrx_word' id='word_1_20' title='bbox 726 402 855 433; x_wconf 85' lang='lat' dir='ltr'>faciatis</span> <span class='ocrx_word' id='word_1_21' title='bbox 872 401 1020 431; x_wconf 87' lang='lat' dir='ltr'>redditus</span> <span class='ocrx_word' id='word_1_22' title='bbox 1037 407 1073 428; x_wconf 86' lang='lat' dir='ltr'>ac</span> <span class='ocrx_word' id='word_1_23' title='bbox 1089 397 1199 427; x_wconf 84' lang='lat' dir='ltr'>debita</span> 
     </span>
     <span class='ocr_line' id='line_1_4' title="bbox 198 453 1200 495; baseline -0.013 -5"><span class='ocrx_word' id='word_1_24' title='bbox 198 465 227 490; x_wconf 86' lang='lat' dir='ltr'>et</span> <span class='ocrx_word' id='word_1_25' title='bbox 245 459 309 489; x_wconf 85' lang='lat' dir='ltr'>alia</span> <span class='ocrx_word' id='word_1_26' title='bbox 325 459 410 488; x_wconf 83' lang='lat' dir='ltr'>bona</span> <span class='ocrx_word' id='word_1_27' title='bbox 423 459 579 495; x_wconf 85' lang='lat' dir='ltr'>ipsorum,</span> <span class='ocrx_word' id='word_1_28' title='bbox 596 457 629 485; x_wconf 92' lang='lat' dir='ltr'>in</span> <span class='ocrx_word' id='word_1_29' title='bbox 643 455 802 485; x_wconf 89' lang='lat' dir='ltr'>nundinis</span> <span class='ocrx_word' id='word_1_30' title='bbox 815 459 845 484; x_wconf 87' lang='lat' dir='ltr'>et</span> <span class='ocrx_word' id='word_1_31' title='bbox 856 454 1056 490; x_wconf 84' lang='lat' dir='ltr'>ubicumque</span> <span class='ocrx_word' id='word_1_32' title='bbox 1071 453 1200 488; x_wconf 85' lang='lat' dir='ltr'>reperta</span> 
     </span>
     <span class='ocr_line' id='line_1_5' title="bbox 198 501 1197 548; baseline -0.011 -7"><span class='ocrx_word' id='word_1_33' title='bbox 198 511 338 545; x_wconf 85' lang='lat' dir='ltr'>fuerint,</span> <span class='ocrx_word' id='word_1_34' title='bbox 370 510 527 548; x_wconf 84' lang='lat' dir='ltr'>quamdiu</span> <span class='ocrx_word' id='word_1_35' title='bbox 551 509 585 537; x_wconf 88' lang='lat' dir='ltr'>in</span> <span class='ocrx_word' id='word_1_36' title='bbox 615 506 953 537; x_wconf 79' lang='lat' dir='ltr'>excommunicatione</span> <span class='ocrx_word' id='word_1_37' title='bbox 981 501 1197 542; x_wconf 68' lang='lat' dir='ltr'>perstiterint,</span> 
     </span>
     <span class='ocr_line' id='line_1_6' title="bbox 198 555 1200 601; baseline -0.011 -8"><span class='ocrx_word' id='word_1_38' title='bbox 198 563 355 597; x_wconf 78' lang='lat' dir='ltr'>detineri,</span> <span class='ocrx_word' id='word_1_39' title='bbox 384 563 571 601; x_wconf 86' lang='lat' dir='ltr'>juramento</span> <span class='ocrx_word' id='word_1_40' title='bbox 596 570 655 590; x_wconf 86' lang='lat' dir='ltr'>seu</span> <span class='ocrx_word' id='word_1_41' title='bbox 681 559 933 597; x_wconf 74' lang='lat' dir='ltr'>interpositione</span> <span class='ocrx_word' id='word_1_42' title='bbox 959 556 1052 587; x_wconf 75' lang='lat' dir='ltr'>fidei,</span> <span class='ocrx_word' id='word_1_43' title='bbox 1079 555 1108 584; x_wconf 89' lang='lat' dir='ltr'>si</span> <span class='ocrx_word' id='word_1_44' title='bbox 1135 562 1200 592; x_wconf 75' lang='lat' dir='ltr'>qua</span> 
     </span>
     <span class='ocr_line' id='line_1_7' title="bbox 197 607 1200 651; baseline -0.012 -5"><span class='ocrx_word' id='word_1_45' title='bbox 197 618 280 646; x_wconf 81' lang='lat' dir='ltr'>forte</span> <span class='ocrx_word' id='word_1_46' title='bbox 297 615 460 645; x_wconf 77' lang='lat' dir='ltr'>debitores</span> <span class='ocrx_word' id='word_1_47' title='bbox 476 622 533 651; x_wconf 91' lang='lat' dir='ltr'>pro</span> <span class='ocrx_word' id='word_1_48' title='bbox 555 613 674 642; x_wconf 83' lang='lat' dir='ltr'>debitis</span> <span class='ocrx_word' id='word_1_49' title='bbox 694 611 860 642; x_wconf 85' lang='lat' dir='ltr'>solvendis</span> <span class='ocrx_word' id='word_1_50' title='bbox 884 613 1048 642; x_wconf 84' lang='lat' dir='ltr'>tenentur,</span> <span class='ocrx_word' id='word_1_51' title='bbox 1071 607 1200 644; x_wconf 85' lang='lat' dir='ltr'>aliqua-</span> 
     </span>
     <span class='ocr_line' id='line_1_8' title="bbox 199 658 1201 700; baseline -0.011 -3"><span class='ocrx_word' id='word_1_52' title='bbox 199 674 293 698; x_wconf 81' lang='lat' dir='ltr'>tenus</span> <span class='ocrx_word' id='word_1_53' title='bbox 306 667 545 700; x_wconf 82' lang='lat' dir='ltr'>nonobstante,</span> <span class='ocrx_word' id='word_1_54' title='bbox 564 669 781 695; x_wconf 81' lang='lat' dir='ltr'>convocantes</span> <span class='ocrx_word' id='word_1_55' title='bbox 798 663 838 693; x_wconf 83' lang='lat' dir='ltr'>ad</span> <span class='ocrx_word' id='word_1_56' title='bbox 855 671 967 692; x_wconf 86' lang='lat' dir='ltr'>eorum</span> <span class='ocrx_word' id='word_1_57' title='bbox 984 658 1201 698; x_wconf 77' lang='lat' dir='ltr'>pertinaciam</span> 
     </span>
     <span class='ocr_line' id='line_1_9' title="bbox 198 712 1201 759; baseline -0.01 -10"><span class='ocrx_word' id='word_1_58' title='bbox 198 720 455 759; x_wconf 86' lang='lat' dir='ltr'>reprimendam,</span> <span class='ocrx_word' id='word_1_59' title='bbox 479 719 507 747; x_wconf 75' lang='lat' dir='ltr'>si</span> <span class='ocrx_word' id='word_1_60' title='bbox 528 727 609 756; x_wconf 84' lang='lat' dir='ltr'>opus</span> <span class='ocrx_word' id='word_1_61' title='bbox 630 718 746 752; x_wconf 86' lang='lat' dir='ltr'>fuerit,</span> <span class='ocrx_word' id='word_1_62' title='bbox 771 716 932 746; x_wconf 87' lang='lat' dir='ltr'>auxilium</span> <span class='ocrx_word' id='word_1_63' title='bbox 955 712 1084 743; x_wconf 85' lang='lat' dir='ltr'>brachii</span> <span class='ocrx_word' id='word_1_64' title='bbox 1105 720 1201 741; x_wconf 83' lang='lat' dir='ltr'>secu-</span> 
     </span>
     <span class='ocr_line' id='line_1_10' title="bbox 198 765 1201 807; baseline -0.011 -5"><span class='ocrx_word' id='word_1_65' title='bbox 198 773 276 802; x_wconf 82' lang='lat' dir='ltr'>laris</span> <span class='ocrx_word' id='word_1_66' title='bbox 294 782 299 807; x_wconf 79' lang='lat'><em>3</em></span> <span class='ocrx_word' id='word_1_67' title='bbox 321 771 577 801; x_wconf 77' lang='lat' dir='ltr'>contradictores</span> <span class='ocrx_word' id='word_1_68' title='bbox 600 787 648 798; x_wconf 79' lang='lat'>—.</span> <span class='ocrx_word' id='word_1_69' title='bbox 666 770 739 799; x_wconf 82' lang='lat' dir='ltr'>Dat.</span> <span class='ocrx_word' id='word_1_70' title='bbox 757 765 959 805; x_wconf 78' lang='lat' dir='ltr'>Fuligin[ii]‚</span> <span class='ocrx_word' id='word_1_71' title='bbox 977 767 1005 795; x_wconf 73' lang='lat' dir='ltr'>V</span> <span class='ocrx_word' id='word_1_72' title='bbox 1021 765 1095 794; x_wconf 90' lang='lat' dir='ltr'>idus</span> <span class='ocrx_word' id='word_1_73' title='bbox 1112 766 1201 792; x_wconf 89' lang='lat' dir='ltr'>octo-</span> 
     </span>
     <span class='ocr_line' id='line_1_11' title="bbox 197 826 532 860; baseline -0.009 -5"><span class='ocrx_word' id='word_1_74' title='bbox 197 826 275 860; x_wconf 91' lang='lat' dir='ltr'>bris,</span> <span class='ocrx_word' id='word_1_75' title='bbox 298 833 383 854; x_wconf 86' lang='lat' dir='ltr'>anno</span> <span class='ocrx_word' id='word_1_76' title='bbox 403 832 499 853; x_wconf 89' lang='lat' dir='ltr'>nono.</span> <span class='ocrx_word' id='word_1_77' title='bbox 519 835 532 849; x_wconf 65' lang='lat' dir='ltr'>v&gt;</span> 
     </span>
    </p>
   </div>
   <div class='ocr_carea' id='block_1_3' title="bbox 268 1030 384 1059">
    <p class='ocr_par' dir='ltr' id='par_1_3' title="bbox 268 1030 384 1059">
     <span class='ocr_line' id='line_1_12' title="bbox 268 1030 384 1059; baseline -0.026 0"><span class='ocrx_word' id='word_1_78' title='bbox 268 1030 384 1059; x_wconf 71' lang='lat'>2812</span> 
     </span>
    </p>
   </div>
   <div class='ocr_carea' id='block_1_4' title="bbox 199 1086 1203 1365">
    <p class='ocr_par' dir='ltr' id='par_1_4' title="bbox 199 1086 1203 1365">
     <span class='ocr_line' id='line_1_13' title="bbox 233 1086 1200 1127; baseline -0.009 -7"><span class='ocrx_word' id='word_1_79' title='bbox 233 1093 376 1127; x_wconf 83' lang='lat' dir='ltr'>Episcopo</span> <span class='ocrx_word' id='word_1_80' title='bbox 387 1091 592 1125; x_wconf 81' lang='lat' dir='ltr'>Portugalensi</span> <span class='ocrx_word' id='word_1_81' title='bbox 603 1090 705 1117; x_wconf 80' lang='lat' dir='ltr'>scribit</span> <span class='ocrx_word' id='word_1_82' title='bbox 719 1098 724 1116; x_wconf 70' lang='grc' dir='ltr'><em>τ</em></span> <span class='ocrx_word' id='word_1_83' title='bbox 738 1097 752 1115; x_wconf 88' lang='lat'>«</span> <span class='ocrx_word' id='word_1_84' title='bbox 767 1089 841 1117; x_wconf 89' lang='lat' dir='ltr'>Cum</span> <span class='ocrx_word' id='word_1_85' title='bbox 857 1097 873 1115; x_wconf 87' lang='lat' dir='ltr'>a</span> <span class='ocrx_word' id='word_1_86' title='bbox 888 1088 972 1114; x_wconf 89' lang='lat' dir='ltr'>nobis</span> <span class='ocrx_word' id='word_1_87' title='bbox 985 1087 1016 1114; x_wconf 89' lang='lat' dir='ltr'>in</span> <span class='ocrx_word' id='word_1_88' title='bbox 1030 1086 1200 1120; x_wconf 88' lang='lat' dir='ltr'>episcopum</span> 
     </span>
     <span class='ocr_line' id='line_1_14' title="bbox 199 1134 1199 1174; baseline -0.007 -7"><span class='ocrx_word' id='word_1_89' title='bbox 199 1149 213 1167; x_wconf 89' lang='lat'>»</span> <span class='ocrx_word' id='word_1_90' title='bbox 234 1143 434 1173; x_wconf 89' lang='lat' dir='ltr'>consecratus,</span> <span class='ocrx_word' id='word_1_91' title='bbox 457 1139 601 1174; x_wconf 78' lang='lat' dir='ltr'>juraveris</span> <span class='ocrx_word' id='word_1_92' title='bbox 623 1139 729 1166; x_wconf 88' lang='lat' dir='ltr'>Sedem</span> <span class='ocrx_word' id='word_1_93' title='bbox 749 1137 951 1172; x_wconf 82' lang='lat' dir='ltr'>Apostolicam</span> <span class='ocrx_word' id='word_1_94' title='bbox 971 1136 1007 1162; x_wconf 88' lang='lat' dir='ltr'>de</span> <span class='ocrx_word' id='word_1_95' title='bbox 1027 1135 1147 1162; x_wconf 87' lang='lat' dir='ltr'>biennio</span> <span class='ocrx_word' id='word_1_96' title='bbox 1167 1134 1199 1161; x_wconf 91' lang='lat' dir='ltr'>in</span> 
     </span>
     <span class='ocr_line' id='line_1_15' title="bbox 200 1183 1200 1221; baseline -0.007 -5"><span class='ocrx_word' id='word_1_97' title='bbox 200 1197 214 1215; x_wconf 85' lang='lat'>»</span> <span class='ocrx_word' id='word_1_98' title='bbox 234 1189 388 1216; x_wconf 83' lang='lat' dir='ltr'>biennium</span> <span class='ocrx_word' id='word_1_99' title='bbox 402 1189 535 1221; x_wconf 75' lang='lat' dir='ltr'>visitare,</span> <span class='ocrx_word' id='word_1_100' title='bbox 553 1187 749 1215; x_wconf 73' lang='lat' dir='ltr'>fraternitatis</span> <span class='ocrx_word' id='word_1_101' title='bbox 765 1189 813 1213; x_wconf 88' lang='lat' dir='ltr'>tue</span> <span class='ocrx_word' id='word_1_102' title='bbox 827 1185 962 1220; x_wconf 81' lang='lat' dir='ltr'>precibus</span> <span class='ocrx_word' id='word_1_103' title='bbox 976 1183 1126 1216; x_wconf 86' lang='lat' dir='ltr'>inclinati,</span> <span class='ocrx_word' id='word_1_104' title='bbox 1141 1185 1200 1210; x_wconf 87' lang='lat' dir='ltr'>ter-</span> 
     </span>
     <span class='ocr_line' id='line_1_16' title="bbox 200 1230 1203 1269; baseline -0.006 -8"><span class='ocrx_word' id='word_1_105' title='bbox 200 1243 213 1261; x_wconf 84' lang='lat'>»</span> <span class='ocrx_word' id='word_1_106' title='bbox 235 1236 350 1263; x_wconf 90' lang='lat' dir='ltr'>minum</span> <span class='ocrx_word' id='word_1_107' title='bbox 366 1235 535 1269; x_wconf 85' lang='lat' dir='ltr'>hujusmodi</span> <span class='ocrx_word' id='word_1_108' title='bbox 558 1235 613 1262; x_wconf 86' lang='lat' dir='ltr'>tibi</span> <span class='ocrx_word' id='word_1_109' title='bbox 638 1234 778 1261; x_wconf 86' lang='lat' dir='ltr'>duximus</span> <span class='ocrx_word' id='word_1_110' title='bbox 801 1232 1016 1267; x_wconf 83' lang='lat' dir='ltr'>prorogandum</span> <span class='ocrx_word' id='word_1_111' title='bbox 1028 1253 1035 1264; x_wconf 91' lang='lat'>,</span> <span class='ocrx_word' id='word_1_112' title='bbox 1050 1233 1081 1257; x_wconf 93' lang='lat' dir='ltr'>ut</span> <span class='ocrx_word' id='word_1_113' title='bbox 1097 1230 1133 1257; x_wconf 87' lang='lat' dir='ltr'>ad</span> <span class='ocrx_word' id='word_1_114' title='bbox 1148 1231 1203 1256; x_wconf 84' lang='lat' dir='ltr'>hoe</span> 
     </span>
     <span class='ocr_line' id='line_1_17' title="bbox 200 1278 1200 1312; baseline -0.006 -2"><span class='ocrx_word' id='word_1_115' title='bbox 200 1293 213 1310; x_wconf 75' lang='lat' dir='ltr'>n</span> <span class='ocrx_word' id='word_1_116' title='bbox 235 1285 293 1312; x_wconf 88' lang='lat' dir='ltr'>nisi</span> <span class='ocrx_word' id='word_1_117' title='bbox 304 1285 340 1311; x_wconf 89' lang='lat' dir='ltr'>de</span> <span class='ocrx_word' id='word_1_118' title='bbox 351 1284 478 1312; x_wconf 86' lang='lat' dir='ltr'>triennio</span> <span class='ocrx_word' id='word_1_119' title='bbox 490 1284 520 1311; x_wconf 88' lang='lat' dir='ltr'>in</span> <span class='ocrx_word' id='word_1_120' title='bbox 533 1284 696 1311; x_wconf 88' lang='lat' dir='ltr'>triennium</span> <span class='ocrx_word' id='word_1_121' title='bbox 709 1282 846 1309; x_wconf 86' lang='lat' dir='ltr'>tenearis.</span> <span class='ocrx_word' id='word_1_122' title='bbox 861 1289 874 1307; x_wconf 82' lang='lat'>»</span> <span class='ocrx_word' id='word_1_123' title='bbox 884 1296 915 1299; x_wconf 97' lang='lat'><strong>—</strong></span> <span class='ocrx_word' id='word_1_124' title='bbox 928 1281 1014 1312; x_wconf 72' lang='lat' dir='ltr'>(Rs-zo.</span> <span class='ocrx_word' id='word_1_125' title='bbox 1028 1279 1071 1311; x_wconf 87' lang='lat'>18,</span> <span class='ocrx_word' id='word_1_126' title='bbox 1085 1280 1104 1306; x_wconf 86' lang='lat' dir='ltr'>f.</span> <span class='ocrx_word' id='word_1_127' title='bbox 1117 1278 1151 1305; x_wconf 86' lang='lat'>80</span> <span class='ocrx_word' id='word_1_128' title='bbox 1162 1281 1200 1310; x_wconf 77' lang='lat' dir='ltr'>r⁰;</span> 
     </span>
     <span class='ocr_line' id='line_1_18' title="bbox 200 1333 470 1365; baseline -0.004 -5"><span class='ocrx_word' id='word_1_129' title='bbox 200 1341 269 1360; x_wconf 85' lang='lat' dir='ltr'>ann.</span> <span class='ocrx_word' id='word_1_130' title='bbox 287 1333 339 1365; x_wconf 80' lang='lat' dir='ltr'>IX,</span> <span class='ocrx_word' id='word_1_131' title='bbox 354 1342 378 1359; x_wconf 89' lang='lat' dir='ltr'>c.</span> <span class='ocrx_word' id='word_1_132' title='bbox 395 1333 470 1363; x_wconf 85' lang='lat'>260.)</span> 
     </span>
    </p>
   </div>
   <div class='ocr_carea' id='block_1_5' title="bbox 722 1025 1128 1061">
    <p class='ocr_par' dir='ltr' id='par_1_5' title="bbox 722 1025 1128 1061">
     <span class='ocr_line' id='line_1_19' title="bbox 722 1025 1128 1061; baseline -0.01 -7"><span class='ocrx_word' id='word_1_133' title='bbox 722 1027 858 1061; x_wconf 78' lang='lat' dir='ltr'>Foligno,</span> <span class='ocrx_word' id='word_1_134' title='bbox 872 1026 906 1052; x_wconf 83' lang='lat'>12</span> <span class='ocrx_word' id='word_1_135' title='bbox 921 1025 1037 1052; x_wconf 84' lang='lat' dir='ltr'>octobre</span> <span class='ocrx_word' id='word_1_136' title='bbox 1050 1025 1128 1051; x_wconf 80' lang='lat'>1235.</span> 
     </span>
    </p>
   </div>
   <div class='ocr_carea' id='block_1_6' title="bbox 201 1433 1204 1531">
    <p class='ocr_par' dir='ltr' id='par_1_6' title="bbox 201 1433 1204 1531">
     <span class='ocr_line' id='line_1_20' title="bbox 242 1433 1204 1478; baseline -0.006 -9"><span class='ocrx_word' id='word_1_137' title='bbox 242 1453 254 1466; x_wconf 81' lang='lat'>&lt;1</span> <span class='ocrx_word' id='word_1_138' title='bbox 273 1463 294 1468; x_wconf 93' lang='lat'>..</span> <span class='ocrx_word' id='word_1_139' title='bbox 312 1442 444 1478; x_wconf 77' lang='lat' dir='ltr'>episcopo</span> <span class='ocrx_word' id='word_1_140' title='bbox 460 1441 683 1477; x_wconf 64' lang='lat' dir='ltr'>Portuyalensi.</span> <span class='ocrx_word' id='word_1_141' title='bbox 708 1439 790 1470; x_wconf 91' lang='lat' dir='ltr'>Cum</span> <span class='ocrx_word' id='word_1_142' title='bbox 807 1447 825 1467; x_wconf 87' lang='lat' dir='ltr'>a</span> <span class='ocrx_word' id='word_1_143' title='bbox 841 1437 936 1467; x_wconf 87' lang='lat' dir='ltr'>nobis</span> <span class='ocrx_word' id='word_1_144' title='bbox 953 1454 1001 1465; x_wconf 85' lang='lat'>—.</span> <span class='ocrx_word' id='word_1_145' title='bbox 1019 1437 1092 1466; x_wconf 86' lang='lat' dir='ltr'>Dat.</span> <span class='ocrx_word' id='word_1_146' title='bbox 1112 1433 1204 1465; x_wconf 88' lang='lat' dir='ltr'>Fuli-</span> 
     </span>
     <span class='ocr_line' id='line_1_21' title="bbox 201 1493 921 1531; baseline -0.004 -9"><span class='ocrx_word' id='word_1_147' title='bbox 201 1493 320 1531; x_wconf 75' lang='lat' dir='ltr'>gin[ii],</span> <span class='ocrx_word' id='word_1_148' title='bbox 338 1494 405 1523; x_wconf 92' lang='lat' dir='ltr'>IIII</span> <span class='ocrx_word' id='word_1_149' title='bbox 421 1493 495 1523; x_wconf 87' lang='lat' dir='ltr'>idus</span> <span class='ocrx_word' id='word_1_150' title='bbox 511 1493 669 1528; x_wconf 75' lang='lat' dir='ltr'>octobris,</span> <span class='ocrx_word' id='word_1_151' title='bbox 688 1501 774 1522; x_wconf 90' lang='lat' dir='ltr'>anno</span> <span class='ocrx_word' id='word_1_152' title='bbox 791 1500 886 1521; x_wconf 91' lang='lat' dir='ltr'>nono.</span> <span class='ocrx_word' id='word_1_153' title='bbox 909 1503 921 1516; x_wconf 74' lang='lat' dir='ltr'>n</span> 
     </span>
    </p>
   </div>
   <div class='ocr_carea' id='block_1_7' title="bbox 275 1697 1132 1732">
    <p class='ocr_par' dir='ltr' id='par_1_7' title="bbox 275 1697 1132 1732">
     <span class='ocr_line' id='line_1_22' title="bbox 275 1697 1132 1732; baseline -0.002 -6"><span class='ocrx_word' id='word_1_154' title='bbox 275 1699 395 1726; x_wconf 74' lang='lat'>2813</span> <span class='ocrx_word' id='word_1_155' title='bbox 733 1698 861 1732; x_wconf 80' lang='lat' dir='ltr'>Spolete,</span> <span class='ocrx_word' id='word_1_156' title='bbox 876 1698 909 1725; x_wconf 88' lang='lat'>13</span> <span class='ocrx_word' id='word_1_157' title='bbox 925 1698 1040 1725; x_wconf 78' lang='lat' dir='ltr'>octobre</span> <span class='ocrx_word' id='word_1_158' title='bbox 1054 1697 1132 1724; x_wconf 78' lang='lat'>1235.</span> 
     </span>
    </p>
   </div>
   <div class='ocr_carea' id='block_1_8' title="bbox 202 1758 1207 2183">
    <p class='ocr_par' dir='ltr' id='par_1_8' title="bbox 202 1758 1207 2183">
     <span class='ocr_line' id='line_1_23' title="bbox 238 1758 1204 1794; baseline -0.002 -6"><span class='ocrx_word' id='word_1_159' title='bbox 238 1760 365 1789; x_wconf 88' lang='lat' dir='ltr'>Johanni</span> <span class='ocrx_word' id='word_1_160' title='bbox 381 1760 416 1787; x_wconf 88' lang='lat' dir='ltr'>de</span> <span class='ocrx_word' id='word_1_161' title='bbox 430 1760 587 1787; x_wconf 74' lang='lat' dir='ltr'>Britannia</span> <span class='ocrx_word' id='word_1_162' title='bbox 602 1763 629 1787; x_wconf 90' lang='lat' dir='ltr'>et</span> <span class='ocrx_word' id='word_1_163' title='bbox 642 1760 779 1792; x_wconf 85' lang='lat' dir='ltr'>Yolendi,</span> <span class='ocrx_word' id='word_1_164' title='bbox 797 1761 858 1794; x_wconf 87' lang='lat' dir='ltr'>ejus</span> <span class='ocrx_word' id='word_1_165' title='bbox 874 1760 978 1792; x_wconf 89' lang='lat' dir='ltr'>sorori,</span> <span class='ocrx_word' id='word_1_166' title='bbox 994 1759 1071 1786; x_wconf 86' lang='lat' dir='ltr'>natis</span> <span class='ocrx_word' id='word_1_167' title='bbox 1088 1758 1204 1794; x_wconf 86' lang='lat' dir='ltr'>P[etri],</span> 
     </span>
     <span class='ocr_line' id='line_1_24' title="bbox 204 1809 1205 1843; baseline -0.001 -7"><span class='ocrx_word' id='word_1_168' title='bbox 204 1810 321 1837; x_wconf 86' lang='lat' dir='ltr'>comitis</span> <span class='ocrx_word' id='word_1_169' title='bbox 334 1810 518 1842; x_wconf 75' lang='lat' dir='ltr'>Britanniae,</span> <span class='ocrx_word' id='word_1_170' title='bbox 534 1809 679 1843; x_wconf 77' lang='lat' dir='ltr'>significat</span> <span class='ocrx_word' id='word_1_171' title='bbox 696 1818 734 1841; x_wconf 80' lang='lat' dir='ltr'>se,</span> <span class='ocrx_word' id='word_1_172' title='bbox 752 1809 782 1835; x_wconf 93' lang='lat' dir='ltr'>in</span> <span class='ocrx_word' id='word_1_173' title='bbox 799 1809 923 1843; x_wconf 78' lang='lat' dir='ltr'>gratiam</span> <span class='ocrx_word' id='word_1_174' title='bbox 937 1809 1103 1836; x_wconf 73' lang='lat' dir='ltr'>devotionis</span> <span class='ocrx_word' id='word_1_175' title='bbox 1117 1817 1205 1843; x_wconf 88' lang='lat' dir='ltr'>quam</span> 
     </span>
     <span class='ocr_line' id='line_1_25' title="bbox 204 1857 1205 1893; baseline -0.002 -8"><span class='ocrx_word' id='word_1_176' title='bbox 204 1858 281 1885; x_wconf 85' lang='lat' dir='ltr'>idem</span> <span class='ocrx_word' id='word_1_177' title='bbox 306 1857 444 1893; x_wconf 80' lang='lat' dir='ltr'>P[etrus],</span> <span class='ocrx_word' id='word_1_178' title='bbox 470 1858 598 1893; x_wconf 87' lang='lat' dir='ltr'>ipsorum</span> <span class='ocrx_word' id='word_1_179' title='bbox 627 1861 719 1892; x_wconf 84' lang='lat' dir='ltr'>pater,</span> <span class='ocrx_word' id='word_1_180' title='bbox 745 1858 823 1884; x_wconf 86' lang='lat' dir='ltr'>circa</span> <span class='ocrx_word' id='word_1_181' title='bbox 848 1858 1012 1884; x_wconf 82' lang='lat' dir='ltr'>Romanam</span> <span class='ocrx_word' id='word_1_182' title='bbox 1041 1857 1205 1884; x_wconf 75' lang='lat' dir='ltr'>Ecclesiam</span> 
     </span>
     <span class='ocr_line' id='line_1_26' title="bbox 202 1906 1206 1941; baseline -0.001 -8"><span class='ocrx_word' id='word_1_183' title='bbox 202 1909 333 1941; x_wconf 90' lang='lat' dir='ltr'>tempore</span> <span class='ocrx_word' id='word_1_184' title='bbox 348 1907 532 1934; x_wconf 74' lang='lat' dir='ltr'>necessitatis</span> <span class='ocrx_word' id='word_1_185' title='bbox 545 1907 813 1939; x_wconf 71' lang='lat' dir='ltr'>demonstraverat,</span> <span class='ocrx_word' id='word_1_186' title='bbox 833 1907 920 1941; x_wconf 85' lang='lat' dir='ltr'>ipsos,</span> <span class='ocrx_word' id='word_1_187' title='bbox 938 1907 969 1933; x_wconf 91' lang='lat' dir='ltr'>in</span> <span class='ocrx_word' id='word_1_188' title='bbox 985 1909 1081 1933; x_wconf 89' lang='lat' dir='ltr'>aetate</span> <span class='ocrx_word' id='word_1_189' title='bbox 1098 1906 1206 1933; x_wconf 90' lang='lat' dir='ltr'>minori</span> 
     </span>
     <span class='ocr_line' id='line_1_27' title="bbox 203 1955 1205 1990; baseline 0 -8"><span class='ocrx_word' id='word_1_190' title='bbox 203 1956 321 1990; x_wconf 89' lang='lat' dir='ltr'>positos,</span> <span class='ocrx_word' id='word_1_191' title='bbox 338 1958 366 1982; x_wconf 89' lang='lat' dir='ltr'>et</span> <span class='ocrx_word' id='word_1_192' title='bbox 386 1956 460 1982; x_wconf 90' lang='lat' dir='ltr'>bona</span> <span class='ocrx_word' id='word_1_193' title='bbox 481 1956 517 1982; x_wconf 88' lang='lat' dir='ltr'>ad</span> <span class='ocrx_word' id='word_1_194' title='bbox 537 1956 614 1990; x_wconf 85' lang='lat' dir='ltr'>ipsos</span> <span class='ocrx_word' id='word_1_195' title='bbox 632 1964 666 1982; x_wconf 87' lang='lat' dir='ltr'>ex</span> <span class='ocrx_word' id='word_1_196' title='bbox 685 1958 766 1990; x_wconf 87' lang='lat' dir='ltr'>parte</span> <span class='ocrx_word' id='word_1_197' title='bbox 785 1956 877 1982; x_wconf 88' lang='lat' dir='ltr'>bonae</span> <span class='ocrx_word' id='word_1_198' title='bbox 897 1955 1056 1982; x_wconf 86' lang='lat' dir='ltr'>memoriae</span> <span class='ocrx_word' id='word_1_199' title='bbox 1078 1955 1205 1988; x_wconf 88' lang='lat' dir='ltr'>Aelidis,</span> 
     </span>
     <span class='ocr_line' id='line_1_28' title="bbox 203 2004 1206 2038; baseline 0 -7"><span class='ocrx_word' id='word_1_200' title='bbox 203 2004 331 2038; x_wconf 87' lang='lat' dir='ltr'>ipsorum</span> <span class='ocrx_word' id='word_1_201' title='bbox 349 2004 462 2037; x_wconf 81' lang='lat' dir='ltr'>matris,</span> <span class='ocrx_word' id='word_1_202' title='bbox 480 2004 647 2031; x_wconf 79' lang='lat' dir='ltr'>comitissae</span> <span class='ocrx_word' id='word_1_203' title='bbox 662 2004 847 2036; x_wconf 79' lang='lat' dir='ltr'>Britanniae,</span> <span class='ocrx_word' id='word_1_204' title='bbox 866 2004 1042 2038; x_wconf 77' lang='lat' dir='ltr'>spectantia,</span> <span class='ocrx_word' id='word_1_205' title='bbox 1059 2004 1113 2031; x_wconf 88' lang='lat' dir='ltr'>sub</span> <span class='ocrx_word' id='word_1_206' title='bbox 1128 2004 1206 2031; x_wconf 82' lang='lat' dir='ltr'>beati</span> 
     </span>
     <span class='ocr_line' id='line_1_29' title="bbox 203 2053 1207 2088; baseline 0 -8"><span class='ocrx_word' id='word_1_207' title='bbox 203 2054 285 2080; x_wconf 91' lang='lat' dir='ltr'>Petri</span> <span class='ocrx_word' id='word_1_208' title='bbox 297 2056 325 2080; x_wconf 90' lang='lat' dir='ltr'>et</span> <span class='ocrx_word' id='word_1_209' title='bbox 341 2062 402 2086; x_wconf 85' lang='lat' dir='ltr'>sua,</span> <span class='ocrx_word' id='word_1_210' title='bbox 420 2054 548 2088; x_wconf 79' lang='lat' dir='ltr'>ipsorum</span> <span class='ocrx_word' id='word_1_211' title='bbox 566 2054 657 2087; x_wconf 86' lang='lat' dir='ltr'>patris</span> <span class='ocrx_word' id='word_1_212' title='bbox 671 2054 793 2086; x_wconf 80' lang='lat' dir='ltr'>intuitu,</span> <span class='ocrx_word' id='word_1_213' title='bbox 807 2054 897 2080; x_wconf 83' lang='lat' dir='ltr'>donec</span> <span class='ocrx_word' id='word_1_214' title='bbox 913 2054 950 2080; x_wconf 85' lang='lat' dir='ltr'>ad</span> <span class='ocrx_word' id='word_1_215' title='bbox 966 2056 1093 2080; x_wconf 82' lang='lat' dir='ltr'>aetatem</span> <span class='ocrx_word' id='word_1_216' title='bbox 1108 2053 1207 2087; x_wconf 83' lang='lat' dir='ltr'>legiti—</span> 
     </span>
     <span class='ocr_line' id='line_1_30' title="bbox 205 2102 1205 2136; baseline 0 -8"><span class='ocrx_word' id='word_1_217' title='bbox 205 2110 282 2129; x_wconf 86' lang='lat' dir='ltr'>mam</span> <span class='ocrx_word' id='word_1_218' title='bbox 297 2102 500 2136; x_wconf 75' lang='lat' dir='ltr'>pervenerint,</span> <span class='ocrx_word' id='word_1_219' title='bbox 518 2103 697 2136; x_wconf 84' lang='lat' dir='ltr'>protcctione</span> <span class='ocrx_word' id='word_1_220' title='bbox 708 2102 864 2136; x_wconf 80' lang='lat' dir='ltr'>suscipere.</span> <span class='ocrx_word' id='word_1_221' title='bbox 879 2117 910 2120; x_wconf 89' lang='lat'>—</span> <span class='ocrx_word' id='word_1_222' title='bbox 923 2103 1009 2134; x_wconf 70' lang='lat' dir='ltr'>(Hm.</span> <span class='ocrx_word' id='word_1_223' title='bbox 1022 2102 1065 2133; x_wconf 85' lang='lat'>18,</span> <span class='ocrx_word' id='word_1_224' title='bbox 1080 2103 1099 2128; x_wconf 81' lang='lat' dir='ltr'>t.</span> <span class='ocrx_word' id='word_1_225' title='bbox 1117 2102 1151 2128; x_wconf 88' lang='grc'>80</span> <span class='ocrx_word' id='word_1_226' title='bbox 1166 2105 1205 2134; x_wconf 83' lang='lat' dir='ltr'>r⁰;</span> 
     </span>
     <span class='ocr_line' id='line_1_31' title="bbox 203 2150 481 2183; baseline 0 -6"><span class='ocrx_word' id='word_1_227' title='bbox 203 2159 273 2177; x_wconf 84' lang='lat' dir='ltr'>ann.</span> <span class='ocrx_word' id='word_1_228' title='bbox 295 2151 351 2183; x_wconf 88' lang='lat' dir='ltr'>IX,</span> <span class='ocrx_word' id='word_1_229' title='bbox 366 2159 390 2177; x_wconf 90' lang='lat' dir='ltr'>c.</span> <span class='ocrx_word' id='word_1_230' title='bbox 407 2150 481 2181; x_wconf 85' lang='lat'>261.)</span> 
     </span>
    </p>
   </div>
   <div class='ocr_carea' id='block_1_9' title="bbox 205 2258 1208 2400">
    <p class='ocr_par' dir='ltr' id='par_1_9' title="bbox 205 2258 1208 2400">
     <span class='ocr_line' id='line_1_32' title="bbox 247 2258 1208 2296; baseline 0.003 -11"><span class='ocrx_word' id='word_1_231' title='bbox 247 2270 260 2283; x_wconf 87' lang='lat'>«</span> <span class='ocrx_word' id='word_1_232' title='bbox 283 2258 419 2286; x_wconf 73' lang='lat' dir='ltr'>Jolzannz&#39;</span> <span class='ocrx_word' id='word_1_233' title='bbox 439 2258 472 2286; x_wconf 70' lang='lat' dir='ltr'>«Ie</span> <span class='ocrx_word' id='word_1_234' title='bbox 493 2259 659 2287; x_wconf 77' lang='lat' dir='ltr'>Britannia</span> <span class='ocrx_word' id='word_1_235' title='bbox 681 2263 706 2287; x_wconf 83' lang='lat' dir='ltr'>et</span> <span class='ocrx_word' id='word_1_236' title='bbox 736 2258 891 2296; x_wconf 75' lang='lat' dir='ltr'>l‘olencl[i],</span> <span class='ocrx_word' id='word_1_237' title='bbox 917 2260 1016 2288; x_wconf 73' lang='lat' dir='ltr'>sorori</span> <span class='ocrx_word' id='word_1_238' title='bbox 1039 2268 1101 2293; x_wconf 77' lang='lat' dir='ltr'>sue,</span> <span class='ocrx_word' id='word_1_239' title='bbox 1127 2260 1208 2288; x_wconf 75' lang='lat' dir='ltr'>natis</span> 
     </span>
     <span class='ocr_line' id='line_1_33' title="bbox 205 2310 1204 2345; baseline 0.002 -7"><span class='ocrx_word' id='word_1_240' title='bbox 205 2310 315 2339; x_wconf 77' lang='lat' dir='ltr'>nobilis</span> <span class='ocrx_word' id='word_1_241' title='bbox 339 2311 401 2338; x_wconf 74' lang='lat' dir='ltr'>ciri</span> <span class='ocrx_word' id='word_1_242' title='bbox 424 2311 468 2345; x_wconf 82' lang='lat' dir='ltr'>P.‚</span> <span class='ocrx_word' id='word_1_243' title='bbox 494 2311 613 2339; x_wconf 74' lang='lat' dir='ltr'>comilis</span> <span class='ocrx_word' id='word_1_244' title='bbox 635 2311 807 2339; x_wconf 74' lang='lat' dir='ltr'>Brilannic.</span> <span class='ocrx_word' id='word_1_245' title='bbox 829 2311 964 2340; x_wconf 82' lang='lat' dir='ltr'>Rationi</span> <span class='ocrx_word' id='word_1_246' title='bbox 985 2311 1054 2340; x_wconf 85' lang='lat' dir='ltr'>fore</span> <span class='ocrx_word' id='word_1_247' title='bbox 1077 2320 1141 2341; x_wconf 89' lang='lat' dir='ltr'>non</span> <span class='ocrx_word' id='word_1_248' title='bbox 1158 2329 1204 2340; x_wconf 87' lang='lat'>——.</span> 
     </span>
     <span class='ocr_line' id='line_1_34' title="bbox 205 2362 1007 2400; baseline 0.001 -8"><span class='ocrx_word' id='word_1_249' title='bbox 205 2363 278 2392; x_wconf 85' lang='lat' dir='ltr'>Dat.</span> <span class='ocrx_word' id='word_1_250' title='bbox 294 2362 428 2400; x_wconf 79' lang='lat' dir='ltr'>Spoleti,</span> <span class='ocrx_word' id='word_1_251' title='bbox 446 2363 496 2392; x_wconf 90' lang='lat' dir='ltr'>III</span> <span class='ocrx_word' id='word_1_252' title='bbox 512 2362 586 2392; x_wconf 86' lang='lat' dir='ltr'>idus</span> <span class='ocrx_word' id='word_1_253' title='bbox 602 2362 755 2397; x_wconf 82' lang='lat' dir='ltr'>octobris,</span> <span class='ocrx_word' id='word_1_254' title='bbox 774 2371 860 2393; x_wconf 88' lang='lat' dir='ltr'>anno</span> <span class='ocrx_word' id='word_1_255' title='bbox 877 2371 974 2393; x_wconf 92' lang='lat' dir='ltr'>nono.</span> <span class='ocrx_word' id='word_1_256' title='bbox 995 2376 1007 2389; x_wconf 84' lang='lat'>»</span> 
     </span>
    </p>
   </div>
   <div class='ocr_carea' id='block_1_10' title="bbox 275 2568 1137 2603">
    <p class='ocr_par' dir='ltr' id='par_1_10' title="bbox 275 2568 1137 2603">
     <span class='ocr_line' id='line_1_35' title="bbox 275 2568 1137 2603; baseline 0.001 -7"><span class='ocrx_word' id='word_1_257' title='bbox 275 2568 393 2596; x_wconf 71' lang='lat'>28¹4</span> <span class='ocrx_word' id='word_1_258' title='bbox 740 2568 867 2603; x_wconf 80' lang='lat' dir='ltr'>Spolete,</span> <span class='ocrx_word' id='word_1_259' title='bbox 883 2569 915 2595; x_wconf 86' lang='lat'>13</span> <span class='ocrx_word' id='word_1_260' title='bbox 931 2569 1046 2597; x_wconf 85' lang='lat' dir='ltr'>octobre</span> <span class='ocrx_word' id='word_1_261' title='bbox 1059 2570 1137 2597; x_wconf 74' lang='lat'>1235.</span> 
     </span>
    </p>
   </div>
   <div class='ocr_carea' id='block_1_11' title="bbox 205 2630 1210 2763">
    <p class='ocr_par' dir='ltr' id='par_1_11' title="bbox 205 2630 1210 2763">
     <span class='ocr_line' id='line_1_36' title="bbox 240 2630 1210 2665; baseline 0.003 -8"><span class='ocrx_word' id='word_1_262' title='bbox 240 2630 406 2658; x_wconf 87' lang='lat' dir='ltr'>Abbatibus</span> <span class='ocrx_word' id='word_1_263' title='bbox 420 2631 455 2657; x_wconf 89' lang='lat' dir='ltr'>de</span> <span class='ocrx_word' id='word_1_264' title='bbox 471 2631 588 2664; x_wconf 80' lang='lat' dir='ltr'>Buzeio,</span> <span class='ocrx_word' id='word_1_265' title='bbox 606 2631 641 2658; x_wconf 86' lang='lat' dir='ltr'>de</span> <span class='ocrx_word' id='word_1_266' title='bbox 656 2631 739 2658; x_wconf 80' lang='lat' dir='ltr'>Villa</span> <span class='ocrx_word' id='word_1_267' title='bbox 752 2631 838 2658; x_wconf 84' lang='lat' dir='ltr'>Nova</span> <span class='ocrx_word' id='word_1_268' title='bbox 853 2634 881 2658; x_wconf 85' lang='lat' dir='ltr'>et</span> <span class='ocrx_word' id='word_1_269' title='bbox 895 2631 930 2658; x_wconf 87' lang='lat' dir='ltr'>de</span> <span class='ocrx_word' id='word_1_270' title='bbox 946 2632 1108 2665; x_wconf 84' lang='lat' dir='ltr'>Rothonio,</span> <span class='ocrx_word' id='word_1_271' title='bbox 1126 2633 1210 2660; x_wconf 87' lang='lat' dir='ltr'>Nan-</span> 
     </span>
     <span class='ocr_line' id='line_1_37' title="bbox 205 2679 1208 2716; baseline 0.003 -10"><span class='ocrx_word' id='word_1_272' title='bbox 205 2679 335 2706; x_wconf 84' lang='lat' dir='ltr'>netensis</span> <span class='ocrx_word' id='word_1_273' title='bbox 360 2682 387 2706; x_wconf 91' lang='lat' dir='ltr'>et</span> <span class='ocrx_word' id='word_1_274' title='bbox 410 2680 586 2707; x_wconf 73' lang='lat' dir='ltr'>Venetensis</span> <span class='ocrx_word' id='word_1_275' title='bbox 606 2680 800 2713; x_wconf 85' lang='lat' dir='ltr'>dioecesium,</span> <span class='ocrx_word' id='word_1_276' title='bbox 827 2680 862 2707; x_wconf 88' lang='lat' dir='ltr'>de</span> <span class='ocrx_word' id='word_1_277' title='bbox 887 2680 987 2707; x_wconf 87' lang='lat' dir='ltr'>eadem</span> <span class='ocrx_word' id='word_1_278' title='bbox 1014 2689 1044 2707; x_wconf 89' lang='lat' dir='ltr'>re</span> <span class='ocrx_word' id='word_1_279' title='bbox 1068 2681 1208 2716; x_wconf 87' lang='lat' dir='ltr'>scribens,</span> 
     </span>
     <span class='ocr_line' id='line_1_38' title="bbox 206 2728 1210 2763; baseline 0.004 -9"><span class='ocrx_word' id='word_1_280' title='bbox 206 2728 327 2755; x_wconf 88' lang='lat' dir='ltr'>mandat</span> <span class='ocrx_word' id='word_1_281' title='bbox 341 2731 484 2762; x_wconf 85' lang='lat' dir='ltr'>quatenus</span> <span class='ocrx_word' id='word_1_282' title='bbox 501 2737 557 2755; x_wconf 89' lang='lat' dir='ltr'>non</span> <span class='ocrx_word' id='word_1_283' title='bbox 575 2729 749 2763; x_wconf 87' lang='lat' dir='ltr'>permittant</span> <span class='ocrx_word' id='word_1_284' title='bbox 763 2729 926 2763; x_wconf 86' lang='lat' dir='ltr'>praedictos</span> <span class='ocrx_word' id='word_1_285' title='bbox 939 2729 1103 2757; x_wconf 82' lang='lat' dir='ltr'>Johanncm</span> <span class='ocrx_word' id='word_1_286' title='bbox 1116 2733 1143 2757; x_wconf 90' lang='lat' dir='ltr'>ct</span> <span class='ocrx_word' id='word_1_287' title='bbox 1154 2731 1210 2758; x_wconf 91' lang='lat' dir='ltr'>Yo-</span> 
     </span>
    </p>
   </div>
   <div class='ocr_carea' id='block_1_12' title="bbox 205 2777 1209 2857">
    <p class='ocr_par' dir='ltr' id='par_1_12' title="bbox 205 2777 1209 2857">
     <span class='ocr_line' id='line_1_39' title="bbox 206 2777 1209 2812; baseline 0.004 -9"><span class='ocrx_word' id='word_1_288' title='bbox 206 2777 318 2804; x_wconf 89' lang='lat' dir='ltr'>lendim</span> <span class='ocrx_word' id='word_1_289' title='bbox 342 2786 428 2812; x_wconf 86' lang='lat' dir='ltr'>super</span> <span class='ocrx_word' id='word_1_290' title='bbox 451 2778 496 2804; x_wconf 86' lang='lat' dir='ltr'>his</span> <span class='ocrx_word' id='word_1_291' title='bbox 521 2778 679 2805; x_wconf 76' lang='lat' dir='ltr'>molestari.</span> <span class='ocrx_word' id='word_1_292' title='bbox 698 2793 729 2796; x_wconf 94' lang='lat'><em>-</em></span> <span class='ocrx_word' id='word_1_293' title='bbox 746 2779 832 2810; x_wconf 63' lang='grc' dir='ltr'>(ΗΕΘ.</span> <span class='ocrx_word' id='word_1_294' title='bbox 854 2778 902 2811; x_wconf 83' lang='lat'>18,</span> <span class='ocrx_word' id='word_1_295' title='bbox 924 2778 943 2804; x_wconf 89' lang='lat' dir='ltr'>f.</span> <span class='ocrx_word' id='word_1_296' title='bbox 961 2778 995 2805; x_wconf 88' lang='lat'>80</span> <span class='ocrx_word' id='word_1_297' title='bbox 1015 2782 1052 2810; x_wconf 82' lang='lat' dir='ltr'>r⁰;</span> <span class='ocrx_word' id='word_1_298' title='bbox 1069 2787 1138 2806; x_wconf 89' lang='lat' dir='ltr'>ann.</span> <span class='ocrx_word' id='word_1_299' title='bbox 1157 2780 1209 2811; x_wconf 75' lang='lat' dir='ltr'>IX,</span> 
     </span>
     <span class='ocr_line' id='line_1_40' title="bbox 205 2825 320 2857; baseline 0 -5"><span class='ocrx_word' id='word_1_300' title='bbox 205 2833 229 2852; x_wconf 89' lang='lat' dir='ltr'>c.</span> <span class='ocrx_word' id='word_1_301' title='bbox 246 2825 320 2857; x_wconf 83' lang='lat'>262.)</span> 
     </span>
    </p>
   </div>
   <div class='ocr_carea' id='block_1_13' title="bbox 249 2934 1209 2971">
    <p class='ocr_par' dir='ltr' id='par_1_13' title="bbox 249 2934 1209 2971">
     <span class='ocr_line' id='line_1_41' title="bbox 249 2934 1209 2971; baseline 0.003 -9"><span class='ocrx_word' id='word_1_302' title='bbox 249 2946 260 2959; x_wconf 88' lang='lat'>«</span> <span class='ocrx_word' id='word_1_303' title='bbox 282 2957 301 2962; x_wconf 88' lang='lat'>..</span> <span class='ocrx_word' id='word_1_304' title='bbox 319 2935 352 2962; x_wconf 63' lang='lat' dir='ltr'>cle</span> <span class='ocrx_word' id='word_1_305' title='bbox 369 2936 488 2971; x_wconf 71' lang='lat' dir='ltr'>Buzeio,</span> <span class='ocrx_word' id='word_1_306' title='bbox 508 2959 527 2964; x_wconf 94' lang='lat'>..</span> <span class='ocrx_word' id='word_1_307' title='bbox 548 2936 581 2964; x_wconf 83' lang='lat' dir='ltr'>de</span> <span class='ocrx_word' id='word_1_308' title='bbox 603 2936 676 2964; x_wconf 65' lang='lat' dir='ltr'>Villa</span> <span class='ocrx_word' id='word_1_309' title='bbox 695 2936 776 2964; x_wconf 66' lang='lat' dir='ltr'>Nora</span> <span class='ocrx_word' id='word_1_310' title='bbox 796 2939 821 2963; x_wconf 78' lang='lat' dir='ltr'>e!</span> <span class='ocrx_word' id='word_1_311' title='bbox 839 2957 856 2962; x_wconf 88' lang='lat'>..</span> <span class='ocrx_word' id='word_1_312' title='bbox 877 2934 910 2963; x_wconf 82' lang='lat' dir='ltr'>de</span> <span class='ocrx_word' id='word_1_313' title='bbox 928 2935 1073 2963; x_wconf 70' lang='lat' dir='ltr'>Itolhonio</span> <span class='ocrx_word' id='word_1_314' title='bbox 1091 2936 1209 2965; x_wconf 75' lang='lat' dir='ltr'>abbati-</span> 
     </span>
    </p>
   </div>
   <div class='ocr_carea' id='block_1_14' title="bbox 1281 340 2284 434">
    <p class='ocr_par' dir='ltr' id='par_1_14' title="bbox 1281 340 2284 434">
     <span class='ocr_line' id='line_1_42' title="bbox 1282 340 2284 377; baseline -0.002 -5"><span class='ocrx_word' id='word_1_315' title='bbox 1282 344 1344 377; x_wconf 75' lang='lat' dir='ltr'>bus,</span> <span class='ocrx_word' id='word_1_316' title='bbox 1362 345 1564 372; x_wconf 73' lang='lat' dir='ltr'>Nannelrnsis</span> <span class='ocrx_word' id='word_1_317' title='bbox 1580 348 1606 372; x_wconf 80' lang='lat' dir='ltr'>et</span> <span class='ocrx_word' id='word_1_318' title='bbox 1627 343 1793 372; x_wconf 61' lang='lat' dir='ltr'>sonciensis</span> <span class='ocrx_word' id='word_1_319' title='bbox 1809 342 1970 370; x_wconf 75' lang='lat' dir='ltr'>diocesum.</span> <span class='ocrx_word' id='word_1_320' title='bbox 1995 340 2136 370; x_wconf 81' lang='lat' dir='ltr'>Ratione</span> <span class='ocrx_word' id='word_1_321' title='bbox 2158 345 2218 370; x_wconf 88' lang='lat' dir='ltr'>etc.</span> <span class='ocrx_word' id='word_1_322' title='bbox 2235 358 2284 370; x_wconf 83' lang='lat'>——.</span> 
     </span>
     <span class='ocr_line' id='line_1_43' title="bbox 1281 398 1569 434; baseline -0.017 -8"><span class='ocrx_word' id='word_1_323' title='bbox 1281 398 1354 426; x_wconf 86' lang='lat' dir='ltr'>Dat.</span> <span class='ocrx_word' id='word_1_324' title='bbox 1371 401 1407 426; x_wconf 91' lang='lat' dir='ltr'>ut</span> <span class='ocrx_word' id='word_1_325' title='bbox 1423 405 1533 434; x_wconf 86' lang='lat' dir='ltr'>supra.</span> <span class='ocrx_word' id='word_1_326' title='bbox 1557 408 1569 421; x_wconf 83' lang='lat'>»</span> 
     </span>
    </p>
   </div>
   <div class='ocr_carea' id='block_1_15' title="bbox 1351 584 2214 617">
    <p class='ocr_par' dir='ltr' id='par_1_15' title="bbox 1351 584 2214 617">
     <span class='ocr_line' id='line_1_44' title="bbox 1351 584 2214 617; baseline -0.003 -3"><span class='ocrx_word' id='word_1_327' title='bbox 1351 587 1431 614; x_wconf 71' lang='lat'>281</span> <span class='ocrx_word' id='word_1_328' title='bbox 1441 589 1468 615; x_wconf 78' lang='lat'><strong>5</strong></span> <span class='ocrx_word' id='word_1_329' title='bbox 1837 585 1940 617; x_wconf 87' lang='lat' dir='ltr'>Terni,</span> <span class='ocrx_word' id='word_1_330' title='bbox 1957 584 1992 611; x_wconf 91' lang='lat'>20</span> <span class='ocrx_word' id='word_1_331' title='bbox 2006 585 2121 612; x_wconf 86' lang='lat' dir='ltr'>octobre</span> <span class='ocrx_word' id='word_1_332' title='bbox 2135 585 2214 612; x_wconf 80' lang='lat'>1235.</span> 
     </span>
    </p>
   </div>
   <div class='ocr_carea' id='block_1_16' title="bbox 1282 647 2289 826">
    <p class='ocr_par' dir='ltr' id='par_1_16' title="bbox 1282 647 2289 826">
     <span class='ocr_line' id='line_1_45' title="bbox 1317 647 2289 681; baseline -0.002 -5"><span class='ocrx_word' id='word_1_333' title='bbox 1317 649 1429 676; x_wconf 89' lang='lat' dir='ltr'>Comiti</span> <span class='ocrx_word' id='word_1_334' title='bbox 1446 648 1586 675; x_wconf 83' lang='lat' dir='ltr'>Rainerio</span> <span class='ocrx_word' id='word_1_335' title='bbox 1602 648 1637 674; x_wconf 90' lang='lat' dir='ltr'>de</span> <span class='ocrx_word' id='word_1_336' title='bbox 1654 648 1794 681; x_wconf 79' lang='lat' dir='ltr'>Bulgari¹</span> <span class='ocrx_word' id='word_1_337' title='bbox 1811 647 1946 681; x_wconf 81' lang='lat' dir='ltr'>indulget</span> <span class='ocrx_word' id='word_1_338' title='bbox 1966 649 1998 673; x_wconf 89' lang='lat' dir='ltr'>ut</span> <span class='ocrx_word' id='word_1_339' title='bbox 2014 655 2072 673; x_wconf 88' lang='lat' dir='ltr'>non</span> <span class='ocrx_word' id='word_1_340' title='bbox 2093 648 2226 673; x_wconf 87' lang='lat' dir='ltr'>teneatur</span> <span class='ocrx_word' id='word_1_341' title='bbox 2247 655 2289 674; x_wconf 86' lang='lat' dir='ltr'>re-</span> 
     </span>
     <span class='ocr_line' id='line_1_46' title="bbox 1282 695 2288 731; baseline -0.003 -7"><span class='ocrx_word' id='word_1_342' title='bbox 1282 698 1423 731; x_wconf 86' lang='lat' dir='ltr'>spondere</span> <span class='ocrx_word' id='word_1_343' title='bbox 1434 705 1520 731; x_wconf 79' lang='lat' dir='ltr'>super</span> <span class='ocrx_word' id='word_1_344' title='bbox 1531 696 1640 723; x_wconf 85' lang='lat' dir='ltr'>debitis</span> <span class='ocrx_word' id='word_1_345' title='bbox 1652 696 1758 730; x_wconf 83' lang='lat' dir='ltr'>quibus</span> <span class='ocrx_word' id='word_1_346' title='bbox 1771 696 1843 722; x_wconf 89' lang='lat' dir='ltr'>olim</span> <span class='ocrx_word' id='word_1_347' title='bbox 1857 695 2025 722; x_wconf 88' lang='lat' dir='ltr'>donnicella</span> <span class='ocrx_word' id='word_1_348' title='bbox 2038 695 2209 728; x_wconf 82' lang='lat' dir='ltr'>Benedicta,</span> <span class='ocrx_word' id='word_1_349' title='bbox 2222 703 2288 730; x_wconf 88' lang='lat' dir='ltr'>pro-</span> 
     </span>
     <span class='ocr_line' id='line_1_47' title="bbox 1282 743 2287 780; baseline -0.003 -8"><span class='ocrx_word' id='word_1_350' title='bbox 1282 746 1420 780; x_wconf 81' lang='lat' dir='ltr'>digaliter</span> <span class='ocrx_word' id='word_1_351' title='bbox 1448 745 1594 777; x_wconf 75' lang='lat' dir='ltr'>vivendo,</span> <span class='ocrx_word' id='word_1_352' title='bbox 1618 744 1783 778; x_wconf 87' lang='lat' dir='ltr'>judicatum</span> <span class='ocrx_word' id='word_1_353' title='bbox 1810 744 2015 771; x_wconf 83' lang='lat' dir='ltr'>Calaritanum</span> <span class='ocrx_word' id='word_1_354' title='bbox 2042 743 2233 777; x_wconf 81' lang='lat' dir='ltr'>obligaverat.</span> <span class='ocrx_word' id='word_1_355' title='bbox 2255 757 2287 762; x_wconf 92' lang='lat'>—-</span> 
     </span>
     <span class='ocr_line' id='line_1_48' title="bbox 1283 792 1855 826; baseline -0.003 -5"><span class='ocrx_word' id='word_1_356' title='bbox 1283 794 1427 826; x_wconf 74' lang='lat' dir='ltr'>(Rm.18,</span> <span class='ocrx_word' id='word_1_357' title='bbox 1446 795 1465 820; x_wconf 83' lang='lat' dir='ltr'>f.</span> <span class='ocrx_word' id='word_1_358' title='bbox 1483 793 1517 820; x_wconf 86' lang='lat'>80</span> <span class='ocrx_word' id='word_1_359' title='bbox 1530 797 1570 825; x_wconf 82' lang='lat' dir='ltr'>r⁰;</span> <span class='ocrx_word' id='word_1_360' title='bbox 1585 802 1655 820; x_wconf 89' lang='lat' dir='ltr'>ann.</span> <span class='ocrx_word' id='word_1_361' title='bbox 1673 793 1726 823; x_wconf 73' lang='lat' dir='ltr'>IX,</span> <span class='ocrx_word' id='word_1_362' title='bbox 1741 801 1765 819; x_wconf 91' lang='lat' dir='ltr'>c.</span> <span class='ocrx_word' id='word_1_363' title='bbox 1780 792 1855 824; x_wconf 86' lang='lat'>263.)</span> 
     </span>
    </p>
   </div>
   <div class='ocr_carea' id='block_1_17' title="bbox 1283 892 2291 1028">
    <p class='ocr_par' dir='ltr' id='par_1_17' title="bbox 1283 892 2291 1028">
     <span class='ocr_line' id='line_1_49' title="bbox 1325 892 2291 930; baseline 0 -9"><span class='ocrx_word' id='word_1_364' title='bbox 1325 906 1338 920; x_wconf 67' lang='grc' dir='ltr'>(ι</span> <span class='ocrx_word' id='word_1_365' title='bbox 1363 894 1463 922; x_wconf 71' lang='lat' dir='ltr'>Nobili</span> <span class='ocrx_word' id='word_1_366' title='bbox 1483 895 1547 922; x_wconf 73' lang='lat' dir='ltr'>viro</span> <span class='ocrx_word' id='word_1_367' title='bbox 1566 894 1671 922; x_wconf 79' lang='lat' dir='ltr'>comiti</span> <span class='ocrx_word' id='word_1_368' title='bbox 1686 893 1831 922; x_wconf 80' lang='lat' dir='ltr'>Rainerio</span> <span class='ocrx_word' id='word_1_369' title='bbox 1849 892 1882 921; x_wconf 80' lang='lat' dir='ltr'>de</span> <span class='ocrx_word' id='word_1_370' title='bbox 1902 893 2041 929; x_wconf 72' lang='lat' dir='ltr'>Bulyari.</span> <span class='ocrx_word' id='word_1_371' title='bbox 2066 892 2110 921; x_wconf 86' lang='lat' dir='ltr'>Ex</span> <span class='ocrx_word' id='word_1_372' title='bbox 2127 895 2218 930; x_wconf 83' lang='lat' dir='ltr'>parte</span> <span class='ocrx_word' id='word_1_373' title='bbox 2236 895 2291 921; x_wconf 84' lang='lat' dir='ltr'>tua</span> 
     </span>
     <span class='ocr_line' id='line_1_50' title="bbox 1283 944 2291 984; baseline -0.002 -9"><span class='ocrx_word' id='word_1_374' title='bbox 1283 964 1331 975; x_wconf 88' lang='lat'>—.</span> <span class='ocrx_word' id='word_1_375' title='bbox 1349 947 1421 975; x_wconf 83' lang='lat' dir='ltr'>Dat.</span> <span class='ocrx_word' id='word_1_376' title='bbox 1448 944 1680 984; x_wconf 84' lang='lat' dir='ltr'>Interamn[e],</span> <span class='ocrx_word' id='word_1_377' title='bbox 1698 945 1782 974; x_wconf 84' lang='lat' dir='ltr'>XIII</span> <span class='ocrx_word' id='word_1_378' title='bbox 1797 944 1956 974; x_wconf 84' lang='lat' dir='ltr'>kalendas</span> <span class='ocrx_word' id='word_1_379' title='bbox 1974 944 2180 979; x_wconf 83' lang='lat' dir='ltr'>novembris,</span> <span class='ocrx_word' id='word_1_380' title='bbox 2205 952 2291 974; x_wconf 86' lang='lat' dir='ltr'>anno</span> 
     </span>
     <span class='ocr_line' id='line_1_51' title="bbox 1284 1008 1415 1028; baseline -0.008 0"><span class='ocrx_word' id='word_1_381' title='bbox 1284 1008 1382 1028; x_wconf 91' lang='lat' dir='ltr'>nono.</span> <span class='ocrx_word' id='word_1_382' title='bbox 1403 1011 1415 1025; x_wconf 67' lang='lat' dir='ltr'>n</span> 
     </span>
    </p>
   </div>
   <div class='ocr_carea' id='block_1_18' title="bbox 1356 1192 1475 1220">
    <p class='ocr_par' dir='ltr' id='par_1_18' title="bbox 1356 1192 1475 1220">
     <span class='ocr_line' id='line_1_52' title="bbox 1356 1192 1475 1220; baseline 0.008 -1"><span class='ocrx_word' id='word_1_383' title='bbox 1356 1192 1475 1220; x_wconf 69' lang='lat'>2818</span> 
     </span>
    </p>
   </div>
   <div class='ocr_carea' id='block_1_19' title="bbox 1284 1250 2296 1578">
    <p class='ocr_par' dir='ltr' id='par_1_19' title="bbox 1284 1250 2296 1578">
     <span class='ocr_line' id='line_1_53' title="bbox 1320 1250 2294 1285; baseline -0.004 -5"><span class='ocrx_word' id='word_1_384' title='bbox 1320 1253 1395 1281; x_wconf 89' lang='lat' dir='ltr'>Cum</span> <span class='ocrx_word' id='word_1_385' title='bbox 1412 1253 1510 1285; x_wconf 74' lang='lat' dir='ltr'>Petro,</span> <span class='ocrx_word' id='word_1_386' title='bbox 1527 1251 1668 1279; x_wconf 87' lang='lat' dir='ltr'>canonico</span> <span class='ocrx_word' id='word_1_387' title='bbox 1684 1251 1908 1285; x_wconf 85' lang='lat' dir='ltr'>Corisopitensi,</span> <span class='ocrx_word' id='word_1_388' title='bbox 1923 1250 2075 1285; x_wconf 83' lang='lat' dir='ltr'>dispensat</span> <span class='ocrx_word' id='word_1_389' title='bbox 2086 1253 2117 1277; x_wconf 89' lang='lat' dir='ltr'>ut</span> <span class='ocrx_word' id='word_1_390' title='bbox 2129 1258 2196 1276; x_wconf 87' lang='lat' dir='ltr'>eum</span> <span class='ocrx_word' id='word_1_391' title='bbox 2208 1257 2294 1284; x_wconf 86' lang='lat' dir='ltr'>prae-</span> 
     </span>
     <span class='ocr_line' id='line_1_54' title="bbox 1285 1298 2294 1336; baseline -0.004 -7"><span class='ocrx_word' id='word_1_392' title='bbox 1285 1302 1381 1330; x_wconf 89' lang='lat' dir='ltr'>benda</span> <span class='ocrx_word' id='word_1_393' title='bbox 1396 1310 1484 1336; x_wconf 85' lang='lat' dir='ltr'>quam</span> <span class='ocrx_word' id='word_1_394' title='bbox 1505 1301 1536 1328; x_wconf 91' lang='lat' dir='ltr'>in</span> <span class='ocrx_word' id='word_1_395' title='bbox 1559 1300 1772 1335; x_wconf 76' lang='lat' dir='ltr'>Corisopitensi</span> <span class='ocrx_word' id='word_1_396' title='bbox 1793 1299 1917 1327; x_wconf 85' lang='lat' dir='ltr'>ecclesia</span> <span class='ocrx_word' id='word_1_397' title='bbox 1935 1298 2102 1331; x_wconf 74' lang='lat' dir='ltr'>obtinebat,</span> <span class='ocrx_word' id='word_1_398' title='bbox 2123 1299 2207 1332; x_wconf 86' lang='lat' dir='ltr'>cujus</span> <span class='ocrx_word' id='word_1_399' title='bbox 2227 1306 2294 1333; x_wconf 91' lang='lat' dir='ltr'>pro-</span> 
     </span>
     <span class='ocr_line' id='line_1_55' title="bbox 1284 1346 2294 1379; baseline -0.004 -2"><span class='ocrx_word' id='word_1_400' title='bbox 1284 1354 1391 1378; x_wconf 84' lang='lat' dir='ltr'>ventus</span> <span class='ocrx_word' id='word_1_401' title='bbox 1407 1350 1507 1377; x_wconf 83' lang='lat' dir='ltr'>deceni</span> <span class='ocrx_word' id='word_1_402' title='bbox 1524 1349 1614 1376; x_wconf 86' lang='lat' dir='ltr'>libras</span> <span class='ocrx_word' id='word_1_403' title='bbox 1626 1349 1843 1376; x_wconf 82' lang='lat' dir='ltr'>Turonensium</span> <span class='ocrx_word' id='word_1_404' title='bbox 1859 1348 2016 1375; x_wconf 85' lang='lat' dir='ltr'>annuatim</span> <span class='ocrx_word' id='word_1_405' title='bbox 2033 1356 2090 1374; x_wconf 89' lang='lat' dir='ltr'>non</span> <span class='ocrx_word' id='word_1_406' title='bbox 2102 1346 2294 1379; x_wconf 82' lang='lat' dir='ltr'>excedebant,</span> 
     </span>
     <span class='ocr_line' id='line_1_56' title="bbox 1285 1395 2295 1433; baseline -0.004 -7"><span class='ocrx_word' id='word_1_407' title='bbox 1285 1400 1363 1426; x_wconf 89' lang='lat' dir='ltr'>unde</span> <span class='ocrx_word' id='word_1_408' title='bbox 1379 1408 1437 1426; x_wconf 91' lang='lat' dir='ltr'>non</span> <span class='ocrx_word' id='word_1_409' title='bbox 1458 1402 1571 1433; x_wconf 88' lang='lat' dir='ltr'>poterat</span> <span class='ocrx_word' id='word_1_410' title='bbox 1594 1398 1747 1425; x_wconf 86' lang='lat' dir='ltr'>commode</span> <span class='ocrx_word' id='word_1_411' title='bbox 1767 1397 1942 1430; x_wconf 84' lang='lat' dir='ltr'>sustentari,</span> <span class='ocrx_word' id='word_1_412' title='bbox 1963 1396 2085 1423; x_wconf 88' lang='lat' dir='ltr'>unicum</span> <span class='ocrx_word' id='word_1_413' title='bbox 2107 1395 2295 1428; x_wconf 84' lang='lat' dir='ltr'>beneficium,</span> 
     </span>
     <span class='ocr_line' id='line_1_57' title="bbox 1286 1444 2296 1479; baseline -0.004 -4"><span class='ocrx_word' id='word_1_414' title='bbox 1286 1448 1397 1476; x_wconf 87' lang='lat' dir='ltr'>habens</span> <span class='ocrx_word' id='word_1_415' title='bbox 1415 1456 1516 1475; x_wconf 88' lang='lat' dir='ltr'>curam</span> <span class='ocrx_word' id='word_1_416' title='bbox 1533 1447 1701 1474; x_wconf 86' lang='lat' dir='ltr'>animarum</span> <span class='ocrx_word' id='word_1_417' title='bbox 1722 1454 1886 1478; x_wconf 76' lang='lat' dir='ltr'>annexam,</span> <span class='ocrx_word' id='word_1_418' title='bbox 1903 1445 2036 1472; x_wconf 87' lang='lat' dir='ltr'>obtinere</span> <span class='ocrx_word' id='word_1_419' title='bbox 2051 1445 2165 1477; x_wconf 72' lang='lat' dir='ltr'>valeat,</span> <span class='ocrx_word' id='word_1_420' title='bbox 2182 1444 2229 1471; x_wconf 89' lang='lat' dir='ltr'>cui</span> <span class='ocrx_word' id='word_1_421' title='bbox 2245 1452 2296 1479; x_wconf 88' lang='lat' dir='ltr'>per</span> 
     </span>
     <span class='ocr_line' id='line_1_58' title="bbox 1285 1492 2294 1526; baseline -0.004 -3"><span class='ocrx_word' id='word_1_422' title='bbox 1285 1497 1425 1524; x_wconf 90' lang='lat' dir='ltr'>idoneum</span> <span class='ocrx_word' id='word_1_423' title='bbox 1447 1495 1594 1523; x_wconf 70' lang='lat' dir='ltr'>vicarium</span> <span class='ocrx_word' id='word_1_424' title='bbox 1618 1495 1707 1522; x_wconf 75' lang='lat' dir='ltr'>faciat</span> <span class='ocrx_word' id='word_1_425' title='bbox 1731 1494 1885 1521; x_wconf 84' lang='lat' dir='ltr'>deserviri.</span> <span class='ocrx_word' id='word_1_426' title='bbox 1913 1508 1944 1512; x_wconf 79' lang='lat'>—-</span> <span class='ocrx_word' id='word_1_427' title='bbox 1968 1494 2054 1525; x_wconf 70' lang='grc' dir='ltr'>(ΗΕΘ.</span> <span class='ocrx_word' id='word_1_428' title='bbox 2081 1492 2124 1526; x_wconf 92' lang='grc'>18,</span> <span class='ocrx_word' id='word_1_429' title='bbox 2149 1494 2168 1519; x_wconf 80' lang='lat' dir='ltr'>f.</span> <span class='ocrx_word' id='word_1_430' title='bbox 2195 1492 2230 1519; x_wconf 88' lang='grc'>80</span> <span class='ocrx_word' id='word_1_431' title='bbox 2253 1495 2294 1524; x_wconf 84' lang='lat' dir='ltr'>r⁰;</span> 
     </span>
     <span class='ocr_line' id='line_1_59' title="bbox 1285 1544 1553 1578; baseline -0.007 -5"><span class='ocrx_word' id='word_1_432' title='bbox 1285 1553 1355 1573; x_wconf 83' lang='lat' dir='ltr'>ann.</span> <span class='ocrx_word' id='word_1_433' title='bbox 1371 1545 1424 1578; x_wconf 85' lang='lat' dir='ltr'>IX,</span> <span class='ocrx_word' id='word_1_434' title='bbox 1439 1554 1463 1571; x_wconf 91' lang='lat' dir='ltr'>c.</span> <span class='ocrx_word' id='word_1_435' title='bbox 1478 1544 1553 1576; x_wconf 71' lang='grc'>264.)</span> 
     </span>
    </p>
   </div>
   <div class='ocr_carea' id='block_1_20' title="bbox 1778 1189 2221 1224">
    <p class='ocr_par' dir='ltr' id='par_1_20' title="bbox 1778 1189 2221 1224">
     <span class='ocr_line' id='line_1_60' title="bbox 1778 1189 2221 1224; baseline -0.002 -7"><span class='ocrx_word' id='word_1_436' title='bbox 1778 1191 1894 1223; x_wconf 88' lang='lat' dir='ltr'>Assise,</span> <span class='ocrx_word' id='word_1_437' title='bbox 1911 1190 1945 1217; x_wconf 76' lang='grc'>27</span> <span class='ocrx_word' id='word_1_438' title='bbox 1960 1189 2126 1224; x_wconf 80' lang='lat' dir='ltr'>septembre</span> <span class='ocrx_word' id='word_1_439' title='bbox 2142 1189 2221 1216; x_wconf 77' lang='lat'>1235.</span> 
     </span>
    </p>
   </div>
   <div class='ocr_carea' id='block_1_21' title="bbox 1288 1643 2295 1735">
    <p class='ocr_par' dir='ltr' id='par_1_21' title="bbox 1288 1643 2295 1735">
     <span class='ocr_line' id='line_1_61' title="bbox 1330 1643 2295 1683; baseline -0.002 -9"><span class='ocrx_word' id='word_1_440' title='bbox 1330 1659 1343 1674; x_wconf 67' lang='grc' dir='ltr'>ι(</span> <span class='ocrx_word' id='word_1_441' title='bbox 1360 1648 1460 1681; x_wconf 76' lang='lat' dir='ltr'>Petro,</span> <span class='ocrx_word' id='word_1_442' title='bbox 1482 1647 1629 1676; x_wconf 76' lang='lat' dir='ltr'>canonico</span> <span class='ocrx_word' id='word_1_443' title='bbox 1651 1645 1877 1683; x_wconf 74' lang='lat' dir='ltr'>Corisopz‘tensz&#39;.</span> <span class='ocrx_word' id='word_1_444' title='bbox 1902 1644 1948 1674; x_wconf 84' lang='lat' dir='ltr'>Ex</span> <span class='ocrx_word' id='word_1_445' title='bbox 1968 1647 2060 1682; x_wconf 86' lang='lat' dir='ltr'>parte</span> <span class='ocrx_word' id='word_1_446' title='bbox 2080 1647 2135 1673; x_wconf 87' lang='lat' dir='ltr'>tua</span> <span class='ocrx_word' id='word_1_447' title='bbox 2155 1660 2204 1672; x_wconf 93' lang='lat'>—.</span> <span class='ocrx_word' id='word_1_448' title='bbox 2222 1643 2295 1672; x_wconf 86' lang='lat' dir='ltr'>Dat.</span> 
     </span>
     <span class='ocr_line' id='line_1_62' title="bbox 1288 1697 2050 1735; baseline -0.005 -6"><span class='ocrx_word' id='word_1_449' title='bbox 1288 1699 1404 1735; x_wconf 75' lang='lat' dir='ltr'>Asisii,</span> <span class='ocrx_word' id='word_1_450' title='bbox 1421 1700 1450 1729; x_wconf 90' lang='lat' dir='ltr'>V</span> <span class='ocrx_word' id='word_1_451' title='bbox 1465 1698 1624 1729; x_wconf 82' lang='lat' dir='ltr'>kalendas</span> <span class='ocrx_word' id='word_1_452' title='bbox 1641 1697 1796 1733; x_wconf 83' lang='lat' dir='ltr'>octobris,</span> <span class='ocrx_word' id='word_1_453' title='bbox 1817 1706 1904 1727; x_wconf 86' lang='lat' dir='ltr'>anno</span> <span class='ocrx_word' id='word_1_454' title='bbox 1921 1705 2018 1726; x_wconf 90' lang='lat' dir='ltr'>nono.</span> <span class='ocrx_word' id='word_1_455' title='bbox 2037 1708 2050 1722; x_wconf 91' lang='lat'>»</span> 
     </span>
    </p>
   </div>
   <div class='ocr_carea' id='block_1_22' title="bbox 1361 1899 1477 1926">
    <p class='ocr_par' dir='ltr' id='par_1_22' title="bbox 1361 1899 1477 1926">
     <span class='ocr_line' id='line_1_63' title="bbox 1361 1899 1477 1926; baseline 0 0"><span class='ocrx_word' id='word_1_456' title='bbox 1361 1899 1477 1926; x_wconf 53' lang='lat'>28¹5</span> 
     </span>
    </p>
   </div>
   <div class='ocr_carea' id='block_1_23' title="bbox 1290 1959 2303 2822">
    <p class='ocr_par' dir='ltr' id='par_1_23' title="bbox 1290 1959 2303 2822">
     <span class='ocr_line' id='line_1_64' title="bbox 1325 1959 2298 1993; baseline -0.002 -5"><span class='ocrx_word' id='word_1_457' title='bbox 1325 1962 1443 1989; x_wconf 87' lang='lat' dir='ltr'>Decano</span> <span class='ocrx_word' id='word_1_458' title='bbox 1460 1960 1622 1988; x_wconf 84' lang='lat' dir='ltr'>Parisiensi</span> <span class='ocrx_word' id='word_1_459' title='bbox 1633 1981 1639 1993; x_wconf 81' lang='lat'>,</span> <span class='ocrx_word' id='word_1_460' title='bbox 1656 1963 1684 1987; x_wconf 90' lang='lat' dir='ltr'>et</span> <span class='ocrx_word' id='word_1_461' title='bbox 1703 1959 1853 1993; x_wconf 74' lang='lat' dir='ltr'>magistris</span> <span class='ocrx_word' id='word_1_462' title='bbox 1876 1959 1994 1987; x_wconf 90' lang='lat' dir='ltr'>Oddoni</span> <span class='ocrx_word' id='word_1_463' title='bbox 2010 1959 2046 1986; x_wconf 87' lang='lat' dir='ltr'>de</span> <span class='ocrx_word' id='word_1_464' title='bbox 2062 1959 2164 1986; x_wconf 81' lang='lat' dir='ltr'>Castro</span> <span class='ocrx_word' id='word_1_465' title='bbox 2181 1959 2298 1986; x_wconf 82' lang='lat' dir='ltr'>Rodulfi</span> 
     </span>
     <span class='ocr_line' id='line_1_65' title="bbox 1290 2007 2299 2043; baseline -0.003 -6"><span class='ocrx_word' id='word_1_466' title='bbox 1290 2013 1317 2037; x_wconf 91' lang='lat' dir='ltr'>et</span> <span class='ocrx_word' id='word_1_467' title='bbox 1334 2009 1478 2037; x_wconf 87' lang='lat' dir='ltr'>Herberto</span> <span class='ocrx_word' id='word_1_468' title='bbox 1492 2009 1570 2036; x_wconf 84' lang='lat' dir='ltr'>dicto</span> <span class='ocrx_word' id='word_1_469' title='bbox 1587 2009 1758 2043; x_wconf 79' lang='lat' dir='ltr'>Capellano,</span> <span class='ocrx_word' id='word_1_470' title='bbox 1773 2008 1923 2035; x_wconf 86' lang='lat' dir='ltr'>canonicis</span> <span class='ocrx_word' id='word_1_471' title='bbox 1940 2007 2168 2040; x_wconf 81' lang='lat' dir='ltr'>Parisiensibns,</span> <span class='ocrx_word' id='word_1_472' title='bbox 2184 2022 2215 2025; x_wconf 97' lang='lat'><strong>—</strong></span> <span class='ocrx_word' id='word_1_473' title='bbox 2231 2015 2299 2034; x_wconf 86' lang='lat' dir='ltr'>cum</span> 
     </span>
     <span class='ocr_line' id='line_1_66' title="bbox 1290 2053 2299 2093; baseline -0.003 -8"><span class='ocrx_word' id='word_1_474' title='bbox 1290 2058 1411 2093; x_wconf 84' lang='lat' dir='ltr'>quidam</span> <span class='ocrx_word' id='word_1_475' title='bbox 1436 2058 1537 2084; x_wconf 87' lang='lat' dir='ltr'>clerici</span> <span class='ocrx_word' id='word_1_476' title='bbox 1561 2056 1808 2090; x_wconf 81' lang='lat' dir='ltr'>Rothomagensis</span> <span class='ocrx_word' id='word_1_477' title='bbox 1833 2056 1985 2088; x_wconf 83' lang='lat' dir='ltr'>dioecesis,</span> <span class='ocrx_word' id='word_1_478' title='bbox 2007 2064 2077 2090; x_wconf 89' lang='lat' dir='ltr'>quos</span> <span class='ocrx_word' id='word_1_479' title='bbox 2100 2053 2299 2090; x_wconf 84' lang='lat' dir='ltr'>M[aurioius],</span> 
     </span>
     <span class='ocr_line' id='line_1_67' title="bbox 1291 2103 2300 2141; baseline -0.003 -8"><span class='ocrx_word' id='word_1_480' title='bbox 1291 2107 1438 2141; x_wconf 86' lang='lat' dir='ltr'>quondam</span> <span class='ocrx_word' id='word_1_481' title='bbox 1456 2105 1703 2139; x_wconf 79' lang='lat' dir='ltr'>Rothomagensis</span> <span class='ocrx_word' id='word_1_482' title='bbox 1718 2104 1967 2139; x_wconf 47' lang='lat' dir='ltr'>archiepiscopus</span> <span class='ocrx_word' id='word_1_483' title='bbox 1983 2103 2128 2130; x_wconf 83' lang='lat' dir='ltr'>fructibus</span> <span class='ocrx_word' id='word_1_484' title='bbox 2144 2103 2300 2131; x_wconf 86' lang='lat' dir='ltr'>beneficio-</span> 
     </span>
     <span class='ocr_line' id='line_1_68' title="bbox 1290 2152 2301 2188; baseline -0.004 -5"><span class='ocrx_word' id='word_1_485' title='bbox 1290 2164 1356 2183; x_wconf 88' lang='lat' dir='ltr'>rum</span> <span class='ocrx_word' id='word_1_486' title='bbox 1376 2163 1494 2182; x_wconf 86' lang='lat' dir='ltr'>suorum</span> <span class='ocrx_word' id='word_1_487' title='bbox 1511 2154 1680 2188; x_wconf 76' lang='lat' dir='ltr'>privaverat</span> <span class='ocrx_word' id='word_1_488' title='bbox 1696 2153 1733 2180; x_wconf 86' lang='lat' dir='ltr'>ad</span> <span class='ocrx_word' id='word_1_489' title='bbox 1750 2155 1867 2188; x_wconf 85' lang='lat' dir='ltr'>tempus</span> <span class='ocrx_word' id='word_1_490' title='bbox 1882 2154 1930 2180; x_wconf 77' lang='lat' dir='ltr'>vel</span> <span class='ocrx_word' id='word_1_491' title='bbox 1946 2161 1963 2179; x_wconf 89' lang='lat' dir='ltr'>a</span> <span class='ocrx_word' id='word_1_492' title='bbox 1978 2152 2128 2180; x_wconf 78' lang='lat' dir='ltr'>beneficiis</span> <span class='ocrx_word' id='word_1_493' title='bbox 2146 2152 2207 2179; x_wconf 87' lang='lat' dir='ltr'>suis</span> <span class='ocrx_word' id='word_1_494' title='bbox 2222 2160 2301 2179; x_wconf 81' lang='lat' dir='ltr'>amo-</span> 
     </span>
     <span class='ocr_line' id='line_1_69' title="bbox 1290 2201 2300 2237; baseline -0.003 -6"><span class='ocrx_word' id='word_1_495' title='bbox 1290 2206 1384 2237; x_wconf 80' lang='lat' dir='ltr'>verat,</span> <span class='ocrx_word' id='word_1_496' title='bbox 1402 2206 1429 2231; x_wconf 88' lang='lat' dir='ltr'>et</span> <span class='ocrx_word' id='word_1_497' title='bbox 1443 2203 1512 2236; x_wconf 84' lang='lat' dir='ltr'>alii,</span> <span class='ocrx_word' id='word_1_498' title='bbox 1530 2212 1600 2237; x_wconf 88' lang='lat' dir='ltr'>quos</span> <span class='ocrx_word' id='word_1_499' title='bbox 1616 2205 1734 2237; x_wconf 80' lang='lat' dir='ltr'>propter</span> <span class='ocrx_word' id='word_1_500' title='bbox 1750 2202 1929 2229; x_wconf 85' lang='lat' dir='ltr'>concubinas</span> <span class='ocrx_word' id='word_1_501' title='bbox 1943 2210 1993 2228; x_wconf 89' lang='lat' dir='ltr'>seu</span> <span class='ocrx_word' id='word_1_502' title='bbox 2007 2201 2234 2235; x_wconf 83' lang='lat' dir='ltr'>irregularitatis</span> <span class='ocrx_word' id='word_1_503' title='bbox 2248 2209 2300 2228; x_wconf 91' lang='lat' dir='ltr'>no-</span> 
     </span>
     <span class='ocr_line' id='line_1_70' title="bbox 1290 2250 2301 2287; baseline -0.004 -6"><span class='ocrx_word' id='word_1_504' title='bbox 1290 2256 1352 2281; x_wconf 84' lang='lat' dir='ltr'>tam</span> <span class='ocrx_word' id='word_1_505' title='bbox 1386 2253 1423 2280; x_wconf 84' lang='lat' dir='ltr'>ad</span> <span class='ocrx_word' id='word_1_506' title='bbox 1454 2252 1646 2287; x_wconf 86' lang='lat' dir='ltr'>apostolicam</span> <span class='ocrx_word' id='word_1_507' title='bbox 1682 2254 1814 2286; x_wconf 80' lang='lat' dir='ltr'>coegerat</span> <span class='ocrx_word' id='word_1_508' title='bbox 1847 2251 2045 2286; x_wconf 81' lang='lat' dir='ltr'>praesentiam</span> <span class='ocrx_word' id='word_1_509' title='bbox 2081 2250 2213 2278; x_wconf 83' lang='lat' dir='ltr'>laborare</span> <span class='ocrx_word' id='word_1_510' title='bbox 2225 2271 2232 2283; x_wconf 75' lang='grc'><strong>,</strong></span> <span class='ocrx_word' id='word_1_511' title='bbox 2266 2259 2301 2278; x_wconf 81' lang='lat' dir='ltr'>ae</span> 
     </span>
     <span class='ocr_line' id='line_1_71' title="bbox 1291 2298 2302 2336; baseline -0.003 -7"><span class='ocrx_word' id='word_1_512' title='bbox 1291 2302 1440 2335; x_wconf 88' lang='lat' dir='ltr'>nonnulli,</span> <span class='ocrx_word' id='word_1_513' title='bbox 1457 2301 1507 2336; x_wconf 88' lang='lat' dir='ltr'>qni</span> <span class='ocrx_word' id='word_1_514' title='bbox 1524 2300 1730 2335; x_wconf 83' lang='lat' dir='ltr'>confingebant</span> <span class='ocrx_word' id='word_1_515' title='bbox 1749 2300 1886 2327; x_wconf 89' lang='lat' dir='ltr'>eumdem</span> <span class='ocrx_word' id='word_1_516' title='bbox 1907 2299 2163 2334; x_wconf 87' lang='lat' dir='ltr'>archiepiscopum</span> <span class='ocrx_word' id='word_1_517' title='bbox 2179 2298 2236 2327; x_wconf 88' lang='lat' dir='ltr'>sibi</span> <span class='ocrx_word' id='word_1_518' title='bbox 2249 2299 2302 2326; x_wconf 87' lang='lat' dir='ltr'>de-</span> 
     </span>
     <span class='ocr_line' id='line_1_72' title="bbox 1291 2346 2300 2384; baseline -0.004 -6"><span class='ocrx_word' id='word_1_519' title='bbox 1291 2351 1361 2378; x_wconf 83' lang='lat' dir='ltr'>bitis</span> <span class='ocrx_word' id='word_1_520' title='bbox 1383 2350 1562 2384; x_wconf 81' lang='lat' dir='ltr'>obligatum,</span> <span class='ocrx_word' id='word_1_521' title='bbox 1589 2351 1691 2376; x_wconf 86' lang='lat' dir='ltr'>contra</span> <span class='ocrx_word' id='word_1_522' title='bbox 1714 2349 1766 2375; x_wconf 87' lang='lat' dir='ltr'>W.</span> <span class='ocrx_word' id='word_1_523' title='bbox 1793 2347 1840 2383; x_wconf 88' lang='lat' dir='ltr'>[de</span> <span class='ocrx_word' id='word_1_524' title='bbox 1864 2346 2034 2383; x_wconf 83' lang='lat' dir='ltr'>Dune1m0],</span> <span class='ocrx_word' id='word_1_525' title='bbox 2057 2347 2300 2375; x_wconf 85' lang='lat' dir='ltr'>archidiaconum</span> 
     </span>
     <span class='ocr_line' id='line_1_73' title="bbox 1291 2396 2300 2431; baseline -0.003 -5"><span class='ocrx_word' id='word_1_526' title='bbox 1291 2399 1399 2431; x_wconf 90' lang='lat' dir='ltr'>Caleti,</span> <span class='ocrx_word' id='word_1_527' title='bbox 1412 2401 1441 2426; x_wconf 89' lang='lat' dir='ltr'>et</span> <span class='ocrx_word' id='word_1_528' title='bbox 1456 2399 1529 2425; x_wconf 86' lang='lat' dir='ltr'>alios</span> <span class='ocrx_word' id='word_1_529' title='bbox 1545 2400 1729 2425; x_wconf 78' lang='lat' dir='ltr'>exsecutores</span> <span class='ocrx_word' id='word_1_530' title='bbox 1743 2397 1915 2424; x_wconf 84' lang='lat' dir='ltr'>testamenti</span> <span class='ocrx_word' id='word_1_531' title='bbox 1927 2397 2058 2430; x_wconf 74' lang='lat' dir='ltr'>ejusdem</span> <span class='ocrx_word' id='word_1_532' title='bbox 2073 2396 2300 2431; x_wconf 87' lang='lat' dir='ltr'>archiepiscopi,</span> 
     </span>
     <span class='ocr_line' id='line_1_74' title="bbox 1291 2445 2300 2481; baseline -0.003 -6"><span class='ocrx_word' id='word_1_533' title='bbox 1291 2449 1328 2475; x_wconf 88' lang='lat' dir='ltr'>ad</span> <span class='ocrx_word' id='word_1_534' title='bbox 1344 2448 1475 2475; x_wconf 71' lang='lat' dir='ltr'>diversos</span> <span class='ocrx_word' id='word_1_535' title='bbox 1491 2447 1605 2481; x_wconf 88' lang='lat' dir='ltr'>judices</span> <span class='ocrx_word' id='word_1_536' title='bbox 1618 2447 1751 2474; x_wconf 79' lang='lat' dir='ltr'>diversas</span> <span class='ocrx_word' id='word_1_537' title='bbox 1765 2447 1880 2474; x_wconf 88' lang='lat' dir='ltr'>litteras</span> <span class='ocrx_word' id='word_1_538' title='bbox 1891 2446 2066 2480; x_wconf 88' lang='lat' dir='ltr'>apostolicas</span> <span class='ocrx_word' id='word_1_539' title='bbox 2080 2445 2300 2480; x_wconf 84' lang='lat' dir='ltr'>impetrassent,</span> 
     </span>
     <span class='ocr_line' id='line_1_75' title="bbox 1291 2494 2301 2529; baseline -0.003 -5"><span class='ocrx_word' id='word_1_540' title='bbox 1291 2498 1480 2524; x_wconf 86' lang='lat' dir='ltr'>intendentes</span> <span class='ocrx_word' id='word_1_541' title='bbox 1496 2497 1612 2524; x_wconf 83' lang='lat' dir='ltr'>eosdem</span> <span class='ocrx_word' id='word_1_542' title='bbox 1627 2499 1812 2523; x_wconf 85' lang='lat' dir='ltr'>exsecutores</span> <span class='ocrx_word' id='word_1_543' title='bbox 1828 2495 1932 2523; x_wconf 91' lang='lat' dir='ltr'>litibus</span> <span class='ocrx_word' id='word_1_544' title='bbox 1943 2498 1971 2522; x_wconf 89' lang='lat' dir='ltr'>et</span> <span class='ocrx_word' id='word_1_545' title='bbox 1985 2494 2154 2529; x_wconf 87' lang='lat' dir='ltr'>sumptibus</span> <span class='ocrx_word' id='word_1_546' title='bbox 2166 2494 2301 2528; x_wconf 79' lang='lat' dir='ltr'>fatigare,</span> 
     </span>
     <span class='ocr_line' id='line_1_76' title="bbox 1292 2542 2301 2579; baseline -0.005 -6"><span class='ocrx_word' id='word_1_547' title='bbox 1292 2547 1370 2573; x_wconf 86' lang='lat' dir='ltr'>unde</span> <span class='ocrx_word' id='word_1_548' title='bbox 1381 2546 1548 2573; x_wconf 85' lang='lat' dir='ltr'>timendum</span> <span class='ocrx_word' id='word_1_549' title='bbox 1573 2548 1635 2572; x_wconf 87' lang='lat' dir='ltr'>erat</span> <span class='ocrx_word' id='word_1_550' title='bbox 1658 2554 1694 2572; x_wconf 87' lang='lat' dir='ltr'>ne</span> <span class='ocrx_word' id='word_1_551' title='bbox 1716 2545 1792 2572; x_wconf 85' lang='lat' dir='ltr'>bona</span> <span class='ocrx_word' id='word_1_552' title='bbox 1812 2553 1886 2579; x_wconf 86' lang='lat' dir='ltr'>quae</span> <span class='ocrx_word' id='word_1_553' title='bbox 1901 2544 1998 2571; x_wconf 85' lang='lat' dir='ltr'>dictus</span> <span class='ocrx_word' id='word_1_554' title='bbox 2019 2543 2257 2577; x_wconf 85' lang='lat' dir='ltr'>archiepiscopus</span> <span class='ocrx_word' id='word_1_555' title='bbox 2270 2542 2301 2569; x_wconf 89' lang='lat' dir='ltr'>in</span> 
     </span>
     <span class='ocr_line' id='line_1_77' title="bbox 1292 2590 2301 2629; baseline -0.005 -7"><span class='ocrx_word' id='word_1_556' title='bbox 1292 2595 1355 2629; x_wconf 84' lang='lat' dir='ltr'>pios</span> <span class='ocrx_word' id='word_1_557' title='bbox 1381 2603 1450 2622; x_wconf 80' lang='lat' dir='ltr'>usus</span> <span class='ocrx_word' id='word_1_558' title='bbox 1476 2594 1587 2628; x_wconf 81' lang='lat' dir='ltr'>erogari</span> <span class='ocrx_word' id='word_1_559' title='bbox 1617 2596 1819 2628; x_wconf 80' lang='lat' dir='ltr'>praeceperat,</span> <span class='ocrx_word' id='word_1_560' title='bbox 1844 2592 1995 2620; x_wconf 84' lang='lat' dir='ltr'>inutiliter</span> <span class='ocrx_word' id='word_1_561' title='bbox 2021 2591 2185 2626; x_wconf 86' lang='lat' dir='ltr'>expendere</span> <span class='ocrx_word' id='word_1_562' title='bbox 2208 2590 2301 2618; x_wconf 86' lang='lat' dir='ltr'>iidem</span> 
     </span>
     <span class='ocr_line' id='line_1_78' title="bbox 1292 2639 2303 2678; baseline -0.004 -8"><span class='ocrx_word' id='word_1_563' title='bbox 1292 2647 1475 2671; x_wconf 84' lang='lat' dir='ltr'>exsecutores</span> <span class='ocrx_word' id='word_1_564' title='bbox 1496 2644 1754 2678; x_wconf 87' lang='lat' dir='ltr'>compellerentur,</span> <span class='ocrx_word' id='word_1_565' title='bbox 1779 2657 1810 2660; x_wconf 98' lang='lat'><strong>—</strong></span> <span class='ocrx_word' id='word_1_566' title='bbox 1832 2642 1955 2669; x_wconf 88' lang='lat' dir='ltr'>mandat</span> <span class='ocrx_word' id='word_1_567' title='bbox 1977 2643 2139 2676; x_wconf 87' lang='lat' dir='ltr'>quatenus,</span> <span class='ocrx_word' id='word_1_568' title='bbox 2160 2639 2303 2667; x_wconf 84' lang='lat' dir='ltr'>facientes</span> 
     </span>
     <span class='ocr_line' id='line_1_79' title="bbox 1292 2687 2303 2726; baseline -0.005 -7"><span class='ocrx_word' id='word_1_569' title='bbox 1292 2691 1348 2719; x_wconf 85' lang='lat' dir='ltr'>sibi</span> <span class='ocrx_word' id='word_1_570' title='bbox 1365 2692 1499 2719; x_wconf 88' lang='lat' dir='ltr'>exhiberi</span> <span class='ocrx_word' id='word_1_571' title='bbox 1522 2701 1623 2719; x_wconf 85' lang='lat' dir='ltr'>omnes</span> <span class='ocrx_word' id='word_1_572' title='bbox 1644 2691 1810 2726; x_wconf 84' lang='lat' dir='ltr'>praedictas</span> <span class='ocrx_word' id='word_1_573' title='bbox 1829 2691 1960 2723; x_wconf 86' lang='lat' dir='ltr'>litteras,</span> <span class='ocrx_word' id='word_1_574' title='bbox 1979 2689 2136 2717; x_wconf 82' lang='lat' dir='ltr'>inhibeant</span> <span class='ocrx_word' id='word_1_575' title='bbox 2153 2687 2303 2723; x_wconf 84' lang='lat' dir='ltr'>judicibus</span> 
     </span>
     <span class='ocr_line' id='line_1_80' title="bbox 1293 2736 2302 2775; baseline -0.004 -8"><span class='ocrx_word' id='word_1_576' title='bbox 1293 2741 1329 2767; x_wconf 87' lang='lat' dir='ltr'>ad</span> <span class='ocrx_word' id='word_1_577' title='bbox 1345 2749 1415 2774; x_wconf 81' lang='lat' dir='ltr'>quos</span> <span class='ocrx_word' id='word_1_578' title='bbox 1432 2740 1608 2775; x_wconf 86' lang='lat' dir='ltr'>impetratae</span> <span class='ocrx_word' id='word_1_579' title='bbox 1624 2740 1683 2767; x_wconf 76' lang='lat' dir='ltr'>sint</span> <span class='ocrx_word' id='word_1_580' title='bbox 1694 2762 1700 2773; x_wconf 81' lang='lat'>,</span> <span class='ocrx_word' id='word_1_581' title='bbox 1725 2748 1761 2766; x_wconf 89' lang='lat' dir='ltr'>ne</span> <span class='ocrx_word' id='word_1_582' title='bbox 1783 2740 1915 2774; x_wconf 82' lang='lat' dir='ltr'>ipsarum</span> <span class='ocrx_word' id='word_1_583' title='bbox 1936 2738 2112 2766; x_wconf 82' lang='lat' dir='ltr'>auctoritate</span> <span class='ocrx_word' id='word_1_584' title='bbox 2128 2736 2302 2772; x_wconf 84' lang='lat' dir='ltr'>procedant,</span> 
     </span>
     <span class='ocr_line' id='line_1_81' title="bbox 1293 2785 2303 2822; baseline -0.004 -7"><span class='ocrx_word' id='word_1_585' title='bbox 1293 2789 1339 2815; x_wconf 87' lang='lat' dir='ltr'>his</span> <span class='ocrx_word' id='word_1_586' title='bbox 1362 2788 1686 2822; x_wconf 64' lang='lat' dir='ltr'>(InuitaxatexceptiS‚</span> <span class='ocrx_word' id='word_1_587' title='bbox 1707 2796 1804 2815; x_wconf 86' lang='lat' dir='ltr'>coram</span> <span class='ocrx_word' id='word_1_588' title='bbox 1826 2787 1933 2821; x_wconf 84' lang='lat' dir='ltr'>quibus</span> <span class='ocrx_word' id='word_1_589' title='bbox 1953 2794 2040 2821; x_wconf 84' lang='lat' dir='ltr'>super</span> <span class='ocrx_word' id='word_1_590' title='bbox 2060 2785 2219 2820; x_wconf 87' lang='lat' dir='ltr'>principali</span> <span class='ocrx_word' id='word_1_591' title='bbox 2241 2785 2303 2818; x_wconf 87' lang='lat' dir='ltr'>jam</span> 
     </span>
    </p>
   </div>
   <div class='ocr_carea' id='block_1_24' title="bbox 1864 1895 2226 1929">
    <p class='ocr_par' dir='ltr' id='par_1_24' title="bbox 1864 1895 2226 1929">
     <span class='ocr_line' id='line_1_82' title="bbox 1864 1895 2226 1929; baseline -0.003 -6"><span class='ocrx_word' id='word_1_592' title='bbox 1864 1896 1975 1929; x_wconf 84' lang='lat' dir='ltr'>Assise,</span> <span class='ocrx_word' id='word_1_593' title='bbox 1989 1896 2005 1923; x_wconf 89' lang='grc'>2</span> <span class='ocrx_word' id='word_1_594' title='bbox 2018 1895 2134 1923; x_wconf 86' lang='lat' dir='ltr'>octobre</span> <span class='ocrx_word' id='word_1_595' title='bbox 2147 1896 2226 1922; x_wconf 88' lang='lat'>1235.</span> 
     </span>
    </p>
   </div>
   <div class='ocr_carea' id='block_1_25' title="bbox 1294 2897 2305 2974">
    <p class='ocr_par' dir='ltr' id='par_1_25' title="bbox 1294 2897 2305 2974">
     <span class='ocr_line' id='line_1_83' title="bbox 1327 2897 2305 2931; baseline -0.004 -6"><span class='ocrx_word' id='word_1_596' title='bbox 1327 2902 1346 2925; x_wconf 85' lang='lat'>1.</span> <span class='ocrx_word' id='word_1_597' title='bbox 1364 2901 1407 2925; x_wconf 79' lang='lat' dir='ltr'>Un</span> <span class='ocrx_word' id='word_1_598' title='bbox 1428 2903 1586 2931; x_wconf 70' lang='lat' dir='ltr'>Haynerr’us</span> <span class='ocrx_word' id='word_1_599' title='bbox 1607 2903 1640 2924; x_wconf 64' lang='lat' dir='ltr'>tle</span> <span class='ocrx_word' id='word_1_600' title='bbox 1663 2901 1821 2929; x_wconf 66' lang='lat' dir='ltr'>Halym-ello</span> <span class='ocrx_word' id='word_1_601' title='bbox 1845 2900 1878 2922; x_wconf 79' lang='lat' dir='ltr'>de</span> <span class='ocrx_word' id='word_1_602' title='bbox 1900 2899 2015 2922; x_wconf 71' lang='lat' dir='ltr'>Per-usto</span> <span class='ocrx_word' id='word_1_603' title='bbox 2038 2898 2104 2922; x_wconf 81' lang='lat' dir='ltr'>etait</span> <span class='ocrx_word' id='word_1_604' title='bbox 2128 2898 2254 2928; x_wconf 80' lang='lat' dir='ltr'>podestat</span> <span class='ocrx_word' id='word_1_605' title='bbox 2270 2897 2305 2921; x_wconf 76' lang='lat' dir='ltr'>de</span> 
     </span>
     <span class='ocr_line' id='line_1_84' title="bbox 1294 2941 2304 2974; baseline -0.004 -5"><span class='ocrx_word' id='word_1_606' title='bbox 1294 2945 1403 2969; x_wconf 71' lang='lat' dir='ltr'>verone</span> <span class='ocrx_word' id='word_1_607' title='bbox 1420 2953 1453 2969; x_wconf 85' lang='lat' dir='ltr'>en</span> <span class='ocrx_word' id='word_1_608' title='bbox 1473 2946 1544 2974; x_wconf 64' lang='lat'><strong>12302</strong></span> <span class='ocrx_word' id='word_1_609' title='bbox 1562 2945 1595 2968; x_wconf 72' lang='lat' dir='ltr'>ct.</span> <span class='ocrx_word' id='word_1_610' title='bbox 1612 2945 1796 2971; x_wconf 55' lang='lat' dir='ltr'>Romanusne,</span> <span class='ocrx_word' id='word_1_611' title='bbox 1812 2950 1838 2966; x_wconf 86' lang='lat' dir='ltr'>n.</span> <span class='ocrx_word' id='word_1_612' title='bbox 1857 2943 1902 2967; x_wconf 71' lang='lat'>076</span> <span class='ocrx_word' id='word_1_613' title='bbox 1917 2946 1942 2966; x_wconf 81' lang='lat' dir='ltr'>et</span> <span class='ocrx_word' id='word_1_614' title='bbox 1959 2942 2013 2972; x_wconf 71' lang='lat'>70‘2,</span> <span class='ocrx_word' id='word_1_615' title='bbox 2029 2946 2054 2966; x_wconf 86' lang='lat' dir='ltr'>et</span> <span class='ocrx_word' id='word_1_616' title='bbox 2071 2949 2167 2971; x_wconf 77' lang='lat' dir='ltr'>supra,</span> <span class='ocrx_word' id='word_1_617' title='bbox 2187 2946 2215 2965; x_wconf 86' lang='lat' dir='ltr'>n·</span> <span class='ocrx_word' id='word_1_618' title='bbox 2232 2941 2304 2965; x_wconf 66' lang='lat'><strong>‘2483-</strong></span> 
     </span>
    </p>
   </div>
  </div>
 </body>
</html>
