2423 3487
72 348 145 377 -ιω99
792 340 1031 372 REGISTRES
1053 339 1109 369 DE
1131 334 1352 371 GREGOERE
1377 341 1435 371 tx.

72 413 202 447 alioquin
220 412 397 439 sententiam
413 419 499 445 quam
516 410 592 437 idem
611 410 779 444 patriarcha
795 409 851 435 rite
868 407 970 434 tulerit
986 407 1016 433 in
1033 414 1074 433 re-

72 462 176 492 belles,
200 461 262 493 ipse
274 468 350 494 papa
369 461 463 486 ratam
485 458 605 485 habebit
621 462 649 484 et
670 457 759 484 faciet
777 464 868 490 usque
884 456 919 482 ad
941 455 1073 482 satisfac-

69 511 178 536 tionem
195 509 369 542 condignam
386 507 547 534 observari.
562 522 596 525 —-
612 507 698 536 (Rau.
721 506 764 535 19,
778 507 797 532 f.
820 505 854 531 40
865 508 902 536 r⁰;
919 512 988 531 ann.
1004 503 1072 535 XII,

68 567 93 584 c.
110 557 173 588 1993
193 571 222 574 —
239 557 370 583 MOREAU
388 556 467 587 1192,
485 554 596 586 f.120.)

110 669 123 684 ιι
160 657 314 686 L‘niversis
339 656 492 684 abbatibus
518 660 544 684 el
575 655 703 688 clericis,
737 654 846 688 Grecis,
877 653 1019 682 Armenis
1049 657 1074 681 et

69 709 255 746 Georqianis,
279 709 487 745 Antiochmffe]
502 708 640 737 civitatis
664 712 689 736 el
711 707 847 736 diocesis.
870 706 909 735 In
930 704 1074 734 admira-

71 758 191 792 tionem
209 761 403 791 deducimur
417 778 465 789 -—.
484 761 558 790 Dat.
576 764 612 789 ut
627 768 737 797 supra.
759 771 771 785 n

137 953 255 981 4488

104 1015 295 1042 Patriarchae
308 1014 506 1046 Antiocheno,
523 1013 662 1048 specialis
677 1013 844 1040 devotionis
861 1012 972 1039 intuitu
985 1019 1072 1046 quam

70 1065 147 1091 idem
172 1064 341 1098 patriarcha
365 1063 400 1089 ad
424 1063 521 1096 ipsum
545 1070 651 1096 papam
676 1065 704 1089 et
726 1062 763 1088 ad
785 1062 950 1088 Romanam
975 1060 1073 1087 Eccle-

69 1113 143 1139 siam
163 1111 370 1139 dinoscebatur
391 1112 506 1143 habere,
524 1111 659 1144 indulget
679 1114 711 1137 ut
732 1110 833 1136 nullus
849 1109 879 1135 in
901 1109 963 1142 ejus
980 1116 1074 1142 perso-

70 1170 150 1193 nam,
162 1161 337 1187 auctoritate
351 1160 517 1187 litterarum
532 1159 759 1193 apostolicarum
773 1167 846 1192 quae
858 1158 893 1184 de
910 1159 963 1184 hac
977 1157 1074 1184 indulr

66 1211 168 1245 gentia
187 1219 244 1237 nou
266 1209 389 1236 iecerint
410 1209 604 1241 mentionem,
620 1207 938 1235 excommunicationis
959 1209 1074 1233 senten-

68 1259 141 1286 tiam
166 1259 263 1285 valeat
284 1258 479 1292 promulgare.
504 1272 535 1275 —
559 1257 645 1288 (ΗΕΘ.
670 1256 718 1289 19,
744 1257 762 1282 f.
782 1255 816 1282 40
842 1259 881 1287 r⁰;
908 1263 976 1281 ann.
999 1255 1073 1286 XII,

67 1316 91 1334 c.
111 1306 186 1337 200.)

661 952 782 983 Latran,
796 950 830 977 26
843 950 908 984 juin
922 949 1000 976 1238.

108 1420 120 1433 α
141 1429 161 1437 ..
176 1407 352 1445 patriarche
363 1407 559 1435 Antiocheno.
572 1404 760 1443 Apostolice
778 1404 872 1434 Sedis
886 1403 1074 1441 benignitas

66 1477 115 1489 —-.
133 1461 206 1490 Dat.
224 1463 260 1489 ut
277 1468 387 1497 supra.
408 1471 420 1485 ι)

139 1650 256 1678 4469

104 1713 210 1740 Eidem
229 1712 363 1746 indulget
380 1716 411 1739 ut
429 1713 529 1739 nullus
546 1712 576 1738 in
593 1712 754 1739 civitatem
764 1712 983 1738 Antiochenam
1002 1714 1030 1737 et
1045 1711 1075 1737 in

72 1764 199 1788 castrum
224 1761 367 1793 Cursarii,
389 1761 424 1788 ad
447 1761 601 1787 ecclesiam
620 1760 840 1787 Antiochenam
863 1761 1009 1793 spectans,
1027 1767 1077 1786 ex-

69 1809 349 1837 communicationis
365 1810 411 1835 vel
428 1809 581 1835 interdicti
599 1808 790 1840 sententiam,
809 1808 975 1834 litterarum
993 1815 1077 1841 apos-

72 1858 226 1885 tolicarum
249 1858 424 1884 auctoritate
446 1866 519 1892 quae
540 1858 575 1884 de
596 1858 651 1884 hac
670 1856 857 1890 indulgentia
879 1865 935 1883 non
954 1856 1077 1883 iecerint

72 1907 265 1939 mentionem,
275 1908 373 1933 valeat
383 1908 578 1941 promulgare.
592 1921 623 1924 -—
636 1906 722 1936 (ΒΕΘ.
738 1905 781 1938 19,
796 1907 814 1931 t'.
828 1905 862 1932 *10
873 1908 911 1937 r⁰;
927 1914 995 1931 ann.
1008 1905 1076 1937 XII,

71 1965 95 1983 c.
110 1955 184 1987 201.)

660 1649 781 1681 Latran,
798 1649 832 1675 26
847 1648 911 1682 juin
926 1648 1004 1674 1238.

109 2069 122 2083 «
143 2058 258 2086 Eidem.
278 2055 511 2086 Fraternitatis
529 2060 582 2085 tue
600 2055 726 2085 devotis
743 2072 791 2083 —.
805 2055 877 2085 Dat.
892 2058 1046 2092 utsupra.
1064 2068 1075 2079 »

139 2248 259 2275 4470

105 2309 209 2337 Eidem
228 2309 362 2343 indulget
377 2313 407 2335 ut
431 2309 459 2335 in
474 2309 652 2343 >quibusdam
672 2308 846 2335 civitatibus
862 2312 887 2335 et
906 2309 987 2341 locis,
1005 2317 1078 2342 quae

70 2367 84 2385 a
110 2357 280 2385 Sarracenis
303 2360 373 2384 tunc
395 2357 615 2389 detinebantur,
637 2357 686 2383 scd
708 2365 721 2381 «
743 2356 813 2383 olim
837 2357 890 2383 sub
910 2356 1077 2383 obedientia

71 2416 84 2432 ιι
106 2406 273 2441 patriarche
286 2406 372 2433 Greci
385 2405 565 2432 Antiocheni
584 2406 698 2431 fuisse»
713 2405 917 2433 noscebantur,
933 2413 946 2429 (t
961 2405 984 2431 si
1002 2405 1078 2431 civi-

72 2464 85 2480 »
108 2458 182 2482 tates
196 2458 223 2481 ct
240 2455 303 2481 loca
319 2455 452 2488 predicta
467 2454 502 2480 de
518 2454 746 2481 Sarraccnorum
768 2454 904 2480 manibus
921 2454 1077 2487 contigerit

72 2512 85 2528 n
106 2503 226 2530 libcrari
247 2511 272 2535 ›),
289 2503 527 2537 jurisdictionem
552 2510 635 2529 suam
658 2502 748 2528 libere
767 2503 863 2528 valeat
881 2510 1024 2528 exercere.
1047 2516 1076 2520 -—

72 2553 158 2584 (REG.
177 2552 219 2584 19,
235 2553 254 2577 i.
272 2551 306 2577 40
321 2554 358 2583 1¹⁰3
377 2560 446 2577 aun.
467 2551 534 2583 XII,
552 2559 576 2577 c.
596 2550 671 2581 202.)

660 2247 780 2279 Latran,
797 2246 831 2273 26
846 2247 910 2280 juin
927 2246 1005 2273 1238.

112 2665 124 2679 (t
142 2653 257 2682 Eidem.
276 2652 368 2687 Cum,
392 2652 478 2681 sicut
494 2655 550 2680 tua
568 2668 617 2679 —.
635 2651 708 2680 Dat.
726 2655 761 2679 ut
778 2659 887 2689 supra.
910 2663 922 2676 ι)

139 2845 225 2872 44ῒ
237 2846 255 2871 Ι

103 2908 334 2942 Archiepiscopo
350 2907 486 2941 Tyrensi,
505 2909 532 2933 et
550 2906 714 2933 Acconensi
738 2908 765 2932 et
783 2905 980 2932 Anteradensi
998 2904 1075 2939 epis—

69 2957 148 2991 copis
166 2956 287 2982 mandat
303 2958 446 2989 quatenus
463 2953 703 2990 [Bohemundum
721 2952 770 2988 V]‚
786 2953 951 2987 principem
969 2953 1074 2980 Antio-

70 3007 207 3038 chenam,
223 3007 361 3032 moneant
377 3007 409 3031 ut
426 3004 612 3039 patriarchae
627 3006 655 3030 et
671 3002 812 3029 ecclesiae
827 3001 1023 3028 Antiochenis
1040 3003 1074 3029 dc

618 2843 747 2877 Anagni,
762 2843 792 2869 31
810 2843 908 2876 juillet
925 2842 1003 2869 1238.

2091 340 2170 370 1100*

1157 407 1381 439 gravaminibus
1398 410 1425 434 et
1439 407 1559 441 injuriis
1577 407 1617 434 eis
1631 407 1668 434 ab
1682 407 1744 441 ipso
1760 408 1808 434 vel
1829 407 1865 434 ab
1881 407 1973 441 ipsius
1989 406 2164 433 officialibus

1157 454 1261 487 illatis,
1279 455 1512 482 satisfactionem
1529 455 1658 482 debitam
1672 455 1836 488 impendat,
1854 455 1929 482 etde
1944 458 2038 482 cetero
2051 454 2164 481 similia

1158 511 1214 529 non
1231 506 1409 537 praesumat.
1433 518 1464 521 —
1488 504 1574 535 (um.
1596 503 1639 536 19,
1663 504 1682 529 f.
1704 503 1738 529 40
1758 506 1804 535 v⁰3
1825 512 1895 530 ann.
1917 503 1985 536 XII,
2007 512 2031 530 c.
2048 503 2115 535 203;
2133 517 2164 521 -—

1157 551 1380 584 MOREA111192,
1392 554 1411 578 t'.
1426 552 1647 583 146,2›ar11⁴mex
1660 552 1838 583 RAYNALD03
1848 567 1880 570 —
1891 551 2167 583 Ponfflsw10628.)

1199 684 1211 697 «
1232 695 1251 700 ..
1270 673 1492 710 archiepiscopo
1511 674 1644 710 Tyrensi,
1667 696 1686 702 ..
1705 673 1868 702 Acconensi
1882 678 1908 702 et
1926 695 1945 701 ..
1965 673 2167 702 Anteradensi

1156 725 1312 762 episcopis.
1335 725 1476 755 Gravem
1492 725 1694 755 venerabilis
1715 724 1829 754 fratris
1853 725 1958 755 nostri
1980 748 2000 754 ..
2023 725 2167 763 patriar-

1157 777 1217 807 che
1233 777 1435 807 Antiocheni
1451 778 1637 815 recepimus
1654 778 1862 816 questionem
1877 777 1974 816 quod,
1993 786 2067 807 cum
2077 777 2168 816 prin-

1157 839 1232 868 ceps
1249 829 1478 860 Antiochenus
1492 830 1638 861 existens
1653 839 1712 868 pro
1728 835 1885 868 tempore,
1902 830 2097 869 priusquam
2114 834 2169 860 re*

1157 883 1258 921 cipiat
1281 883 1486 921 principatus
1509 883 1668 913 honorem
1691 887 1722 913 et
1746 892 1805 921 pro
1825 883 1974 922 principe
1990 883 2165 914 habeatur.

1157 936 1271 966 debeat
1289 946 1307 965 a
1323 936 1511 974 patriarcha
1532 936 1739 966 Antiocheno
1762 936 1994 966 investituram
2012 936 2050 966 de
2073 936 2169 975 prin-

1157 989 1267 1027 cipatu
1281 988 1427 1027 recipere
1443 998 1500 1027 per
1518 989 1686 1023 vexillum,
1705 993 1736 1018 et.
1752 989 1979 1028 juramentum
1996 988 2167 1019 fidelitatis

1157 1042 1222 1072 sibi
1241 1046 1271 1072 et
1290 1042 1429 1072 ecclesie
1445 1041 1653 1072 Antioc-hene
1669 1046 1827 1080 prestare,
1847 1051 1883 1072 ac
1902 1041 1937 1071 in
1955 1041 2018 1071 hac
2036 1050 2169 1080 posses-

1158 1095 1250 1125 sione
1276 1095 1327 1125 vel
1353 1095 1449 1133 quasi
1477 1094 1617 1124 ecclesia
1645 1095 1834 1133 supradicta
1859 1095 2031 1131 consistat,
2056 1099 2170 1133 utpote

1159 1157 1221 1186 que
1246 1157 1264 1178 a
1285 1148 1372 1177 clare
1396 1148 1555 1178 memorie
1580 1148 1849 1186 progenitoribus
1874 1147 1995 1177 nobilis
2012 1147 2075 1177 viri
2092 1147 2169 1187 B[0-

1158 1201 1317 1231 hemundi
1338 1201 1391 1238 V],
1414 1200 1575 1239 principis
1601 1200 1813 1235 Antiocheni,
1834 1201 1959 1238 recepit
1976 1200 2168 1240 hujusmodi

1156 1254 1394 1293 juramentum,
1412 1257 1443 1283 et
1459 1253 1523 1291 ipsi
1540 1253 1773 1283 investituram
1796 1253 1834 1283 de
1851 1253 2039 1292 principatu
2057 1253 2098 1283 ab
2114 1262 2170 1284 ea-

1159 1307 1232 1337 dem
1263 1306 1403 1336 ecclesia
1431 1311 1626 1344 receperunt
1653 1316 1659 1335 :
1688 1306 1775 1335 idem
1806 1306 1939 1341 nobilis,
1970 1315 1989 1336 a
2017 1306 2169 1344 vestigiis

1158 1359 1428 1398 predecessorum
1459 1368 1594 1389 suorum
1623 1368 1680 1397 pro
1710 1368 1770 1388 sua
1799 1358 1968 1389 voluntate
1997 1359 2165 1389 recedens.

1160 1422 1223 1442 uon
1248 1412 1354 1442 solum
1373 1412 1608 1442 investituram
1628 1412 1777 1446 eandem,
1798 1416 1893 1450 prout
1909 1412 2004 1442 debet
2021 1417 2051 1442 et
2066 1412 2170 1442 moris

1159 1470 1219 1499 est,
1245 1465 1285 1495 ab
1309 1474 1345 1495 eo
1364 1465 1510 1503 recipere
1531 1474 1567 1494 ac
1590 1465 1761 1495 fidelitatis
1780 1469 1928 1503 prestare
1953 1464 2058 1495 noluit
2075 1465 2170 1504 jura-

1161 1522 1318 1555 mentum,
1338 1518 1394 1547 sed
1411 1518 1522 1553 etiam,
1542 1517 1700 1547 adversus
1719 1522 1858 1547 matrem
1877 1526 1972 1547 suam
1988 1517 2169 1548 Antioche-

1162 1581 1235 1602 nam
1253 1572 1426 1602 ecclesiam
1451 1581 1484 1601 se
1505 1571 1674 1607 extollens,
1692 1572 1731 1601 ad
1748 1581 1925 1609 gravamen
1943 1572 2049 1610 ipsius
2067 1576 2098 1602 et
2116 1572 2168 1602 in-

1157 1625 1263 1663 jurias
1276 1625 1422 1655 extendit
1434 1625 1551 1655 illicite
1568 1634 1687 1654 manus
1705 1633 1793 1659 suas,
1807 1625 1841 1654 in
1856 1624 2008 1655 homines
2022 1625 2170 1664 ejusdem

1161 1678 1298 1708 ecclesie
1313 1687 1349 1707 ac
1367 1677 1448 1707 alios
1465 1678 1504 1708 de
1523 1678 1592 1707 foro
1608 1677 1726 1715 ipsius,
1745 1681 1859 1707 contra
1872 1678 2038 1716 justitiam
2058 1682 2089 1708 et
2106 1678 2172 1708 for-

1161 1740 1247 1760 mam
1266 1731 1516 1769 compositionis
1534 1730 1615 1760 inite
1632 1731 1719 1760 iuter
1739 1730 1879 1760 eundem
1899 1730 2123 1769 patriarcham
2140 1736 2172 1761 et

1161 1784 1325 1823 quondam
1350 1784 1616 1823 B[ohemundum
1632 1785 1700 1821 Im.
1723 1789 1849 1822 patrem
1866 1784 1945 1814 dicti
1968 1784 2101 1822 nobilis,
2117 1785 2172 1824 ju-

1162 1838 1388 1867 risdictionem
1409 1837 1591 1867 indebitam
1610 1837 1811 1875 usurpando.
1833 1837 1916 1868 Cum
1940 1837 2028 1867 enim
2053 1837 2175 1868 caste]-

1163 1890 1258 1919 lanus
1289 1890 1389 1919 castri
1422 1890 1586 1921 Cursarii.
1621 1889 1772 1919 officialis
1801 1890 1940 1920 ecclesie
1971 1890 2171 1928 supradicte.

1163 1943 1327 1982 quendam
1352 1943 1564 1972 homicidam.
1593 1943 1650 1981 qui
1677 1943 1898 1981 presbiterum
1927 1943 2047 1981 prefati
2072 1944 2173 1973 castri

1163 2005 1245 2025 ausu
1272 1996 1434 2025 diabolico
1461 1995 1640 2025 crudeliter
1661 1996 1857 2030 trucidarat,
1889 1996 2067 2034 suspendio
2094 2005 2173 2026 con-

1162 2050 1383 2087 dempnasset,
1402 2049 1489 2079 idem
1508 2049 1630 2079 nobilis
1649 2049 1867 2079 castellanum
1885 2049 2036 2084 eundem,
2055 2058 2173 2088 quam-

1162 2112 1258 2141 quam
1277 2103 1310 2131 in
1326 2112 1399 2132 eum
1416 2102 1686 2141 jurisdictionem
1703 2102 1848 2141 aliquam
1867 2112 1931 2132 nou
1948 2102 2095 2138 haberet,
2114 2112 2173 2141 pro

1161 2164 1219 2185 sue
1231 2155 1411 2185 voluntatis
1422 2155 1559 2185 arbitrio
1574 2155 1744 2189 diffidavit,
1761 2154 1918 2185 inhibens
1932 2155 2171 2185 nichilominus

1161 2208 1231 2238 suis
1251 2208 1448 2238 officialibus
1474 2213 1504 2238 et
1524 2207 1644 2238 balivis
1662 2217 1702 2238 ne
1718 2207 1911 2238 hominihus
1929 2207 2115 2246 patriarche
2133 2217 2171 2238 ac

1162 2260 1299 2290 ecclesie
1321 2270 1379 2290 seu
1403 2260 1479 2290 aliis
1505 2260 1543 2290 de
1568 2261 1640 2290 foro
1665 2260 1813 2298 ipsorum
1834 2261 1999 2299 justitiam
2024 2260 2170 2299 aliquam

1161 2313 1365 2348 exhiberent,
1399 2314 1481 2344 alias
1508 2314 1555 2344 eis
1579 2314 1689 2351 gravis
1718 2314 1898 2352 plurimum
1927 2318 1957 2344 et
1986 2314 2170 2353 injuriosus

1162 2366 1317 2396 existens.
1340 2367 1499 2397 Nolentes
1526 2367 1628 2403 icitur
1648 2367 1827 2397 eorundem
1850 2367 2038 2405 patriarche
2058 2376 2093 2396 ac
2117 2376 2171 2396 ec—

1161 2419 1260 2449 clesie
1280 2429 1457 2457 gravamen
1474 2420 1658 2450 indebitum
1679 2420 1857 2453 sustinere,
1876 2429 1913 2449 ac
1927 2420 1964 2449 de
1982 2424 2089 2450 vestre
2106 2420 2172 2450 cir-

1161 2473 1418 2510 cumspectionis
1438 2473 1612 2511 prudentia
1634 2472 1764 2511 plenam
1790 2473 1825 2501 in
1852 2473 1994 2502 Domino
2017 2473 2169 2503 fiduciam

1161 2525 1359 2561 obtinentes,
1379 2526 1583 2555 fraternitati
1600 2530 1719 2563 vestre,
1746 2526 1784 2556 de
1806 2526 1914 2564 ipsius
1936 2526 2121 2564 patriarche
2141 2531 2171 2556 ot

1162 2578 1298 2607 alterius
1310 2579 1414 2616 partis
1431 2579 1654 2617 procuratoris
1672 2587 1822 2613 assensu,
1841 2579 2037 2609 mandamus
2056 2584 2172 2618 quate-

1161 2640 1223 2660 nus
1241 2632 1381 2661 cundem
1399 2632 1544 2662 nobilem
1563 2637 1600 2662 ut
1616 2632 1653 2662 de
1676 2631 1848 2670 premissis
1872 2632 2169 2669 gravaminibus&

1161 2684 1295 2722 injuriis
1319 2685 1464 2714 debitam
1487 2685 1750 2715 satisfactionem
1772 2684 1940 2722 impendat.
1959 2689 1989 2714 et
2008 2684 2046 2715 de
2063 2690 2172 2715 cetero

1160 2736 1285 2766 similia
1303 2746 1366 2766 uon
1387 2742 1567 2776 presumat,
1587 2738 1626 2767 ab
1649 2747 1762 2767 eorum
1786 2741 1816 2767 et
1838 2737 2011 2767 hominurn
2035 2746 2170 2767 suorum

1159 2789 1350 2828 hujusmodi
1369 2791 1619 2827 gravaminibus
1638 2791 1771 2828 penitus
1789 2790 1989 2825 desistendo,
2007 2790 2171 2820 moneatis

1159 2842 1346 2880 at[tentius]
1363 2847 1394 2873 et
1410 2843 1586 2873 efficaciter
1602 2843 1779 2878 inducatis,
1798 2843 1907 2881 ipsum
1927 2843 1967 2872 ad
1982 2843 2054 2878 hoc,
2071 2843 2099 2873 si
2116 2851 2171 2873 ne-

1158 2902 1249 2924 cesse
1279 2895 1396 2931 fuerit,
1432 2904 1489 2934 per
1514 2904 1691 2926 censuram
1715 2895 1991 2932 ecclesiasticam,
2023 2895 2167 2934 appella-

1159 2948 1245 2978 tione
1268 2953 1405 2984 remota,
1429 2949 1585 2987 c0[gnita]
1610 2948 1787 2987 veri[tate],
1812 2953 1978 2987 cogentes.
2011 2949 2086 2978 Non
2110 2948 2167 2978 oh-

1158 3004 1265 3030 stante
1283 3001 1521 3031 constitutione
1541 3001 1579 3031 de
1602 3001 1730 3031 duabus
1755 3001 1852 3031 dietis
1871 3001 1959 3031 edita
1974 3000 2009 3030 in
2025 3000 2168 3031 concilio
