2519 3518
171 339 246 369 1137
1016 325 1238 364 noemmin
1262 325 1418 361 ANNEE.
2196 332 2273 363 1138

169 410 282 435 torum.
301 405 383 436 Cum
399 404 492 435 vobis
515 403 685 442 negotium
701 420 749 432 --.
768 404 841 433 Dat.
857 401 1018 440 Anagnie,
1038 401 1087 431 111
1101 399 1175 428 idus

169 457 380 496 septembris,
395 466 481 487 anno
498 456 703 486 duodecimo.
723 468 735 482 >³

240 641 364 669 4530
659 640 788 673 Anagni,
802 640 833 666 11
849 638 1015 673 septembre
1028 638 1106 664 1238.

206 703 351 737 Episcopo
366 702 550 729 Ariminensi
566 701 732 728 consulenti
747 701 902 735 respondet
919 700 1019 734 «quod
1037 699 1185 726 beneficia·

170 760 185 778 ³)
198 752 405 779 canonicorum
426 751 548 778 ecclesie
564 750 728 784 Eugubine,
743 749 856 776 ordinis
870 749 964 775 sancti
981 747 1141 780 Augustini
1154 755 1178 780 1),

170 801 265 835 quise
279 799 466 834 opponebant
482 798 645 826 «electioni
661 798 807 825 celebrate
823 798 858 824 (le
874 797 968 832 priore
983 796 1077 830 ipsius
1089 797 1179 822 eccle-

171 856 186 875 »
198 849 250 880 sic,
273 857 338 875 cum
360 851 462 874 contra
482 847 621 874 instituta
637 847 807 880 regularia»
824 846 914 872 iidem
930 845 1065 872 canonici
1077 845 1178 871 eadem

172 897 316 924 beneficia
338 904 394 923 non
416 898 534 930 possent
555 895 699 927 obtinere,
724 895 759 921 ad
782 903 887 921 manus
914 902 980 920 suas
1004 893 1181 920 auctoritate

171 945 333 979 apostolica
357 945 490 979 recipiat,
516 946 544 971 et
567 944 657 971 alicui
681 943 818 978 prudenti
843 943 906 969 viro
929 942 1108 974 committat,
1131 941 1179 975 qui

173 995 332 1028 proventus
349 992 517 1019 eorumdem
536 992 742 1019 beneficiorum
762 991 888 1017 fideliter
899 991 1019 1023 colligat
1032 992 1060 1016 et
1074 990 1181 1016 exinde

171 1049 315 1076 expensas
331 1041 366 1068 ad
385 1041 471 1074 hujus
490 1049 593 1067 causae
614 1040 848 1074 prosecutionem
864 1039 1043 1066 necessarias
1060 1039 1181 1065 canoni-

172 1091 214 1117 cis
231 1091 402 1117 memoratis
415 1090 555 1123 assignet,
571 1090 611 1116 ita
628 1089 703 1123 quod
720 1088 860 1115 salarium
882 1088 1011 1114 dandum
1030 1087 1182 1113 advocatis

171 1139 354 1166 taxationem
376 1139 411 1165 de
431 1138 539 1171 viginti
562 1138 646 1165 libris
669 1137 780 1164 usualis
802 1140 946 1166 monetae.
970 1136 1006 1162 ab
1028 1136 1090 1169 ipso
1107 1143 1182 1169 papa

172 1187 295 1218 editam,
316 1195 372 1213 non
393 1187 533 1218 excedam
556 1186 631 1220 quod
653 1194 687 1212 ex
705 1185 766 1212 illis
783 1184 975 1219 proventibus
992 1184 1180 1218 superfuerit,

172 1235 235 1270 ipse
248 1235 402 1269 episcopus
417 1235 447 1261 in
463 1235 625 1262 utilitatem
646 1234 786 1261 ecclesiae
799 1233 1001 1260 Ariminensis
1017 1235 1180 1262 convertat,

171 1286 210 1316 et,
232 1283 255 1309 si
269 1284 341 1310 forte
365 1283 437 1309 dicti
465 1285 625 1317 proventus
644 1282 679 1308 ad
705 1282 863 1315 jamdictas
884 1290 1026 1315 expensas
1051 1281 1182 1307 sufficere

172 1334 338 1365 nequeant,
357 1331 433 1365 quod
453 1331 591 1363 defuerit,
616 1331 651 1357 de
670 1330 861 1364 proventibus
880 1329 1089 1356 communibus
1105 1330 1183 1363 ejus-

171 1380 238 1407 dem
255 1380 396 1406 ecelesiae
415 1380 565 1414 suppleat;
585 1379 739 1413 provideat
753 1379 829 1412 quod
848 1379 919 1405 haec
933 1387 1019 1405 causa
1035 1386 1126 1412 usque
1146 1378 1183 1405 ad

172 1430 279 1455 festum
306 1428 450 1455 Omnium
474 1428 649 1454 Sanctorum
678 1427 810 1461 proximo
832 1428 965 1453 futurum
987 1427 1181 1458 terminetur;

171 1480 320 1509 ceterum,
339 1477 363 1503 si
386 1476 547 1511 reppererit
568 1476 643 1510 quod
662 1475 735 1502 dicti
755 1475 901 1507 canonici,
918 1475 994 1502 sicut
1018 1475 1182 1507 dicebatur,

174 1528 334 1560 proventus
356 1525 572 1559 praedictorum
596 1524 803 1551 beneficiorum
826 1523 1028 1556 vendiderint,
1054 1524 1181 1557 pretium

173 1575 344 1607 perceptum
369 1581 403 1599 ex
421 1572 483 1599 illis
507 1572 597 1599 faciat
613 1572 643 1598 in
666 1572 826 1606 praedictis
848 1573 984 1606 expensis
1005 1573 1180 1606 computari.

172 1636 205 1640 —
223 1622 310 1653 (11Εο.
328 1621 372 1653 19,
390 1622 410 1648 f.
423 1620 504 1653 501-⁰;
519 1629 588 1647 ann.
602 1621 669 1653 XII,
682 1629 706 1647 c.
717 1620 791 1651 251.)

213 1734 226 1749 «
247 1745 267 1751 ..
283 1723 418 1760 episcopo
433 1722 635 1751 Ariminensi.
660 1721 862 1751 Litterarum
880 1725 1010 1751 tuarum
1030 1721 1116 1751 serie
1133 1739 1180 1750 —.

170 1775 245 1805 Dat.
262 1778 299 1804 ut
317 1783 426 1812 supra.
448 1786 460 1801 »

243 1958 355 1986 453¹

208 2020 352 2054 Episcopo
369 2020 533 2047 Mantuano
551 2021 672 2047 mandat
689 2025 832 2054 quatenus
856 2022 1075 2055 Episcopellum
1097 2022 1184 2048 eleri-

654 1959 783 1993 Anagni,
802 1960 831 1986 11
851 1960 1016 1993 septembre
1032 1960 1111 1987 1238.

172 2077 251 2101 cum,
267 2068 296 2094 iu
312 2069 487 2095 canonicum
501 2069 700 2095 Veronensmn
719 2078 769 2103 per
785 2070 846 2096 vim
861 2071 1015 2098 laicorum,
1033 2071 1184 2096 occasionn

173 2118 338 2144 discordiae
355 2118 384 2144 in
408 2118 531 2144 civitate
548 2119 711 2144 Versmcnsi
733 2119 878 2150 subortae,
899 2128 963 2145 cum
990 2119 1126 2145 nonnulli
1150 2119 1185 2145 dc

174 2166 290 2193 clericis
316 2167 446 2199 ejusdem
477 2167 611 2193 civitatis
636 2170 808 2200 cogerentur
835 2169 979 2199 exsulare,
1010 2168 1182 2194 institutum

174 2223 225 2241 seu
241 2215 338 2248 potius
354 2215 514 2247 intrusum,
533 2215 727 2249 peremptorie
739 2216 820 2247 citet,
838 2220 867 2242 ut
884 2216 959 2242 intra
975 2225 1104 2242 mensem
1122 2221 1186 2250 post

174 2263 347 2290 citationem
370 2271 466 2289 coram
486 2263 547 2297 ipso
564 2271 640 2297 papa
653 2267 831 2297 mmparoat.
850 2279 880 2282 —
898 2265 984 2295 (Hm.
1002 2265 1045 2297 19,
1064 2266 1083 2290 t'.
1096 2264 1130 2291 50
1141 2268 1184 2296 x·⁰;

174 2319 245 2338 ann.
264 2311 332 2343 XII,
349 2320 373 2337 c.
393 2311 468 2342 252.)

217 2424 231 2439 <a
249 2435 268 2440 ..
284 2413 416 2450 episcopo
428 2413 607 2441 Manlumzo.
624 2412 721 2443 Olim,
738 2413 937 2451 quibusdam
951 2414 1184 2449 referentibus,

174 2465 344 2496 intellecto
369 2465 467 2504 quod,
496 2474 581 2499 cum,
607 2466 779 2495 occasione
806 2466 969 2496 discordie
993 2467 1028 2496 in
1054 2467 1186 2497 civitate

173 2518 362 2549 Veronensi
390 2517 540 2552 suborte,
574 2518 726 2548 nonnulli
757 2519 795 2548 de
825 2519 955 2549 clericis
984 2519 1128 2549 civitatis
1157 2525 1185 2550 et

175 2570 318 2601 diocesis
334 2570 580 2600 Veronensium
603 2576 798 2609 cogerentur
817 2581 835 2601 a
851 2572 920 2602 suis
940 2572 1090 2603 ecclesiis
1109 2582 1186 2603 exu—

175 2623 256 2659 lare,
276 2623 315 2653 ab
333 2623 420 2659 aliis,
444 2623 501 2662 qui
519 2623 554 2652 in
574 2624 698 2654 eisdem
716 2624 848 2654 civitate
866 2634 901 2654 ac
918 2625 1042 2655 diocesi
1056 2634 1186 2655 reman—

177 2680 304 2711 serunt,
327 2685 385 2714 per
401 2676 468 2705 vim
485 2680 676 2714 metumque
695 2676 856 2706 laicorum
874 2682 938 2708 tam
955 2678 989 2707 in
1005 2677 1187 2708 cathedrali

176 2737 276 2767 quam
299 2728 333 2757 in
360 2728 436 2758 aliis
462 2728 612 2758 ecclesiis
634 2729 872 2766 procedebatur
893 2731 933 2760 ad
955 2730 1134 2761 electiones
1157 2736 1187 2761 et

175 2780 417 2815 institutiones,
436 2780 488 2810 vel
504 2780 710 2811 intrusiones
728 2782 836 2819 potius
849 2782 1056 2818 clericorum,
1075 2787 1185 2812 contra

176 2833 355 2863 canonicas
384 2833 573 2863 sanctiones
603 2844 609 2862 :
642 2842 712 2869 nos,
744 2843 783 2864 ne
816 2839 902 2865 tante
927 2835 1187 2874 presumptionis

177 2894 332 2916 excessus
356 2885 515 2915 transiret
541 2885 617 2916 aliis
643 2887 677 2916 in
699 2887 895 2925 exemplum,
918 2887 1047 2918 dilectis
1068 2887 1186 2918 filiis..

177 2938 422 2973 archidiacono,
449 2961 469 2968 ..
494 2939 701 2969 vicedomino
723 2944 753 2970 et
776 2940 942 2979 quondam
956 2941 1115 2978 magistro
1130 2940 1188 2970 Al-

177 2989 281 3025 berto⁷
307 2990 465 3020 canonico
493 2991 738 3030 Brixiensibus‚
761 2993 884 3023 nostris
901 2993 1052 3023 dedimus
1066 2992 1187 3023 litteris

303 3048 489 3080 GRnGomE
507 3056 557 3086 ix,
577 3060 595 3082 t.
615 3057 650 3082 11.

1260 396 1294 426 in
1314 398 1479 428 mandatis
1503 402 1548 433 ut,
1570 398 1747 427 electiones
1772 402 1803 427 ct
1826 397 2054 427 institutiones
2078 398 2269 437 hujusmodi

1260 451 1454 480 auctoritate
1472 455 1584 480 nostra
1608 451 1640 480 in
1666 451 1797 479 irritum
1820 455 2021 485 revocantes,
2041 460 2081 480 ne
2096 460 2268 489 presume-

1263 507 1375 533 rentur
1402 503 1527 532 similia
1554 503 1592 532 de
1617 507 1743 534 cetero,
1771 502 1982 536 inhiberent;
2011 504 2273 534 contradictores

1261 555 1347 594 [etc.,
1371 565 1476 594 usque
1495 557 1516 593 2]
1535 556 1782 594 compescendo.
1802 555 1945 585 Predicti
1971 565 2046 585 vcro
2063 556 2270 586 archidiaco-

1264 617 1325 638 nus
1347 613 1375 638 et
1398 608 1532 647 college,
1558 609 1591 638 in
1614 609 1806 639 executione
1831 609 1976 638 mandati
1999 609 2169 646 apostolici
2186 609 2270 647 legi—

1264 661 1340 691 time
1357 662 1581 700 procedentes,
1600 662 1678 700 quia
1691 660 1933 699 Episcopellum
1950 661 2106 691 clericum
2124 662 2157 690 in
2175 670 2270 691 cano-

1263 714 1374 743 nicum
1403 715 1628 744 Veronensem
1660 714 1851 743 institutum
1884 722 1942 751 per
1975 714 2041 742 vim
2079 719 2109 743 et
2146 718 2269 744 metum

1263 766 1440 803 laicorum,
1465 767 1565 796 immo
1588 766 1755 796 intrusum
1781 766 1907 804 potius,
1935 766 2150 797 invenerunt.
2184 767 2271 796 dicto

1264 819 1421 857 magistro
1437 819 1536 849 rebus
1554 819 1709 848 humanis
1732 823 1892 857 exempto,
1919 823 1949 848 et
1970 818 2082 848 eodem
2109 819 2271 849 archidia-

1263 879 1344 900 cono
1363 894 1381 899 ..
1406 870 1684 909 archipresbitero
1710 871 1748 900 de
1773 870 1900 900 Pratis¹
1919 871 2143 901 committente
2161 871 2201 901 ad
2222 872 2271 901 se-

1265 924 1400 954 rendam
1421 924 1621 954 sententiam
1648 924 1736 953 vices
1760 932 1848 957 suas,
1876 923 1976 953 iidem
1995 923 2223 953 vicedominus
2241 928 2271 953 et

1264 976 1521 1014 archipresbiter
1555 976 1799 1006 institutionem
1838 985 1895 1005 seu
1935 976 2155 1005 intrusionem
2192 976 2271 1006 dicti

1266 1029 1474 1067 Episcopelfi,
1488 1029 1601 1058 habito
1618 1028 1804 1066 sapientum
1818 1028 1968 1061 consilio,
1988 1037 2044 1065 per
2060 1028 2270 1058 diffinitivant

1265 1082 1464 1112 sententiam
1482 1086 1687 1117 revocarunt,
1707 1081 1856 1120 injuncto
1875 1081 2018 1119 capitulo
2034 1082 2219 1111 Veronensi
2236 1086 2270 1111 ut

1265 1136 1373 1173 ipsum
1390 1144 1447 1173 pro
1466 1134 1625 1164 canonico
1642 1143 1707 1163 non
1725 1133 1897 1168 haberent,
1915 1134 1948 1162 in
1967 1134 2224 1164 contradictores
2242 1139 2273 1164 et

1266 1188 1405 1219 rebelles
1440 1187 1792 1218 excommunicationis
1828 1187 2027 1216 sententiam
2065 1187 2271 1224 proferendo.

1265 1242 1430 1277 Ceterum,
1450 1241 1527 1279 quia
1545 1241 1652 1270 dictus
1667 1239 1893 1278 Episcopellus
1907 1239 2138 1268 canonicatum
2155 1239 2272 1278 hujus—

1266 1295 1353 1325 modi
1370 1299 1400 1324 et
1416 1293 1616 1333 prebendam
1633 1293 1780 1323 detinere
1797 1292 1918 1321 dicitur
1934 1297 2101 1330 occupata,
2121 1292 2273 1322 fraterni-

1266 1349 1325 1378 tati
1359 1352 1412 1378 tue
1439 1347 1635 1376 mandamus
1665 1351 1829 1385 quatenus
1860 1345 2000 1375 eundem
2031 1345 2273 1383 Episcopellum

1266 1400 1485 1439 peremptorie
1506 1409 1543 1430 ex
1566 1405 1657 1438 parte
1679 1403 1791 1429 nostra
1817 1399 1917 1428 citare
1940 1407 2106 1436 procures,
2127 1402 2162 1427 ut
2185 1398 2275 1427 infra

1267 1463 1414 1484 mensem
1436 1458 1508 1492 post
1528 1453 1719 1483 citationem
1739 1458 1827 1482 tuam
1849 1452 2068 1490 personaliter
2088 1455 2275 1490 compareat

1260 1514 1376 1537 ‘coram
1397 1507 1503 1542 nobis,
1527 1507 1676 1535 facturus
1700 1514 1798 1543 super
1816 1505 1876 1534 hoc
1897 1504 2027 1543 justitie
2054 1504 2276 1542 complemen-

1267 1565 1352 1595 tum;
1372 1560 1481 1599 ipsum
1498 1559 1537 1589 ad
1558 1559 1602 1594 id,
1621 1559 1649 1588 si
1669 1568 1750 1597 opus
1766 1558 1878 1590 fuerit,
1897 1566 1953 1596 per
1977 1567 2151 1587 censuram
2171 1557 2275 1587 eccle-

1267 1613 1446 1649 siasticam,
1474 1611 1693 1650 appellatione
1719 1610 1910 1649 postposita,
1939 1609 2174 1648 compellendo.
2200 1610 2273 1639 Dat.

1267 1671 1301 1696 ut
1318 1675 1428 1704 supra.
1449 1678 1461 1692 ›>

1337 1851 1453 1878 4532

1302 1911 1568 1946 Arctiiprcsbytcro
1585 1911 1619 1937 de
1637 1911 1735 1937 Prato.
1754 1910 1883 1943 Reginae
1901 1910 2053 1940 dioecesis,
2068 1909 2188 1935 mandat
2204 1917 2276 1942 qua-

1753 1849 1882 1882 Anagni,
1900 1849 1929 1874 11
1949 1847 2113 1881 septembre
2126 1847 2203 1874 1238.

1268 1965 1352 1988 tenus
1379 1960 1552 1993 magistrum
1579 1960 1767 1990 Ansclmum,
1789 1958 1972 1984 canonicum·
1988 1958 2200 1989 Veronensem,
2227 1957 2276 1991 qui

1269 2011 1297 2036 in
1322 2011 1452 2036 t'ax'orcm
1480 2008 1700 2034 intert'cctorum
1725 2007 1875 2035 Guidoeti,
1898 2007 2025 2040 episcopi
2051 2005 2220 2037 Mantuani,
2245 2005 2274 2031 in

1267 2058 1484 2091 derogationem
1504 2056 1721 2082 ecclcsiasticae
1736 2055 1893 2085 libertatis,
1908 2056 1943 2081 ad
1961 2055 2144 2081 audientiam
2160 2058 2276 2088 aposto-

1269 2107 1356 2133 licam
1381 2106 1534 2132 dicebatur
1553 2105 1729 2138 appellasse.
1756 2119 1786 2121 —
1811 2104 1834 2129 si
1862 2104 1937 2129 intra
1963 2103 2179 2137 praefigendum
2198 2102 2222 2128 ei
2240 2102 2277 2128 ab

1269 2156 1331 2189 ipso
1347 2154 1603 2188 archipresbytcro
1620 2153 1780 2179 terminum
1796 2152 1831 2178 de
1846 2153 1898 2178 hoc
1916 2160 2034 2177 excessu
2051 2160 2080 2177 se
2097 2160 2152 2177 non
2170 2159 2276 2185 purga-

1269 2204 1355 2235 verit,
1374 2218 1404 2221 —
1422 2207 1562 2236 tanquam
1581 2202 1749 2229 convictum
1770 2202 1910 2227 canonice
1930 2201 2042 2234 puniat.
2066 2215 2097 2217 -
2121 2201 2208 2230 (lim.
2232 2200 2276 2227 19.

1269 2255 1289 2280 1.
1315 2253 1349 2279 50
1376 2257 1419 2284 v⁰;
1441 2260 1510 2278 anu.
1537 2252 1604 2283 XII,
1620 2259 1644 2276 c.
1666 2250 1734 2281 25&
1753 2265 1783 2267 —
1799 2251 1836 2276 ct'.
1854 2256 1948 2282 supra,
1967 2257 1995 2275 11,
2013 2248 2082 2275 26οΤ
2096 2252 2124 2275 et
2138 2248 2230 2277 3318.)

1312 2366 1324 2380 «
1352 2377 1371 2382 ..
1400 2353 1652 2390 archipresbitero
1676 2352 1710 2380 cle
1733 2352 1838 2385 Proto,
1867 2349 1997 2389 Reqinjc]
2023 2350 2157 2378 diocesis.
2187 2349 2275 2379 Sicut

1271 2407 1393 2437 nostris
1423 2405 1560 2436 auribus
1589 2409 1638 2435 est
1665 2403 1817 2438 relatum,
1847 2412 1921 2432 cum
1948 2401 2149 2432 venerabilis
2175 2401 2278 2430 frater

1273 2464 1382 2490 noster
1399 2483 1415 2488 ..
1437 2459 1609 2497 episcopus
1620 2456 1836 2487 Yeronensis.
1854 2456 1892 2486 de
1906 2455 2061 2485 mandato
2075 2453 2278 2483 venerabilis

1271 2513 1383 2542 fratris
1402 2511 1506 2541 nostri
1526 2534 1546 2539 ..
1564 2510 1751 2540 Brixiensis
1768 2508 1924 2547 episcopi.
1948 2507 2132 2537 executoris
2155 2515 2172 2535 a
2196 2505 2278 2536 Sede

1270 2565 1457 2604 Apostolica
1474 2563 1631 2602 deputati,
1655 2562 1885 2592 interfectores
1911 2561 1995 2590 bone
2016 2559 2174 2589 memorie
2199 2558 2279 2587 Gui-

1270 2618 1368 2652 docti,
1387 2617 1531 2655 episcopi
1550 2614 1735 2645 Mantuani.
1757 2623 1792 2643 ac
1816 2614 1962 2642 fautores
1982 2620 2106 2641 eorum,
2131 2615 2161 2640 et
2180 2618 2279 2647 gene-

1271 2671 1385 2701 raliter
1412 2670 1612 2708 quit‘umque
1640 2668 1731 2697 daret
1759 2667 1807 2697 eis
1831 2665 1993 2695 auxilium
2014 2663 2064 2693 vel
2083 2662 2275 2693 consilium.

1270 2723 1570 2754 excommunicatos
1589 2720 1719 2759 publice
1736 2720 1932 2754 nuntiasset,⁴
1952 2722 1983 2747 et.
1999 2717 2165 2747 civitatem
2179 2716 2278 2744 Vero-

1270 2785 1408 2807 nensem
1434 2774 1663 2813 supposuisset
1697 2771 1921 2803 ecclesiastico
1953 2769 2138 2804 interdicto,
2176 2768 2277 2797 donec

1269 2829 1370 2859 iidem
1385 2828 1538 2865 sacrilegi
1555 2827 1731 2857 existerent
1746 2826 1780 2854 in
1798 2825 1930 2854 civitate
1947 2822 2104 2861 predicta,
2121 2821 2279 2858 magister

1270 2882 1463 2916 Anselmus,
1483 2880 1663 2910 canonicus
1679 2877 1898 2912 Veronensis,
1916 2876 1950 2905 in
1968 2876 2113 2905 savorem
2131 2874 2279 2912 ipsorum

1300 3001 1322 3024 1.
1338 3002 1395 3029 Sic,
1410 3000 1425 3023 ὲ
1441 3003 1482 3023 cet
1499 2998 1623 3027 endroit3
1643 2998 1710 3020 dans
1728 2997 1752 3019 la
1769 2995 1844 3026 piece
1860 2994 1987 3017 suivante
2003 3000 2008 3016 :
2027 2995 2119 3015 Prata,
