2519 3518
14 0 68 17 δ”·
96 0 102 5 ’

77 292 137 322 205

81 359 188 392 vante,
216 355 481 386 Aldebrandesco
510 360 541 385 et
566 364 678 386 eorum
703 355 814 390 sociis,
842 354 1078 385 mercatoribus

81 408 297 443 Senensibus,
321 408 507 446 accepimus
529 408 625 447 quod,
650 417 722 438 cum
743 417 797 438 eos
815 407 983 445 contingat
1007 415 1080 436 cum

80 461 153 492 suis
169 461 394 491 mercimoniis
409 461 449 490 ad
464 465 572 499 partes
589 460 777 491 Gallicanas
799 460 952 490 accedere
968 463 999 490 et
1020 458 1082 488 ali-

80 512 230 552 quandiu
254 512 339 542 inibi
362 513 568 548 commorari,
587 512 738 543 nonnulli
761 513 799 542 de
822 512 971 550 partibus
987 511 1079 549 ipsis,

84 574 150 596 non
167 569 232 595 tam
249 569 361 595 contra
377 574 432 596 eos
445 566 609 604 justitiam
628 566 781 605 prosequi
798 574 902 597 suam,
918 573 1014 603 quam
1032 563 1082 601 ip-

82 626 138 648 sos
167 617 322 656 persequi
344 617 534 652 molientes,
559 627 666 648 eoram
690 618 830 648 diversis
854 616 1022 656 judicibus
1043 615 1082 645 ad

84 670 156 700 loca
170 670 263 699 varia
275 673 305 699 et
322 674 446 700 remota
462 680 517 700 eos
535 670 668 700 trabunt
683 671 873 709 frequenter
886 670 919 699 in
933 678 1081 703 causam;

84 730 160 753 cum
185 721 306 761 quibus
330 730 567 762 nonnunquam
589 723 756 761 pactiones
776 723 862 752 inire
888 722 1084 760 ‹lampnosas

86 775 195 805 affecti
213 774 299 805 tedio
310 775 560 814 compelluntur,
575 780 790 815 nequeuntes,
810 780 964 814 tanquam
983 779 1085 804 extra-

86 827 153 863 nei,
173 827 212 858 de
228 827 299 866 pari
315 828 511 858 contendere
534 837 642 859 coram
667 829 788 866 ignotis
805 828 992 867 judicibus:
1007 825 1085 857 'eum

87 879 244 918 predictis
258 879 451 919 plerumque
463 889 592 919 qnoque
605 881 721 910 accidit
736 880 821 919 quod
833 880 907 918 ipsi.
922 879 1085 909 malitiose

89 931 154 971 [ad]
178 936 286 970 partes
309 932 403 962 tracti
429 937 588 968 remotas,
612 933 689 962 dum
710 933 787 962 illuc
812 942 846 962 se
870 933 1084 966 transferunt,

89 987 276 1025 capiuntur,
302 986 486 1024 spoliantur
508 991 539 1017 et
568 987 732 1017 interdum
756 986 901 1025 pericula
922 986 1086 1015 sustinent

89 1048 317 1078 personarum.
337 1039 431 1069 Unde
448 1039 620 1070 humiliter
640 1039 865 1078 supplicarunt
887 1044 938 1073 ut,
956 1047 1029 1068 cum
1049 1038 1086 1068 de

90 1091 210 1122 vestris
230 1091 417 1122 diocesihus
439 1092 590 1122 dicantur
606 1093 756 1127 existere,
775 1092 830 1131 qui
848 1092 952 1129 magis
971 1092 1004 1120 in
1028 1091 1088 1121 hoc

91 1143 255 1174 malitiose
278 1148 460 1180 versantur,
479 1144 594 1175 saltem
617 1149 729 1174 eontra
749 1144 823 1174 illos
839 1144 1008 1182 providere
1024 1143 1089 1173 sibi

92 1197 351 1227 misericorditer
368 1197 591 1235 dignaremur.
615 1197 775 1234 Quocirca
796 1196 990 1226 mandamus
1008 1205 1089 1234 qua·

92 1253 201 1285 tenus,
218 1249 341 1288 paratis
357 1249 454 1279 dictis
475 1249 711 1279 mercatoribus
728 1248 954 1287 parrochianis
971 1248 1089 1278 vestris

93 1306 207 1332 contra
222 1301 310 1340 ipsos
328 1301 536 1332 moventibus
554 1301 771 1340 questionem,
789 1301 823 1330 in
840 1300 1005 1338 presentia
1022 1309 1090 1329 ves-

94 1359 145 1384 tra
161 1353 315 1384 exhibere
327 1353 457 1392 Justitie
475 1353 764 1392 complementum,
782 1352 905 1390 singuli
921 1352 955 1382 in
973 1352 1090 1382 vestris

95 1406 293 1441 diocesibus,
311 1406 376 1436 nisi
392 1415 467 1444 pars
483 1406 586 1436 altera
604 1406 765 1444 judicium
789 1405 930 1444 alicujus
946 1405 1091 1434 rationa-

93 1459 206 1490 biliter
221 1459 350 1489 duxerit
363 1458 605 1493 declinandum,
624 1467 688 1488 non
703 1458 910 1488 obstantibus
925 1457 1092 1496 aliquibus

93 1511 216 1542 litteris
232 1520 314 1550 quas
329 1511 503 1549 contigerit
520 1520 538 1541 a
554 1511 636 1542 Sede
651 1511 839 1549 Apostolica
859 1510 1044 1549 impetrari,
1063 1514 1094 1540 et

96 1563 136 1594 de
153 1563 215 1594 hoc
231 1572 295 1594 non
311 1563 510 1593 facientibus
525 1565 533 1584 ¹
551 1563 762 1598 mentionem,
780 1564 867 1593 inter
880 1572 935 1593 eos
951 1562 1094 1592 audiatis

95 1624 231 1646 causam
261 1619 342 1651 etc.;
372 1615 531 1646 facientes
559 1620 620 1646 etc.
648 1616 761 1646 Testes
790 1620 899 1645 autem
927 1620 987 1645 etc.
1019 1615 1092 1644 Dat.

97 1667 250 1703 Viterbii,
266 1668 312 1698 VI
326 1656 485 1697 kalendas
501 1667 695 1698 decembris.
714 1676 799 1697 anno
818 1676 914 1697 nono.
937 1679 950 1694 »

134 1789 237 1815 284³.
255 1788 335 1814 —In
359 1787 484 1814 eundem
510 1787 628 1814 modum
654 1796 704 1822 pro
723 1787 832 1814 eisdem
855 1808 872 1814 ..
896 1787 1059 1817 l’mixiensz’,
1076 1806 1094 1813 ..

98 1837 316 1864 Cathalauncnsi
329 1839 352 1862 et
369 1857 389 1864 ..
405 1837 532 1862 Mettensi
545 1839 684 1870 episcopis.

174 2001 293 2029 8844

140 2063 350 2097 Corisopitensi
366 2066 394 2090 et
409 2063 569 2089 Venetensi
583 2064 726 2098 episeopis
743 2064 861 2091 mandat
877 2068 1020 2098 quatenus
1033 2073 1099 2091 cum

103 2111 153 2143 G.,
170 2111 376 2138 archidiacono
392 2111 601 2145 Coi-isopitcnsi
612 2133 618 2144 ‚
635 2120 720 2146 super
733 2112 891 2139 amissione
908 2113 999 2147 partis
1014 2112 1101 2139 unius

105 2159 191 2193 digiti
208 2159 388 2193 dispensent.
406 2174 437 2177 —
455 2160 541 2191 (Rue.
558 2159 605 2192 18,
627 2161 647 2186 i.
664 2159 698 2186 85
718 2163 761 2191 v⁰;
779 2169 847 2187 ann.
868 2161 923 2193 IX,
941 2169 965 2187 c.
981 2160 1052 2193 ‘2903
1070 2175 1101 2179 —

110 2207 243 2235 MonEAU
261 2207 340 2240 1190,
365 2209 384 2234 f.
406 2208 472 2240 173;
497 2222 529 2226 —
549 2208 679 2235 Damni:
699 2212 727 2235 ct
750 2209 936 2239 Camenam,
953 2209 1102 2236 Chartula-

107 2256 183 2281 rium
200 2256 389 2282 UniversitalIs
406 2255 578 2288 Parmensis,
595 2259 616 2283 t,
634 2257 656 2289 Ι,
674 2264 700 2290 p.
718 2257 779 2289 157,
797 2260 825 2283 11⁰
841 2257 915 2288 107.)

583 2003 714 2034 Viterbe,
727 2002 761 2029 28
777 2002 935 2029 novembre
949 2003 1028 2029 1235.

150 2362 163 2375 α
186 2372 205 2377 ..
223 2350 437 2387 Corisopilensi
453 2355 478 2378 et
498 2373 518 2378 ..
542 2351 693 2379 l'cnetensi
709 2352 863 2388 episcopi&
888 2351 957 2381 Etsi
979 2351 1029 2381 lex
1051 2361 1105 2382 ca-

109 2410 232 2432 nonum
249 2401 425 2431 nonnullos
441 2411 574 2440 corpore
591 2402 722 2432 vitiatos
738 2403 903 2433 interdum
920 2404 1107 2435 ministerio

109 2453 225 2483 altaris
241 2453 411 2490 subducat,
430 2454 525 2492 longe
542 2459 650 2484 tamen
666 2454 832 2485 diversum
849 2460 912 2491 cst,
930 2457 958 2486 si
975 2465 1009 2486 se
1027 2457 1107 2487 tales

110 2505 258 2536 volentes
276 2506 492 2542 absciderint,
517 2516 615 2545 quam
638 2507 665 2536 si
686 2516 763 2537 casu
786 2507 910 2546 aliquo,
935 2508 1109 2540 dummodo

109 2558 202 2597 operi
218 2558 308 2588 licito
323 2567 435 2588 curam
452 2559 690 2597 impenderent,
708 2559 930 2595 abscidantur,
946 2566 978 2591 ut
996 2561 1030 2590 in
1042 2561 1109 2592 illis

112 2610 300 2640 attendatur
316 2610 478 2646 voluntas,
499 2620 561 2649 que
579 2620 656 2640 ausa
676 2611 737 2641 suit
756 2611 819 2640 sibi
833 2612 956 2641 serrum
973 2613 1108 2649 inicere,

112 2663 147 2692 in
159 2663 233 2693 istis
251 2671 325 2692 vero
339 2672 434 2693 casus
446 2663 576 2693 veniam
593 2668 768 2693 mereatur.
782 2665 826 2693 Ex
840 2668 930 2702 parte
947 2665 1111 2703 siquidem

112 2714 225 2745 dilecti
241 2715 302 2744 filii
323 2716 374 2750 G.,
397 2715 622 2745 archidiaconi
644 2715 916 2754 Corisopitensis,
934 2717 997 2746 suit
1016 2717 1111 2747 nobis

113 2767 286 2798 humiliter
302 2768 520 2806 supplicat-um
540 2772 586 2803 ut,
608 2777 681 2797 cum
703 2767 792 2799 olim.
811 2777 848 2798 eo
866 2769 900 2797 in
917 2769 1014 2799 annis
1034 2779 1112 2807 pue-

114 2819 234 2850 rilibus
261 2820 450 2855 constituto,
480 2820 641 2858 quoddam
667 2819 805 2857 lignum,
833 2829 931 2859 super
960 2825 1113 2859 quartum

149 2931 169 2955 1.
185 2933 234 2955 Ms.
252 2940 259 2955 ,·
274 2932 398 2956 fecerint.

914 281 1141 319 NEUVIEME
1162 282 1321 318 ANNEE.

2101 291 2157 318 i‘mi

1162 352 1291 383 dextere
1314 363 1370 384 sue
1400 355 1558 392 digitum.
1587 357 1643 395 qui
1671 356 1836 386 medicus¹
1862 356 1992 390 dicitur,
2022 357 2157 386 fortuito

1162 414 1240 435 casu
1258 406 1387 441 cadens,
1403 408 1542 438 eundem
1559 408 1697 446 digitum
1714 409 1761 438 sic
1777 409 1972 442 contuderit,
1990 409 2075 448 quod
2088 418 2157 447 par-

1165 461 1228 487 tem
1252 458 1356 496 ipsius
1378 460 1559 490 ammiserit
1585 470 1642 498 per
1667 461 1865 498 imperitiam
1891 461 2103 495 medicorum,
2127 466 2157 490 oet

1165 510 1239 539 talis
1257 511 1448 541 deformitas
1466 521 1529 541 non
1551 513 1683 542 existat.
1704 513 1789 551 quod
1810 523 1846 543 cx
1871 513 1930 543 hoc
1953 514 2033 552 quin
2055 514 2156 552 possit

1165 563 1348 601 promoveri
1369 563 1409 592 ad
1427 573 1537 594 sacros
1553 565 1685 594 ordines
1702 565 1751 594 vel
1773 565 1897 594 assumi
1919 566 1958 594 ad
1982 565 2159 603 dignitates

1165 614 1417 650 ecclesiasticas,
1435 616 1549 646 debeat
1576 617 1745 655 impediri.
1770 618 1821 647 nel
1845 618 1943 648 etiam
1970 618 2158 648 scandalum

1166 667 1217 697 vel
1234 668 1414 706 periculum
1439 668 1570 707 aliquod
1593 670 1774 700 formidari.
1796 670 1965 708 providere
1983 680 2080 708 super
2101 670 2159 699 lior

1166 719 1230 749 sibi
1245 720 1502 751 misericorditer
1513 721 1737 758 dignaremur.
1751 723 1817 752 Nos
1832 723 1943 759 igitur,
1956 723 2161 752 attendentes

1166 771 1331 802 laudabile
1348 773 1572 802 testimonium
1585 773 1671 812 quod
1682 774 1711 803 ei
1723 774 1761 803 de
1777 774 1840 804 vite
1854 775 2026 809 munditia,
2043 774 2162 804 bones-

1168 827 1232 853 tate
1251 833 1376 854 morum
1393 829 1424 854 et
1440 824 1623 854 litterarum
1645 826 1783 855 scientia
1807 826 2007 864 perhibetur,
2025 836 2098 855 cum
2115 826 2162 855 sie

1168 876 1307 905 scientia
1329 877 1475 914 preditus
1493 883 1669 912 asseratur,
1690 883 1723 907 ut
1745 878 1778 907 in
1797 879 1869 916 jure
1893 878 2050 908 canonico
2071 879 2163 909 Pari-

1168 928 1239 958 sius
1254 929 1412 964 docuerit,
1435 934 1465 959 et
1487 930 1529 959 sit
1549 930 1715 960 sufficiens
1733 931 1773 960 ad
1789 931 1968 960 docendum
1986 931 2020 960 in
2039 931 2164 961 theolo-

1169 981 1240 1018 gica
1265 981 1435 1016 facultate,
1467 987 1597 1020 propter
1619 983 1705 1021 quod
1731 984 1866 1021 dignum
1892 994 1926 1013 se
1955 983 2094 1013 reddidit
2126 984 2164 1013 ad

1168 1033 1307 1070 gratiam
1334 1033 1563 1068 obtinendam,
1588 1035 1692 1072 ipsius
1718 1035 1843 1065 devotis
1867 1035 2164 1073 supplicationibus

1170 1084 1332 1118 inclinati,
1349 1086 1542 1116 mandamus
1555 1091 1728 1124 quatenus.
1747 1087 1774 1117 si
1791 1087 2032 1117 deformitatem
2045 1096 2103 1117 seu
2115 1087 2166 1117 de-

1171 1136 1333 1166 bilitatem
1355 1146 1420 1166 non
1444 1137 1551 1173 habet,
1582 1139 1666 1167 unde
1694 1139 1883 1168 scandalum
1911 1139 1959 1168 vel
1986 1139 2165 1177 periculum

1172 1193 1356 1227 generetur,
1370 1190 1587 1220 consideratis
1601 1191 1858 1221 circumstantiis
1872 1192 2049 1221 universis.
2063 1192 2168 1229 agatis

1173 1251 1271 1279 super
1287 1241 1358 1275 hoc,
1380 1251 1453 1271 cum
1473 1251 1509 1272 eo
1528 1244 1720 1273 auctoritate
1739 1244 1915 1282 apostolica
1936 1244 2167 1282 dispensando.

1174 1298 1267 1331 prout
1285 1293 1400 1323 honori
1417 1298 1447 1323 et
1464 1294 1572 1323 decori
1590 1295 1734 1325 Ecclesie
1752 1296 1900 1325 videritis
1917 1296 2079 1334 expedire.
2095 1297 2168 1326 Dat.

1173 1346 1327 1381 Vitcrbii,
1349 1347 1414 1376 1111
1432 1346 1589 1377 kalendas
1605 1347 1799 1382 decembris,
1817 1357 1902 1378 anno
1923 1358 2018 1378 nono.
2038 1361 2050 1374 n

1247 1517 1273 1544 2
1278 1517 1365 1545 845

1213 1578 1356 1612 Episcopo
1366 1579 1492 1612 Trojano
1503 1579 1663 1606 committit
1675 1583 1705 1606 ut
1721 1580 1897 1607 monasterio
1907 1581 2076 1614 Vultuensi,
2087 1582 2173 1616 quod.

1177 1626 1208 1652 in
1224 1626 1429 1660 spiritualibus
1445 1630 1473 1653 et
1493 1627 1704 1661 temporalibus
1724 1628 1936 1661 deformatum,
1954 1630 2037 1656 tratri
2056 1630 2172 1664 Josepli.

1178 1674 1292 1701 notario
1314 1683 1379 1707 suo,
1404 1675 1465 1709 ipsc
1486 1682 1560 1708 papa
1583 1675 1769 1702 commiserat
1788 1674 2021 1710 reformandum,
2042 1681 2069 1704 et
2088 1678 2173 1712 quod.

1178 1723 1241 1757 ipso
1269 1723 1395 1756 Trojano
1424 1727 1452 1750 et
1479 1723 1625 1750 Melficnsi
1649 1725 1792 1759 episeopis
1817 1734 1849 1751 ae
1873 1726 1941 1752 aliis
1966 1727 2174 1759 referentibus,

1178 1771 1348 1798 omnimodo
1367 1772 1462 1798 fuerat
1482 1773 1656 1800 relevatum.
1675 1773 1803 1807 aliquem
1820 1774 1855 1800 de
1871 1774 2009 1801 virtuosis
2025 1775 2176 1801 monachis

1179 1819 1310 1853 ejusdem
1341 1818 1446 1854 [saneti
1472 1820 1624 1847 Benedicti
1654 1820 1804 1856 videlicet]
1831 1821 1943 1849 ordinis
1970 1823 2116 1856 praeficiat
2146 1823 2174 1849 in

1179 1867 1326 1894 abbatem.
1343 1882 1374 1886 -
1393 1868 1478 1899 (Rae.
1499 1868 1545 1896 18.
1569 1869 1588 1894 f.
1607 1868 1640 1895 86
1661 1872 1702 1897 r⁰:
1721 1878 1790 1895 ann.
1810 1870 1866 1899 lx.
1881 1878 1906 1896 c.
1927 1870 2001 1901 291.)

1655 1518 1787 1551 Vitta-be,
1803 1519 1837 1545 25
1851 1520 2008 1547 novembre
2023 1521 2101 1547 1235.

1223 1980 1235 1993 ι(
1255 1990 1276 1995 ..
1294 1969 1426 2005 episcopo
1450 1968 1588 2004 Trojano.
1610 1968 1785 1998 Vultucnsi
1810 1970 2008 1999 monasterio
2029 1970 2106 1999 olim
2129 1987 2176 1998 —.

1182 2019 1255 2048 Dat.
1271 2019 1424 2053 Viterhii,
1444 2020 1505 2048 vll
1521 2019 1678 2050 kalendas
1695 2020 1887 2050 decembris.
1906 2031 1991 2051 anno
2009 2031 2104 2051 nono.
2125 2035 2136 2048 r·

1254 2190 1371 2218 284ss

1221 2252 1364 2287 Episcopo
1381 2252 1530 2279 Brixiensi
1553 2253 1671 2280 mandat
1693 2257 1850 2287 quatenus,
1872 2255 2027 2282 sufficienti
2048 2256 2183 2283 cautione

1186 2304 1316 2335 recepta,
1341 2301 1655 2328 excommunicationis
1675 2306 1703 2329 et
1720 2303 1870 2330 interdicti
1891 2304 2051 2331 sententias
2066 2313 2080 2331 a
2099 2304 2182 2339 (Hui-

1187 2349 1294 2384 fredo].
1315 2350 1396 2376 tituli
1416 2350 1518 2377 Sancti
1535 2350 1628 2377 Marci
1646 2351 1814 2385 presbytero
1827 2352 1986 2384 cardinali,
2002 2353 2031 2379 in
2051 2354 2183 2380 homines

1187 2398 1223 2425 de
1243 2398 1347 2425 Rivola
1364 2401 1391 2425 et
1407 2398 1443 2425 dc
1460 2398 1582 2425 Suardis
1599 2399 1628 2425 in
1643 2399 1800 2433 Bergamo.
1817 2404 1843 2426 et
1859 2401 1984 2427 fautores
2000 2410 2032 2427 ac
2048 2410 2183 2435 sequaces

1188 2454 1286 2472 eorum
1311 2447 1523 2480 promulgatas,
1543 2447 1663 2473 relaxet.
1679 2461 1709 2465 -κ
1727 2448 1812 2478 (Rue.
1829 2447 1876 2479 18,
1895 2450 1913 2474 f.
1929 2448 1962 2475 86
1980 2452 2019 2480 r”;
2036 2458 2104 2475 ann.
2127 2450 2183 2478 lx.

1190 2503 1214 2520 c.
1231 2494 1300 2525 ‘2922
1315 2509 1347 2512 —
1363 2495 1543 2521 Ronexm-:RG
1561 2494 1629 2525 6682
1647 2510 1679 2514 —
1695 2498 1732 2522 es.
1748 2503 1842 2528 supra.
1858 2500 1886 2522 11¹⁸
1901 2496 1975 2526 917.)

1662 2193 1793 2221 Vitcrbc.
1809 2193 1843 2220 '28
1859 2194 2016 2221 novembre
2032 2195 2109 2221 1235.

1233 2600 1246 2614 (ι
1267 2610 1284 2616 ..
1302 2589 1436 2625 episcopo
1453 2589 1615 2617 Brioeicnsi.
1635 2588 1716 2618 Cum
1735 2588 1812 2617 olim
1830 2589 1945 2618 civitas
1965 2607 2013 2618 —.
2038 2591 2108 2620 Dat.
2128 2591 2186 2620 Vi-

1192 2639 1300 2674 terbii,
1316 2641 1383 2670 IIII
1400 2639 1558 2669 kalendas
1575 2640 1767 2670 decembris.
1786 2650 1871 2670 anno
1889 2650 1984 2671 nono.
2007 2655 2018 2668 ι)

1226 2759 1246 2782 l.
1264 2758 1388 2782 DENIFLE
1404 2761 1430 2782 et
1446 2758 1605 2782 CHA'n-:LMN
1622 2760 1758 2788 corrigent
1772 2759 1786 2781 ἐι
1800 2763 1852 2782 tort
1869 2760 1994 2783 medicus
2015 2767 2047 2783 en
2068 2762 2177 2784 medius

1195 2801 1232 2825 Le
1254 2803 1361 2831 digitus
1385 2803 1511 2825 medicus
1533 2809 1567 2825 ou
1593 2804 1772 2825 medicinalis
1796 2807 1835 2826 est
1860 2803 1884 2826 le
1906 2804 2055 2833 quatrieme
2076 2805 2150 2835 doigt
2174 2805 2187 2826 .³=

1194 2846 1280 2876 partir
1294 2845 1330 2869 du
1347 2852 1450 2875 pouce:
1468 2853 1531 2875 voy.
1548 2845 1588 2869 DF.
1605 2847 1664 2871 Vir.
1680 2848 1812 2872 Lea-11:011.
1829 2848 1912 2870 verbo
1930 2850 2108 2872 medicinalis
2123 2849 2146 2875 ’2,
2162 2854 2187 2871 ct

1195 2890 1278 2913 verbo
1295 2890 1424 2912 medicus
1441 2889 1474 2915 11.
1490 2889 1519 2912 2:
1536 2890 1568 2912 ct’.
1587 2891 1663 2913 ι’ἱιῐιΙ..
1682 2893 1763 2912 norbo
1780 2892 1885 2919 dicitas

1196 2933 1235 2956 dit
1251 2933 1310 2956 rien
1326 2932 1341 2955 ἓι
1357 2939 1387 2956 ce
1406 2933 1485 2962 sujet.

1902 2892 1923 2914 2.
1940 2905 1968 2908 —
1989 2891 2029 2914 Du
2048 2891 2138 2921 cange
2155 2899 2188 2915 ne
