2423 3487
254 327 384 358 potenter
401 323 555 356 accingant
575 322 611 348 ad
625 322 808 349 liberandum
823 323 971 356 proximos
986 322 1021 348 de
1038 320 1174 347 manibus
1187 320 1246 347 Pa-

252 378 409 405 ganorum;
424 373 570 403 praeterea
587 370 734 403 episcopos
747 372 893 396 assecutos
914 370 974 403 jam
990 369 1071 396 sedes
1088 370 1204 395 moneat
1218 370 1246 394 et

251 419 372 446 inducat
388 421 419 445 ut
432 426 498 444 cum
515 418 731 451 peregrinorum
748 418 860 444 auxilio
879 418 916 444 ad
937 417 1086 444 faciendas
1103 415 1246 443 munitio-

252 475 302 493 nes
318 474 367 500 pro
383 465 541 499 neophytis
557 465 684 498 Paeanis
699 465 840 499 expositis
861 468 889 492 et-
908 465 944 492 ad
966 464 1144 491 ordinandas
1165 463 1246 490 sedes

250 514 393 548 episcopis
415 513 511 540 adhuc
525 513 702 545 vagantibus
718 513 843 540 fideliter
858 513 1025 540 intendant.
1043 527 1074 530 —
1091 513 1176 544 (Rsc.
1196 511 1244 542 18,

251 563 271 588 f.
292 561 341 588 108
362 565 399 592 r⁰;
421 569 490 587 ann.
510 561 567 593 IX,
584 570 608 588 c.
626 561 693 593 3823
718 576 749 579 —
772 561 904 588 Monam
927 561 1009 593 1190,
1032 562 1051 587 f.
1074 561 1142 591 211;
1167 559 1244 591 ibid.,

251 610 270 635 f.
291 609 358 639 215;
377 609 441 634 ibid,
460 608 537 636 1191.
555 609 575 634 f.
592 608 654 641 220,
673 617 707 635 ex
730 609 904 641 Ram-mmm
922 623 953 627 —
970 609 1126 636 Porruasr
1140 608 1244 639 10094,

250 671 281 675 —
299 657 478 683 Rom-:Nasus
495 656 568 687 671.)

287 774 300 789 α
321 784 340 790 ..
358 763 491 799 episcopo
505 763 657 798 quondam
674 763 848 793 Mutinensi.
863 764 1028 800 Apostolice
1038 763 1122 792 Sedis
1137 764 1241 799 leyato.

247 815 295 844 Ne
317 819 401 843 terra
421 818 510 843 vaste
526 831 572 842 —.
597 815 670 843 Dat.
686 815 843 849 Viterbii,
861 815 922 845 XV
936 815 1094 844 kalendas
1113 815 1241 851 martii,

247 875 333 895 anno
351 875 446 895 nono.
467 878 479 891 n

317 1061 436 1090 2960
777 1063 909 1096 Viterbe,
923 1063 956 1090 18
973 1064 1080 1090 sevrier
1094 1063 1172 1090 1236.

282 1123 424 1157 Episcopo
445 1123 577 1150 Cumano
600 1124 721 1150 mandat
743 1127 886 1157 quatenus
906 1123 1027 1151 Alberto
1047 1125 1126 1151 dicto
1143 1125 1243 1157 Sacco,

246 1171 382 1205 potestati
404 1170 632 1200 Mediolanensi.
656 1173 804 1199 mandatis
826 1173 994 1207 apostolicis
1013 1182 1113 1208 parere
1132 1175 1245 1201 volenti

244 1228 330 1253 super
350 1220 497 1246 sententia
512 1220 684 1253 Mainfredi,
699 1221 816 1248 comitis
835 1222 870 1248 de
885 1222 974 1249 Curte
987 1223 1086 1254 Nova,
1105 1223 1177 1249 olim
1194 1231 1245 1257 po—

245 1267 358 1294 testatis
372 1267 618 1300 Mediolanensis,
635 1272 736 1295 contra
752 1270 892 1303 quosdam
912 1270 992 1297 cives
1008 1270 1245 1298 Mediolanenses

243 1316 416 1348 revocanda,
430 1330 460 1333 —
473 1316 547 1349 quod
559 1317 689 1350 primum
702 1318 813 1344 efficere
829 1321 1024 1351 recusaverat,
1043 1334 1074 1337 —
1088 1319 1244 1347 absolutio-

246 1371 311 1389 nem
328 1363 491 1397 impendat.
509 1378 540 1382 —
555 1365 641 1396 (Rm.
655 1365 699 1397 18,
717 1366 736 1392 f.
754 1365 805 1392 108
821 1369 864 1398 v⁶;
879 1374 948 1393 ann.
964 1367 1016 1400 IX,
1034 1376 1058 1394 c.
1073 1367 1148 1399 383.)

287 1482 299 1495 α
319 1493 340 1498 ..
358 1471 490 1507 episcopo
507 1471 654 1500 Cumano.
677 1472 869 1502 Venerabili
889 1473 991 1503 fratre
1014 1479 1126 1504 nostro
1147 1498 1166 1503 ..
1188 1484 1246 1513 pa-

247 1521 390 1551 triarcha
406 1522 611 1552 Antiocheno
627 1523 722 1553 nobis
736 1524 881 1554 innotuit
895 1531 1076 1563 exponente
1091 1527 1187 1566 quod,
1205 1527 1246 1557 li-

245 1578 295 1603 cet
316 1574 403 1611 ipsc,
422 1574 498 1603 dum
517 1575 551 1604 111
573 1575 720 1613 partibus
737 1576 931 1607 Lombardie
947 1577 1123 1616 legationis
1140 1580 1246 1611 officio

246 1626 455 1663 fungeretur,
485 1626 652 1657 intellecto
680 1629 766 1666 quod
792 1629 914 1659 nobilis
942 1631 992 1659 vir
1019 1632 1244 1668 Mainfrcdus,

245 1686 354 1708 comes
376 1678 413 1708 dc
430 1678 528 1708 Curte
545 1679 646 1715 Nova,
671 1684 748 1710 tunc
763 1685 918 1719 potestas,
936 1687 966 1713 et
982 1684 1159 1714 consilium
1178 1686 1247 1716 Me-

245 1729 480 1767 diolanen[ses]
509 1730 663 1761 dilectum
688 1732 794 1761 filium
817 1733 961 1763 nobilem
989 1735 1095 1765 virum
1124 1737 1247 1767 Henri-

245 1790 319 1811 cum
345 1781 383 1811 dc
406 1782 620 1818 Castellione,
645 1784 851 1814 Leonardum
876 1785 1000 1815 dictum
1026 1788 1190 1818 Medicum
1216 1794 1247 1819 et

245 1834 402 1872 quosdam
425 1834 507 1864 alios
528 1835 616 1865 cives
634 1836 913 1873 Mediolanenses,
931 1839 965 1868 in
989 1848 1087 1877 grave
1108 1841 1194 1871 same
1216 1847 1247 1872 et

246 1886 380 1916 honoris
404 1895 515 1916 eorum
537 1888 763 1926 dispendium,
782 1890 922 1928 quadam
944 1891 1060 1930 iniqua
1081 1894 1247 1924 sententia

245 1938 534 1976 condempnat-aut.
553 1949 589 1970 ac
605 1941 687 1971 alias
703 1948 931 1979 processerant
946 1953 1116 1983 perperam
1133 1951 1247 1976 contra

245 1999 315 2020 eos.
336 1990 374 2020 de
399 2000 538 2021 assensu
561 1996 589 2021 et
617 1995 829 2025 concessione
852 1996 984 2025 consilii
1003 1997 1137 2028 Alberto
1160 1999 1246 2029 dicto

245 2042 360 2077 Sacco,
379 2044 531 2081 potestati
549 2045 804 2081 Mediolanensi,
824 2047 948 2085 pluries
967 2050 1191 2081 mandavisset
1211 2057 1247 2082 ut

245 2094 434 2133 hujusmodi
461 2097 659 2127 sententiam
685 2102 715 2128 et
737 2108 927 2136 processum
956 2101 1027 2131 sine
1055 2102 1246 2135 difficultate

247 2147 391 2185 qualibet
416 2154 582 2179 revocaret
601 2159 606 2178 :
625 2150 695 2188 ipso
718 2155 826 2181 tamen
848 2152 881 2181 id
905 2153 1031 2183 efficere
1055 2160 1242 2193 recusante,

246 2198 332 2228 idem
348 2200 531 2237 patriarcha
545 2201 579 2229 in
595 2211 667 2231 eum
683 2205 1032 2236 excomiminicationis
1047 2209 1246 2239 sententiam

245 2251 473 2288 promulgavit.
492 2253 624 2288 Verum,
644 2255 721 2292 quia
738 2255 832 2285 nobis
851 2257 913 2285 fuit
932 2257 1103 2289 humiliter
1120 2261 1245 2299 suppli-

245 2307 353 2332 catum
371 2308 404 2332 ut
424 2309 615 2341 potestatem
636 2307 787 2338 eandem.
807 2309 929 2339 nostris
953 2319 1051 2348 super
1069 2311 1129 2341 hoc
1152 2323 1245 2343 man—

244 2355 329 2384 datis
351 2364 463 2393 parere
485 2356 661 2393 volentem,
681 2359 807 2389 absolvi
831 2369 849 2390 a
870 2362 997 2399 prefata
1021 2366 1245 2395 0110οῃ11111ιηί-

244 2407 385 2436 cationis
403 2409 565 2438 sententia
583 2411 832 2447 mandaremus,
851 2414 1046 2446 mandamus
1063 2422 1242 2455 quatenus,

245 2459 286 2488 ab
302 2468 338 2488 eo
355 2460 532 2490 sufficienti
551 2466 581 2491 et
597 2462 713 2492 idonea
731 2465 881 2495 cautione
900 2471 1040 2505 recepta.
1057 2469 1142 2507 quod
1158 2470 1245 2501 infra

245 2511 392 2550 quinque
413 2512 483 2542 dies
504 2518 578 2551 post
599 2516 816 2546 monitionem
838 2521 943 2552 tuam,
962 2521 1138 2557 premissa,
1153 2522 1246 2561 juxta

244 2564 436 2593 mandatum
450 2566 636 2602 patriarche
652 2568 801 2605 predicti,
815 2569 973 2600 dilatione
986 2580 1021 2601 ac
1036 2575 1245 2605 excusatione

245 2616 463 2651 cessantibus,
480 2618 621 2655 corrigat
638 2623 667 2649 et
685 2621 845 2655 emendet,
860 2621 964 2651 cidem
983 2625 1162 2654 secundum
1180 2627 1246 2656 sor-

244 2676 330 2697 mam
359 2668 505 2699 Ecclesie
531 2670 728 2701 beneficium
755 2673 973 2704 absolutionis
1002 2675 1183 2714 impendas.
1212 2680 1245 2708 Si

244 2729 321 2749 vero
345 2726 415 2758 post
439 2722 679 2753 absolutionem
703 2725 869 2755 obtentam
893 2727 979 2757 infra
1002 2729 1159 2766 prefixum
1182 2732 1245 2761 sibi

245 2774 424 2803 terminum
447 2783 511 2804 non
533 2776 675 2806 effecerit
699 2779 785 2816 quod
810 2779 994 2815 mandatur,
1013 2782 1150 2813 reducas
1172 2793 1245 2813 eum

245 2824 278 2852 111
300 2825 474 2862 pristinam
499 2830 848 2861 excommunicationis
872 2833 1071 2863 sententiam
1093 2840 1120 2864 et
1144 2836 1246 2867 facias

245 2876 285 2904 ab
302 2878 455 2908 omnibus
473 2884 626 2918 tanquam
644 2883 962 2913 excommunicatum
978 2894 1081 2923 usque
1096 2887 1134 2915 ad
1149 2888 1246 2918 satis-

252 259 308 288 ‘2523
969 254 1206 286 REGIsTREs
1228 253 1283 282 DE
1305 245 1525 284 GREGOmE
1548 255 1606 284 1x.
2269 259 2324 290 254

1326 318 1503 349 factionem
1523 320 1731 358 condignam,
1750 319 1969 358 appellatione
1987 324 2122 358 remota,
2139 323 2242 354 artius
2256 325 2324 356 evi-

1327 372 1401 401 tari.
1420 373 1492 401 Dat.
1511 372 1669 407 Viterbii,
1686 372 1753 402 XII
1772 371 1931 402 kalendas
1948 373 2075 409 martii,
2094 383 2179 405 anno
2194 384 2287 408 nono.
2307 389 2322 406 ι

1399 568 1513 596 2961
1855 570 1992 603 Viterbe,
2007 571 2042 598 15
2057 571 2164 599 fevi-ier
2177 572 2254 600 1236.

1362 630 1526 662 Ludovico,
1550 631 1609 664 regi
1631 631 1826 664 Francorum,
1843 632 1964 666 exponit
1986 633 2112 666 qualiter
2131 634 2323 668 progenitores

1327 678 1403 711 ejus.
1419 678 1546 712 qualiter
1562 679 1735 712 praesertim
1752 679 1874 707 Carolus
1887 680 2030 714 Magnus,
2046 681 2219 716 Ecclesiam,
2235 691 2252 710 a
2267 691 2323 718 qua.

1326 735 1443 753 omnem
1461 728 1600 754 honorem
1621 728 1804 762 acceperint,
1822 729 1963 755 honorare
1978 729 2143 763 cupierint;
2163 731 2240 758 unde
2258 739 2322 760 enm

1326 779 1407 809 rogat
1419 778 1573 810 quatenus,
1585 784 1683 802 eorum
1694 777 1821 810 vestigia
1831 785 1964 811 sequens,
1977 780 2121 805 statutum
2131 787 2186 813 quo
2194 779 2323 808 homines

1325 823 1400 857 juris
1415 832 1466 850 seu
1482 825 1557 858 regis
1573 833 1623 851 seu
1638 824 1779 852 baronum
1796 825 1878 859 regni
1893 825 2062 852 hominibus
2077 816 2281 855 ecclesiasticis
2292 827 2323 856 in

1326 872 1386 899 foro
1402 872 1602 899 ecclesiastico
1618 881 1675 900 non
1691 875 1848 900 teneantur
1863 874 2051 908 respondere,
2065 875 2096 902 in
2112 875 2228 902 irritum
2243 883 2324 904 revo-

1327 923 1382 953 cet,
1394 920 1518 948 rebelles
1532 921 1682 948 Ecclesiae
1695 922 1731 949 ad
1742 922 1836 956 ipsius
1852 923 2026 950 mandatum
2037 926 2066 950 et
2076 924 2219 952 unitatem
2233 924 2324 952 redire

1327 969 1496 1002 compellat,
1513 972 1542 996 et
1566 969 1601 996 de
1621 970 1740 997 damnis
1762 973 1791 997 et
1814 970 1934 1004 injuriis
1955 971 2009 998 hac
2026 972 2175 999 occasione
2196 972 2323 1001 ecclesiis

1328 1016 1491 1044 Senonensi
1512 1026 1562 1044 seu
1582 1018 1650 1044 aliis
1671 1018 1764 1045 illatis
1788 1019 1878 1046 faciat
1899 1019 2053 1052 satisfieri;
2076 1020 2186 1048 inserta
2203 1020 2256 1048 sub
2273 1029 2325 1056 sm

1327 1065 1409 1092 bulla
1424 1066 1742 1093 excommunicationis
1762 1067 1909 1094 sententia
1930 1067 1966 1094 ab
1979 1067 2109 1095 Honorio
2124 1069 2164 1096 111
2177 1076 2251 1104 papa
2266 1069 2326 1097 lata

1327 1122 1377 1140 seu
1398 1121 1509 1140 canone
1529 1122 1615 1148 super
1636 1115 1689 1141 hoc
1710 1116 1896 1149 promulgato
1916 1116 2088 1150 praesertim
2108 1117 2138 1144 in
2158 1125 2258 1144 omnes
2275 1117 2324 1153 qui

1327 1164 1437 1188 statuta
1461 1164 1561 1189 contra
1586 1162 1736 1189 Ecclesiae
1761 1162 1929 1190 libertatem
1952 1163 2032 1190 edita
2056 1164 2178 1192 fecerint
2201 1164 2323 1199 servari,

1327 1211 1385 1238 nisi
1401 1219 1433 1238 ea
1447 1211 1525 1238 infra
1536 1211 1607 1238 duos
1620 1219 1734 1238 menses
1748 1212 1953 1239 revocaverint
1963 1215 1981 1239 ¹.
1995 1226 2027 1230 —
2039 1213 2124 1245 (Rue.
2136 1213 2180 1246 18,
2192 1213 2323 1247 f.108v·;

1327 1267 1396 1286 ann.
1414 1259 1467 1292 IX,
1479 1267 1504 1285 c.
1517 1259 1584 1291 384;
1603 1274 1634 1278 —-
1648 1259 1781 1287 Monimo
1796 1259 1875 1293 1190,
1891 1261 1910 1286 f.
1927 1260 1992 1292 217;
2007 1275 2040 1279 -
2053 1261 2207 1288 Pontus-r
2221 1261 2321 1295 100933

1328 1322 1359 1326 —
1377 1308 1561 1335 RonsNsssnG
1577 1308 1652 1338 672.)

1370 1427 1382 1441 «
1402 1416 1443 1450 L.‚
1459 1416 1577 1444 illustri
1591 1416 1655 1452 reyi
1665 1416 1806 1444 Francie.
1821 1416 1890 1445 Rex
1904 1415 1961 1454 qui
1976 1415 2070 1453 regni
2083 1416 2167 1454 regit
2179 1419 2326 1447 eternum

1328 1468 1528 1502 dominium,
1547 1468 1602 1506 qui
1625 1467 1728 1498 erexit
1748 1467 1930 1498 Ecclesiam
1953 1477 2051 1506 super
2073 1467 2231 1499 catholice
2250 1467 2325 1507 fidei

1328 1520 1594 1555 fundamentum,
1609 1529 1703 1558 reges
1720 1524 1884 1550 terrarum
1901 1520 1941 1550 ad
1958 1520 2063 1558 ipsius
2077 1520 2221 1551 Ecclesie
2236 1520 2325 1552 obse-

1329 1572 1445 1611 quium
1467 1572 1537 1602 suis
1561 1572 1697 1602 monitis
1718 1573 1864 1602 excitans
1883 1577 1915 1602 et
1932 1573 2021 1603 orbis
2037 1573 2200 1611 principes
2215 1571 2325 1603 multis

1330 1625 1370 1654 ad
1394 1625 1465 1663 ejus
1489 1624 1696 1654 devotionem
1720 1624 1879 1663 exemplis
1899 1625 2061 1660 invitans,
2080 1624 2170 1658 illam
2191 1624 2326 1664 precipit

1329 1685 1348 1706 a
1369 1676 1564 1706 mortalibus
1591 1676 1765 1710 honorari,
1784 1685 1841 1715 pro
1858 1685 1922 1715 qua
1940 1677 2026 1715 ipse,
2043 1676 2238 1707 immortalis
2258 1677 2326 1708 for-

1329 1738 1417 1759 mam
1436 1729 1523 1758 servi
1542 1729 1719 1767 accipiens,
1740 1729 1848 1759 crucis
1872 1729 2056 1767 patibulum
2079 1733 2111 1760 et
2129 1729 2242 1760 mortis
2260 1736 2325 1760 non

1329 1782 1458 1820 expavit
1480 1782 1593 1812 subire
1617 1786 1834 1817 tormentum,
1853 1781 2000 1812 exaltans
2024 1781 2119 1812 illum
2136 1780 2326 1820 qui'minis-

1328 1835 1389 1864 tris
1412 1835 1518 1873 ipsius
1540 1838 1663 1873 prestat
1689 1834 1901 1873 obsequium.
1921 1838 1952 1864 et
1973 1843 2112 1872 regnum
2131 1833 2161 1864 ei
2182 1841 2242 1864 sua
2263 1832 2326 1863 mi-

1328 1888 1493 1917 seratione
1516 1892 1730 1926 perpetuans,
1749 1887 1807 1926 qui
1829 1887 1870 1917 ad
1890 1891 2019 1925 tempus
2035 1894 2153 1925 sponse
2168 1894 2225 1916 sue
2241 1884 2325 1916 votis

1329 1940 1556 1970 favorabiliter
1577 1940 1788 1970 obsecundat.
1816 1941 1917 1970 Porro
1933 1939 1983 1974 id,
2007 1939 2055 1969 fili
2077 1939 2263 1974 carissime,
2290 1937 2325 1968 in

1327 1993 1595 2031 progenitoribus
1620 1993 1686 2022 tuis
1712 1997 1743 2022 et
1770 1993 1945 2031 presertim
1970 1992 2004 2021 in
2030 1991 2154 2030 inclyte
2177 1990 2326 2022 recorda-

1327 2046 1429 2076 tionis
1456 2046 1573 2076 Carolo
1598 2046 1718 2084 Magno
1745 2045 1900 2083 colligere
1926 2044 2048 2083 poteris
2073 2044 2251 2079 evidenter,
2276 2042 2326 2072 di-

1327 2099 1469 2136 ligenter
1503 2098 1676 2128 attendens
1711 2097 1854 2137 qualiter
1885 2097 1973 2127 idem
1999 2096 2152 2132 Carolus,
2180 2097 2326 2126 Romano

1328 2151 1499 2182 Pontifici.
1529 2151 1653 2180 vicario
1677 2150 1782 2181 Jhesu
1811 2149 1937 2181 Christi
1967 2153 1999 2179 et
2029 2147 2211 2179 successori
2239 2145 2326 2178 beati

1328 2204 1434 2238 Petri,
1459 2203 1512 2233 cui
1537 2203 1699 2233 Dominus
1722 2203 1846 2233 terreni
1869 2202 2019 2232 simulet
2041 2200 2171 2231 celestis
2193 2197 2326 2238 Imperii

1325 2256 1400 2294 jura
1419 2255 1599 2290 commisit,
1627 2255 1800 2290 obediens,
1826 2263 1883 2293 pro
1909 2253 2101 2284 defensione
2124 2251 2268 2282 Ecclesie
2291 2258 2326 2281 se

1327 2308 1497 2337 laboribus
1514 2312 1545 2338 et
1559 2308 1723 2345 angustiis
1736 2307 1851 2337 multis
1866 2306 2025 2345 exposuit,
2040 2309 2198 2344 quantum
2211 2302 2326 2334 exinde

1327 2360 1478 2395 honoris,
1504 2360 1612 2390 laudis
1640 2364 1671 2390 et
1698 2360 1801 2398 glorie
1823 2358 2049 2398 reportaverit.
2072 2357 2135 2388 Sed
2153 2357 2264 2386 forsan
2287 2354 2327 2386 ad

1328 2418 1418 2443 tuam
1435 2413 1586 2443 notitiam
1608 2421 1672 2443 non
1695 2413 1845 2451 pervenit
1863 2411 1950 2451 quod
1965 2411 2067 2446 idem,
2091 2413 2204 2440 contra
2217 2415 2327 2447 perse-

1328 2470 1457 2495 cutores
1487 2466 1593 2503 ipsius
1620 2465 1766 2495 Ecclesie
1792 2473 1948 2502 magnum
1971 2463 2096 2502 pluries
2127 2467 2326 2499 congregans

1328 2518 1508 2547 exercitum
1525 2517 1732 2552 bellatorum,
1751 2517 1789 2546 de
1806 2516 1888 2555 ipsis
1905 2515 2078 2553 magnifice
2094 2510 2324 2551 triumphavit3

1328 2574 1370 2600 et.
1388 2570 1585 2607 imperatore
1602 2568 1969 2606 Constantinopolitano
1994 2564 2250 2597 eeclesiasticam
2269 2570 2327 2592 ne-

1329 2621 1472 2659 gligente
1489 2621 1665 2652 defendere
1681 2621 1879 2655 libertatem,
1894 2619 2052 2653 Ecclesia,
2064 2617 2164 2656 gladii
2177 2614 2327 2654 spiritua-

1327 2673 1368 2703 lis
1386 2678 1415 2703 et
1433 2674 1615 2704 materialis
1631 2675 1785 2704 obtinens
1802 2683 1819 2703 a
1835 2672 1976 2703 Domino
1992 2673 2186 2710 potestatem
2200 2684 2249 2702 -‚
2265 2667 2327 2697 Im-

1328 2726 1457 2763 perium
1473 2726 1579 2756 eidem
1602 2726 1734 2762 Carolo,
1752 2726 1809 2765 qui
1833 2734 1897 2755 non
1919 2724 2025 2754 solum
2043 2722 2217 2752 violatores
2232 2718 2328 2749 liber-

1363 2856 1382 2879 l.
1408 2856 1486 2879 Bulle
1509 2856 1676 2880 d'llouorius
1701 2857 1738 2880 111
1764 2856 1800 2879 du
1826 2856 1839 2879 4
1862 2855 1969 2885 janvior
1990 2853 2045 2878 1221
2070 2852 2224 2883 (ΡοττΗΑετ
2249 2847 2326 2877 6469ῐ

1329 2900 1503 2924 Ronsxnenc
1524 2900 1582 2929 160;
1601 2900 1754 2924 Pnsssurri
1772 2899 1853 2929 29⁴5).
