2423 3487
145 291 205 324 383
871 286 1111 318 REGIsTREs
1133 285 1189 315 DE
1211 277 1434 316 GREGomE
1457 287 1517 317 1x.
2186 289 2244 320 384

147 359 210 387 hoc
241 355 367 385 irritari
404 355 491 394 quod
525 358 639 384 contra
668 362 740 384 eam
771 356 1001 392 attemptatum
1031 351 1154 386 extitit,

149 412 286 446 cogente
305 407 452 447 justitia,
480 407 552 436 sine
573 406 622 435 tui
640 406 726 445 juris
746 405 885 444 injuria,
906 404 1153 435 demandamus.

148 460 349 499 Apostolicis
366 463 476 489 autem
490 458 611 488 litteris
623 467 682 496 per
694 457 919 488 venerabilem
936 457 1072 486 fratrem
1084 464 1158 485 nos-

148 517 237 542 trum
265 535 285 541 ..
313 511 600 549 archiepiscopum
621 511 849 540 Turonensem
876 518 976 547 super
1003 508 1157 538 libertate

149 565 365 595 ecclesiarum
382 572 440 593 sue
457 563 627 601 provincie
645 562 843 601 impetratis,
862 571 922 591 nec
938 565 1028 591 tuam
1043 570 1158 599 perso-

148 626 226 647 nam
246 617 312 646 ledi
336 625 396 646 nec
413 616 482 655 juri
500 616 592 653 regio
609 616 774 645 credimus
797 615 832 644 in
853 615 965 653 aliquo
988 614 1154 651 derogari,

148 669 227 708 quia
248 676 459 706 nequaquam
481 667 520 697 de
543 671 599 697 tuo
617 666 806 705 dispendio,
829 666 887 696 sed
910 665 1035 695 honore
1052 674 1088 694 ac
1105 674 1158 695 sa-

146 721 216 750 lute
233 720 354 758 potius,
374 720 493 757 agitur,
513 720 541 749 si
555 719 692 749 libertas
709 719 860 749 ecclesiis
876 727 934 756 per
953 722 1025 748 tuos
1041 717 1158 756 prede-

148 782 309 808 cessores,
329 782 346 802 a
366 776 511 810 tempore
529 772 623 811 cujus
639 772 800 801 memoria
816 780 882 801 non
899 775 997 806 extat,
1015 770 1155 806 indulta,

148 826 244 856 nobis
267 824 546 863 precipientibus,
573 824 778 854 observatur.
803 824 972 858 Ceterum,
990 832 1049 861 pro
1070 827 1158 853 certo

148 879 321 909 credentes
347 878 435 916 quod
458 877 498 907 ad
524 877 759 907 exaltationem
784 877 875 912 fidei,
897 886 955 914 pro
981 885 1046 915 qua
1071 875 1158 906 clare

148 931 307 961 memorie
331 930 556 969 L[udovicus],
578 939 633 960 rex
660 930 810 965 Francie,
833 933 926 967 pater
946 933 1034 963 tuus,
1052 938 1158 967 usque

149 984 190 1014 ad
205 984 333 1013 obitum
352 983 526 1017 laboravit,
546 983 684 1020 aspires,
705 986 735 1012 et
750 982 787 1012 de
805 991 906 1019 regno
925 986 978 1011 tuo
994 982 1159 1012 hereticos

147 1037 283 1067 omnino
305 1036 470 1066 confutari
496 1036 680 1070 desideres,
712 1035 799 1064 circa
825 1035 995 1073 negotium
1017 1035 1095 1064 fidei
1123 1035 1158 1064 in

147 1089 299 1128 partibus
311 1088 549 1126 Albigensibus
566 1088 649 1117 illud
665 1088 819 1117 duximus
835 1087 1088 1126 disponendum,
1102 1097 1160 1126 per

148 1142 235 1181 quod
253 1141 375 1171 ibidem
394 1145 516 1171 statum
534 1141 683 1170 roborari
699 1140 775 1169 fidei
791 1144 819 1170 et
835 1140 1033 1178 pravitatem
1047 1149 1159 1178 spera-

148 1204 222 1224 mus
239 1194 419 1224 hereticam
437 1194 755 1232 extirpa1·i.Ve1·um,
775 1202 849 1222 cum
866 1193 956 1222 olim.
976 1193 1016 1222 ad
1029 1193 1160 1222 instan-

149 1248 231 1277 tiam
248 1252 337 1277 tuam
355 1251 385 1277 et
401 1247 544 1276 illustris
559 1247 672 1284 regine
688 1247 826 1276 Francie
841 1246 1026 1283 B[lanclie],
1042 1247 1159 1275 matris

148 1305 214 1334 tue,
241 1300 345 1329 nobili
369 1300 439 1329 viro
465 1323 484 1328 ..
511 1300 623 1329 comiti
646 1299 808 1329 Tolosano
832 1299 1024 1328 duxerimus
1047 1308 1159 1329 conce-

147 1353 292 1383 dendum
307 1357 340 1382 ut
353 1353 386 1382 in
404 1357 491 1382 terra
505 1362 563 1382 sua
579 1357 687 1390 posset
704 1352 875 1390 aliquanto
890 1356 1035 1389 tempore
1052 1361 1160 1381 rema-

148 1416 239 1441 nere,
259 1410 289 1436 et
307 1407 376 1445 J’am
396 1406 528 1443 negotio
544 1406 635 1444 pacis
655 1410 685 1435 ct
710 1405 787 1435 fidei
805 1405 987 1444 plurimum
1007 1405 1159 1443 expedire

148 1460 301 1490 credatur
324 1463 370 1495 ut,
389 1459 475 1489 sicut
497 1459 532 1488 in
555 1468 633 1497 pace
659 1459 694 1488 in
718 1459 786 1488 illis
812 1459 963 1497 partibus
980 1459 1161 1488 reformata

148 1512 255 1542 extitit
274 1512 474 1545 ordinatum,
493 1512 531 1541 de
547 1516 654 1541 cetero
671 1520 704 1541 se
721 1512 900 1541 transferat
918 1511 953 1540 in
971 1511 1159 1541 subsidium

148 1566 248 1595 Terre
276 1565 405 1600 Sancte,
426 1564 640 1594 serenitatem
661 1564 787 1602 regiam
808 1564 989 1602 rogandam
1005 1564 1159 1594 duximus

149 1618 310 1648 attentius
343 1621 373 1647 et
407 1617 605 1647 hortandam
634 1621 814 1655 quatenus,
849 1617 974 1646 dictum
1006 1617 1160 1647 comitem

150 1671 248 1710 quod,
273 1671 364 1700 omni
387 1670 559 1700 occasione
583 1673 719 1704 remota,
743 1670 777 1698 in
802 1670 951 1707 proximo
978 1670 1097 1699 martio
1124 1670 1159 1699 in

149 1724 296 1763 predicte
317 1724 416 1753 Terre
439 1732 634 1752 succursum
652 1723 801 1758 accedat,
822 1723 940 1752 tradita
965 1722 1023 1751 tibi
1040 1722 1158 1752 celitus

148 1780 310 1815 potestate
327 1775 539 1813 compellens,
558 1775 704 1805 nobilem
723 1775 832 1804 virum
853 1775 1069 1809 Ildesonsum,
1091 1784 1159 1813 ger-

148 1838 285 1859 manum
305 1833 413 1863 tuum,
438 1828 478 1858 ad
500 1829 648 1866 regimen
669 1833 768 1861 terre,
789 1828 847 1857 ubi
865 1837 923 1866 per
944 1828 1040 1857 illum
1055 1829 1160 1859 multa

148 1883 217 1912 Deo
232 1880 1069 1920 0100110,1001111Εο01051001110101111111001011110115
1083 1891 1160 1920 pro-

147 1939 303 1968 ventura,
331 1934 553 1968 transmittas,
580 1934 625 1963 ita
649 1934 735 1972 quod
754 1943 791 1963 cx
809 1934 871 1964 1100
890 1934 1159 1972 propitiationem

149 1987 297 2016 divinam
315 1987 452 2017 uberius
473 1987 651 2021 mercaris,
677 1991 706 2016 et
732 1996 790 2016 nos
813 1987 1047 2017 celsitudinem
1069 1991 1160 2018 tuam

148 2040 316 2078 possimus
343 2039 460 2070 exinde
485 2040 604 2070 merito
632 2039 875 2070 commendare.
903 2041 977 2070 Dat.
996 2041 1157 2077 Viterbii,

149 2092 248 2122 nonis
265 2092 357 2128 maii,
376 2101 463 2122 anno
479 2092 617 2123 decimo.
635 2104 648 2119 ³>

220 2271 338 2299 3139

186 2334 310 2368 Majoris
329 2334 479 2361 Ecclesiae
498 2334 677 2361 Parisiensis
696 2338 724 2361 et
741 2335 844 2362 Sancti
866 2336 1008 2363 Germani
1026 2338 1161 2365 Autisi0--

150 2383 282 2410 dorensis
304 2382 436 2409 Par-isius
459 2383 594 2415 decanis,
611 2391 664 2409 nec
688 2391 745 2410 non
769 2386 798 2410 et
818 2384 958 2418 magistro
982 2385 1103 2421 Offloni]
1125 2387 1161 2414 de

150 2429 356 2466 Guerland[a],
373 2431 582 2458 archidiacono
596 2432 775 2465 Parisiensi,
794 2434 916 2460 mandat
930 2438 1075 2467 quatenus
1091 2444 1161 2463 cau-

149 2489 211 2507 sam
234 2480 349 2507 abbatis
368 2482 590 2513 conventusque
610 2480 734 2514 Majoris
750 2480 925 2508 Monasterii
939 2483 1120 2511 Turonensis
1134 2489 1162 2512 et

149 2529 281 2563 ejusdem
297 2529 470 2556 monasterii
482 2529 663 2556 creditorum
675 2530 809 2557 audiant.
824 2545 855 2548 —
867 2532 953 2562 (1100.
967 2532 1010 2565 18,
1024 2533 1043 2559 f.
1059 2534 1110 2560 153
1122 2537 1160 2567 r⁰;

149 2585 220 2604 ann.
240 2577 279 2609 X,
295 2585 319 2603 0.
339 2577 390 2609 67;
408 2591 440 2595 —
457 2578 495 2604 ct'.
513 2584 610 2610 supra,
628 2580 657 2604 11⁰
673 2577 765 2609 3101.)

715 2271 848 2305 Viterbe,
866 2272 899 2299 19
914 2273 991 2300 avril
1007 2274 1087 2301 1236.

191 2691 205 2705 (1
224 2701 245 2707 ..
263 2679 388 2715 Majoris
402 2678 531 2707 Ecclesie
545 2683 571 2707 et
589 2701 607 2707 ..
622 2679 730 2708 Sancti
746 2680 892 2708 Germani
904 2681 1163 2712 Autisiodorensis

148 2732 282 2767 decanis,
303 2736 328 2760 et
344 2732 492 2768 mayistro
509 2732 540 2760 O.
558 2732 592 2760 de
611 2732 820 2771 Guerland[a],
840 2734 1059 2764 archidiacono
1074 2737 1163 2766 Pari-

148 2785 334 2821 sieasi[b11s].
350 2784 540 2821 Exponente
557 2784 653 2814 nobis
670 2784 789 2815 dilecto
805 2785 910 2814 filio..
926 2786 1043 2817 abbate
1058 2789 1162 2827 Majo—

148 2838 196 2867 ris
213 2836 408 2866 Monasterii
427 2837 643 2872 Turonensis,
662 2837 696 2866 in
717 2841 830 2867 nostra
852 2840 1020 2876 presentia
1037 2842 1162 2871 consti-

150 2894 231 2924 tuto,
257 2889 343 2927 quod
365 2889 605 2919 monasterium
629 2890 740 2928 ipsum
763 2891 855 2928 gravi
877 2892 1039 2929 premitur
1061 2902 1161 2924 onere

148 2942 347 2976 debitorum,
368 2950 509 2980 quorum
529 2942 658 2972 modica
674 2942 708 2971 in
729 2942 908 2973 utilitatem
928 2944 1075 2983 ejusdem
1091 2955 1161 2977 010-

1240 351 1380 381 nasterii
1403 356 1479 381 sunt
1498 360 1668 386 conversa,
1691 356 1722 382 et
1740 352 1864 382 diversi
1882 353 2073 390 creditores,
2096 354 2245 386 diversas

1239 406 1353 433 contra
1369 403 1510 434 eundem
1526 404 1678 434 abbatem
1696 408 1728 434 et
1747 409 1946 435 conventum
1966 414 2064 435 suum
2080 406 2121 436 ad
2136 407 2246 437 diver-

1239 463 1293 484 sos
1314 455 1445 494 judices
1464 456 1593 486 litteras
1615 457 1813 495 apostolicas
1838 457 2055 496 impetrantes
2067 482 2074 495 ,
2091 458 2191 489 simul
2209 468 2245 489 ac

1239 507 1343 538 semel
1357 508 1525 539 interdum
1547 518 1565 539 a
1581 509 1722 539 diversis
1739 519 1794 540 eos
1810 510 1937 540 faciunt
1953 511 2119 542 malitiose
2138 512 2246 548 citari,

1238 565 1285 597 ut,
1303 561 1435 599 fatigati
1454 562 1625 592 laboribus
1642 567 1673 592 et
1691 563 1856 601 expensis,
1873 563 1926 594 vel
1940 563 2090 594 indebita
2106 563 2245 600 solvere,

1239 613 1292 643 vel
1310 614 1508 652 dampnosas
1525 615 1695 653 pactiones
1717 616 1830 646 subire
1853 620 2013 654 cogantur
2031 627 2037 645 :
2055 625 2130 652 nos,
2151 617 2199 647 eis
2216 621 2248 647 et

1240 666 1327 696 dicto
1344 667 1546 697 monasterio
1562 672 1698 706 paterno
1718 669 1956 706 compatientes
1973 669 2104 705 affectu,
2122 669 2248 699 eisdem

1239 728 1345 758 usque
1376 720 1417 749 ad
1445 721 1715 759 quinquennium
1744 721 1899 751 duximus
1928 721 2169 759 indulgendum
2198 725 2246 758 ut,

1240 772 1399 811 quamdiu
1418 781 1527 802 coram
1544 773 1649 809 vobis,
1668 782 1749 812 quos
1766 773 1804 803 de
1822 777 1909 803 certa
1922 774 2062 803 scientia
2076 773 2249 812 deputavi-

1238 833 1325 860 mus,
1342 825 1449 863 parati
1459 825 1585 855 suerint
1597 826 1766 865 jamdictis
1780 826 1998 856 creditoribus
2011 826 2166 856 exhibere
2180 826 2248 865 jus-

1240 878 1312 908 titie
1330 878 1618 916 complementum,
1634 888 1699 908 non
1719 883 1894 909 teneantur
1911 888 2021 909 coram
2037 879 2112 909 aliis
2125 879 2248 918 judici-

1239 931 1301 960 bus
1326 931 1537 969 respondere,
1569 931 1635 961 nisi
1665 931 1793 970 aliquid
1819 931 2016 961 rationabile
2042 932 2246 967 ostendatur,

1240 988 1373 1021 propter
1398 984 1485 1022 quod
1505 984 1646 1014 debeant
1669 984 1749 1013 alibi
1779 985 1969 1019 conveniri;
1999 984 2101 1014 nullis
2126 984 2248 1014 litteris

1240 1036 1450 1066 obstantibus
1470 1041 1583 1066 contra
1604 1038 1750 1075 prefatos
1773 1037 1925 1067 abbatem
1947 1041 1977 1067 01
1994 1041 2192 1067 conventum
2208 1037 2249 1067 ab

1241 1090 1323 1128 ipsis
1350 1090 1569 1120 creditoribus
1595 1099 1613 1120 a
1638 1090 1721 1120 Sede
1740 1090 1930 1128 Apostolica
1956 1090 2153 1128 impetratis,
2183 1089 2249 1119 nisi

1240 1152 1298 1181 per
1322 1152 1377 1172 eas
1400 1143 1435 1172 in
1456 1144 1633 1173 commisso
1654 1144 1787 1181 negotio
1808 1143 1849 1173 sit
1876 1152 2079 1181 processum.
2106 1143 2250 1181 Ideoque

1242 1195 1438 1225 mandamus
1456 1200 1631 1234 quatenus,
1648 1205 1722 1226 curn
1738 1205 1837 1234 super
1853 1196 1913 1225 1100
1930 1196 2063 1225 fueritis
2080 1195 2248 1234 requisiti,

1241 1249 1392 1287 partibus
1425 1249 1630 1284 convocatis,
1661 1249 1805 1279 audiatis
1839 1258 1973 1278 causam
2010 1253 2082 1284 etc.,
2122 1248 2251 1277 sacien-

1243 1305 1291 1331 tes
1308 1305 1369 1331 etc.
1387 1302 1500 1331 Testes
1519 1306 1579 1331 etc.
1597 1302 1691 1338 Quod
1708 1302 1735 1331 si
1756 1310 1821 1331 non
1838 1300 1952 1331 omnes
1970 1305 2030 1331 etc.
2049 1302 2120 1330 Dat.
2142 1300 2250 1331 Viter·

1241 1354 1300 1389 bii,
1317 1354 1403 1384 XIII
1421 1354 1581 1384 kalendas
1599 1355 1689 1391 maii,
1714 1363 1800 1384 anno
1817 1355 1954 1384 decimo.
1977 1366 1989 1380 »

1312 1560 1431 1588 3140

1276 1622 1386 1649 Abbati
1402 1624 1430 1649 et
1446 1622 1606 1648 conventui
1624 1621 1796 1648 monasterii
1814 1621 1906 1648 Casae
1922 1621 1976 1647 Dei
1998 1621 2153 1647 confirmat
2173 1620 2253 1647 litte-

1242 1680 1288 1698 ras
1306 1680 1323 1698 a
1339 1671 1505 1699 Coelcstino
1527 1669 1589 1705 [ΙΙΙ]
1614 1678 1688 1704 papa
1711 1670 1747 1696 ad
1770 1669 1847 1703 ipsos
1870 1669 2015 1696 directas¹
2034 1669 2063 1695 111
2081 1669 2252 1703 quaestione

1812 1559 1945 1591 Viterbe,
1961 1559 1993 1585 18
2007 1559 2083 1586 avril
2099 1559 2179 1586 1236.

1242 1721 1320 1747 inter
1334 1720 1411 1754 ipsos
1427 1722 1455 1746 et
1471 1720 1582 1746 clerum
1598 1720 1799 1753 populumque
1812 1718 1925 1744 Montis
1943 1718 2035 1744 Pilosi
2052 1721 2167 1749 exorta,
2185 1717 2252 1752 qui-

1242 1769 1295 1796 bus
1315 1769 1392 1795 idem
1411 1768 1596 1795 Coelestinus
1617 1776 1693 1802 papa
1714 1770 1856 1794 statuerat
1876 1769 1907 1793 ut
1928 1767 2049 1793 ecclesia
2068 1766 2181 1793 Montis
2199 1766 2253 1793 Pi-

1243 1817 1297 1844 losi
1312 1818 1441 1851 ipsorum
1458 1818 1637 1843 monasterio
1653 1816 1850 1849 subjiceretur
1865 1824 1898 1842 ae
1915 1824 2001 1849 super
2016 1815 2193 1849 repetitione
2205 1814 2253 1841 di-

1243 1866 1367 1899 gnitatis
1392 1865 1573 1899 ltwiitificalis
1599 1864 1754 1891 silentium
1780 1864 1967 1895 observarem
1992 1863 2102 1890 inserto
2125 1863 2178 1890 sub
2200 1871 2254 1890 sua.

1243 1914 1326 1942 bulla
1339 1914 1471 1947 ejusdem
1489 1914 1629 1947 epistolae
1644 1912 1789 1947 praedicti
1806 1912 1967 1939 Coelestini
1984 1920 2077 1946 papae
2090 1914 2199 1938 tenore.
2220 1925 2253 1929 --

1243 1964 1330 1996 (ΒΕΘ.
1345 1962 1389 1995 18,
1407 1963 1427 1989 f.
1445 1962 1496 1988 153
1512 1965 1558 1994 v⁰3
1576 1970 1645 1988 ann.
1663 1961 1702 1994 X,
1721 1969 1745 1987 c.
1760 1960 1817 1991 68.)

1285 2083 1298 2098 «
1320 2094 1341 2100 ..
1362 2071 1464 2100 abbati
1480 2075 1505 2100 et
1521 2071 1686 2100 conventui
1701 2071 1770 2099 Case
1785 2070 1848 2098 Dei.
1866 2068 1949 2099 Cum
1966 2077 1984 2098 a
1999 2067 2095 2097 nobis
2111 2085 2158 2096 —.
2177 2067 2253 2097 Dat.

1242 2123 1398 2159 Viterbii,
1415 2124 1518 2153 XIIII
1534 2123 1693 2153 kalendas
1709 2122 1801 2157 maii,
1820 2130 1907 2151 anno
1926 2121 2064 2151 decimo.
2086 2132 2100 2147 »

1314 2329 1427 2357 3141
1840 2326 1978 2359 Viterbe,
1994 2325 2011 2352 5
2025 2325 2085 2353 mai
2101 2325 2180 2352 1236.

1278 2391 1511 2426 Archiepiscopo
1530 2390 1724 2424 Maguntino,
1747 2389 1859 2423 petenti
1882 2397 1919 2415 an
1942 2388 1979 2415 ad
2001 2387 2252 2414 consecrationem

1242 2440 1479 2467 &Varmaciensis
1495 2439 1581 2466 electi
1599 2438 1754 2473 procedere
1769 2438 1890 2470 debeat,
1909 2437 2031 2464 mandat
2045 2439 2203 2470 quatenus,
2221 2449 2254 2454 ——

1243 2498 1310 2516 cum
1321 2511 1327 2522 ,
1344 2489 1381 2515 ad
1395 2488 1571 2515 instantiam
1586 2487 1731 2514 Friderici
1747 2486 1950 2520 imperatoris,
1967 2485 2030 2519 ipse
2050 2492 2127 2518 papa
2146 2483 2254 2510 Hilde-

1243 2537 1371 2564 semensi
1391 2540 1419 2564 et
1442 2536 1652 2571 Ratisponensi
1672 2535 1817 2570 episcopis
1835 2534 2061 2568 inquisitionem
2083 2540 2169 2566 super
2187 2531 2254 2566 qui-

1243 2586 1367 2614 busdam
1389 2586 1425 2612 de
1445 2586 1577 2620 praefato
1595 2585 1687 2611 electo
1706 2583 1919 2615 commisisset,
1939 2590 1992 2608 nee
2010 2581 2114 2608 fuisset
2138 2580 2168 2606 in
2189 2580 2257 2614 ipsa

1244 2643 1423 2669 processum,
1439 2637 1467 2660 et
1480 2634 1559 2660 idem
1577 2634 1702 2665 01001115,
1718 2631 1801 2659 bonis
1815 2629 2032 2665 episcopalibus
2048 2628 2170 2655 interim
2187 2635 2255 2662 spo-

1244 2683 1345 2716 liatus,
1361 2682 1554 2717 personaliter
1568 2681 1604 2708 ad
1627 2681 1733 2708 Sedem
1757 2679 1959 2714 Apostolicam
1980 2677 2156 2709 laborasset,
2172 2690 2203 2694 —-
2218 2683 2255 2702 ne

1243 2731 1479 2758 KVarmaciensis
1496 2730 1620 2757 ecclesia
1641 2729 1741 2756 taliter
1762 2729 1880 2755 maneat
1901 2727 2045 2753 destituta
2060 2727 2191 2759 pastore,
2207 2732 2258 2751 as-

1244 2780 1371 2814 sumptis
1386 2779 1498 2809 duobus
1512 2779 1559 2805 vel
1574 2778 1668 2805 tribus
1684 2777 1825 2804 ecclesiae
1838 2775 2035 2809 Maguntinae
2049 2772 2254 2807 suffraganeis,

1244 2828 1341 2855 eidem
1358 2829 1465 2860 electo,
1483 2827 1507 2854 si
1524 2827 1594 2861 quid
1611 2826 1786 2853 canonicum
1801 2833 1859 2851 non
1873 2823 2012 2856 obsistat,
2027 2830 2135 2849 munus
2152 2829 2258 2848 conse-

1277 2956 1298 2980 1.
1314 2955 1608 2980 JarrE-LOEWENFELD
1628 2953 1753 2983 17046113
1769 2952 1914 2976 decembre
1932 2950 2009 2979 1193).
