2423 3487
150 282 204 310 515
869 275 1105 304 REGIsTnEs
1128 273 1182 302 DE
1205 266 1426 301 GREGOIRE
1450 272 1507 301 lx.
2178 269 2233 298 516

152 347 279 375 Lucane
297 343 440 373 civitatis
460 348 487 371 et
511 342 662 370 diocesis.
684 342 782 371 certis
803 342 889 370 inter
911 351 964 370 eos
986 341 1147 369 dictarum

149 397 293 427 civitatis
323 401 351 425 et
377 396 517 425 diocesis
544 395 690 432 partibus
718 395 913 431 fissipedis,
942 398 1146 423 sacramenta

149 450 372 479 ecclesiastica
398 448 601 481 exhilwrcnt,
630 458 687 477 nec
713 457 776 477 non
803 448 1023 485 predictarum
1049 447 1148 476 eccle—

149 504 272 532 siarum
290 501 422 539 prelatis
440 505 467 529 et
487 500 627 528 clericis.
646 505 676 529 nt
692 501 792 529 abeis
808 501 877 537 ipsa
896 500 1089 537 reciperent.
1104 503 1145 528 et.

150 555 329 585 venerabili
347 554 439 583 fratri
453 558 562 582 nostro
578 576 597 580 ..
613 553 764 590 episcopo
776 553 964 582 Florentino
978 551 1148 580 humiliter

150 608 375 637 intendentes.
401 606 430 635 ei
457 606 525 635 vice
551 611 661 635 nostra
687 606 724 634 de
747 606 878 644 juribus
904 603 1147 642 episcopmlil‘uus

148 660 398 698 responderent,
429 668 465 688 ac.
494 658 599 687 eidem
629 658 779 695 episcopo
808 657 997 687 Florentino
1025 655 1147 685 nostris

149 715 299 744 dedimus
318 713 438 741 litteris
460 713 493 741 in
518 712 681 740 mandatis
703 716 735 740 ut
760 711 793 739 in
815 710 938 739 eisdem
959 709 1090 738 civitate
1117 712 1147 737 et

149 766 270 795 diocesi
300 769 476 803 proventus
503 763 704 801 episcopales
730 763 799 791 vice
828 767 938 791 nostra
967 761 1148 799 perciperet

149 824 179 849 et
201 817 417 856 episc‹;›pale1n
440 816 705 855 jnrisslietionem
731 815 814 844 inibi
838 819 1014 845 exerceret.
1035 814 1148 852 injun-

150 877 262 908 gentes
291 870 527 900 nichilominus
554 874 666 907 postea
694 869 941 906 archiepiscopo
968 872 1148 897 memorato

150 929 181 952 nt
200 923 318 951 dictam
334 922 612 960 jurisdictionem,
628 921 661 949 in
676 925 765 959 parte
783 921 951 956 assignata
964 920 1148 954 51010161--

149 985 220 1006 cere
247 979 391 1009 curaret,
419 974 618 1005 Car-saniant:
643 979 673 1003 et
697 973 802 1003 Vallis
825 974 916 1002 Lime
940 973 1090 1003 ecclesiis
1113 972 1147 1001 in

150 1037 261 1059 eornm
291 1027 444 1056 manibus
476 1027 666 1056 reservatis.
693 1027 788 1056 Nunc
815 1031 944 1061 antem,
972 1027 1146 1065 quoniam,

149 1086 283 1120 paterna
302 1080 526 1118 increpatione
544 1080 734 1109 commoniti
761 1083 791 1109 et
814 1080 853 1108 ad
877 1080 1066 1109 mandatnm
1091 1080 1149 1109 Se-

149 1134 199 1162 dis
229 1133 433 1171 Apostolice.
463 1133 578 1162 matris
607 1142 739 1163 eorum.
772 1127 978 1170 prudentiori
1009 1133 1148 1162 consilio

149 1187 303 1220 revocati,
322 1186 359 1215 de
379 1186 522 1224 parendo
541 1195 639 1223 super
655 1186 827 1223 premissis
844 1186 1033 1216 excessibus
1055 1196 1149 1215 man-

149 1239 234 1267 datis
258 1238 446 1276 apostolicis
473 1242 659 1276 prestantes
681 1238 877 1277 juratoriam
904 1243 934 1268 et
962 1238 1044 1268 alias
1071 1248 1149 1268 cau-

150 1291 266 1325 tiones,
286 1291 333 1319 eis
349 1295 379 1320 et
396 1291 501 1320 eidem
519 1290 656 1320 ecclesie
674 1292 804 1320 Lucane
825 1292 988 1329 predictos
1006 1291 1149 1322 bonores

149 1347 180 1372 et
203 1343 382 1379 dignitates
405 1343 537 1372 restitui
563 1343 735 1373 humiliter
762 1344 988 1381 postularunt,
1012 1349 1149 1382 paterna

150 1395 353 1432 benignitate
384 1395 530 1433 ipsorum
561 1396 714 1433 precibus
744 1396 782 1425 de
812 1397 979 1426 communi
1009 1398 1149 1427 consilio

150 1448 289 1477 fratrum
318 1453 504 1477 nostrornm
533 1449 730 1479 annuimus.
757 1454 786 1478 et
816 1450 892 1484 tihi.
917 1459 1013 1488 quem
1042 1451 1089 1480 eis
1114 1451 1149 1480 in

149 1505 274 1538 patrem
293 1505 321 1530 et
339 1501 527 1538 episcopum
551 1501 704 1530 duximus
724 1502 987 1538 concedendum,
1011 1508 1039 1533 et
1061 1504 1095 1532 in
1121 1512 1149 1534 te

150 1553 294 1590 predicte
309 1554 439 1582 Lucane
457 1553 593 1583 ecclesie
611 1555 754 1591 prefatos
774 1554 932 1585 honorem
956 1560 987 1585 et.
1007 1556 1151 1592 dignita-

151 1609 215 1635 tem
238 1614 310 1635 cum
329 1606 482 1636 omnibus
500 1607 631 1645 juribus
649 1607 718 1636 suis
741 1608 962 1638 restituendos
980 1609 1148 1643 duximus,

152 1658 344 1688 anctoritate
362 1659 564 1696 presentium
583 1659 796 1689 decernentes
812 1665 847 1689 111
862 1670 919 1698 per
936 1670 973 1691 ea
991 1671 1053 1700 qne
1073 1662 1151 1692 dicti

152 1710 419 1749 archiepiscopus
435 1716 465 1741 et
483 1711 625 1749 episcopi
645 1712 677 1740 in
694 1712 883 1750 episcopatu
900 1714 1031 1743 Lucano
1044 1715 1151 1744 medio

152 1767 294 1800 tempore
313 1764 431 1793 fecisse
448 1764 613 1794 dicuntur.
632 1764 759 1794 nullum
778 1765 836 1794 tibi
854 1770 883 1795 et
903 1767 1151 1797 successoribus

152 1815 216 1845 tuis
234 1821 261 1845 et
285 1816 427 1854 predicte
448 1817 577 1846 Lucane
601 1817 739 1847 ecclesie
761 1818 793 1846 in
815 1823 982 1856 posterum
1006 1821 1152 1859 prejudi-

151 1868 238 1897 cium
256 1873 488 1905 generetur—.
508 1870 581 1898 Dat.
601 1871 800 1901 Inter-amne.
821 1872 850 1900 11
863 1872 937 1901 idus
954 1872 1149 1908 decembris,

151 1929 236 1950 anno
254 1921 391 1950 decimo.
415 1934 426 1947 n

221 2099 338 2127 3⁴00
674 2102 773 2135 Terni,
788 2103 821 2129 12
835 2103 988 2130 decembre
1002 2104 1081 2131 1236.

186 2162 218 2188 In
235 2162 359 2188 eundem
375 2163 492 2189 modum
512 2185 530 2190 ..
548 2164 747 2198 archiepiscopo
764 2166 875 2195 Pisano,

151 2210 324 2242 Pistohensi,
342 2231 359 2237 ..

896 2186 913 2193 ..
938 2166 1116 2203 lr'nllera11[o],
1135 2188 1154 2194 ..

385 2212 541 2237 Florentino
563 2215 585 2237 ει
611 2233 629 2239 ..
653 2213 769 2238 Lunensi·
793 2216 930 2247 episcopi&
959 2215 1009 2242 Eis
1033 2217 1155 2243 mandat

152 2260 295 2290 quatenus
311 2267 396 2292 super
413 2260 458 2285 his
479 2268 552 2293 qnae
572 2261 613 2287 eis
629 2261 658 2287 111
676 2263 816 2295 praefatis
832 2263 956 2290 civitate
973 2273 1006 2291 ac.
1027 2265 1155 2292 dioecesi

152 2307 279 2334 Lucanis
295 2308 357 2342 ipse
377 2317 452 2343 papa
468 2310 665 2343 commiserat,
682 2320 711 2338 se
732 2312 809 2346 ipsos
832 2313 866 2339 de
886 2315 981 2340 cetero
1002 2313 1155 2342 intromit-

152 2357 212 2381 tere
228 2364 284 2382 non
301 2359 458 2384 attentent.
474 2358 541 2385 Dat.
561 2362 590 2385 ut
606 2368 703 2394 supra.

187 2473 289 2498 3401.
308 2485 339 2489 —
360 2473 392 2499 In
414 2473 538 2500 eundem
562 2475 621 2500 tere
642 2475 780 2501 1111)(111111Ι
802 2476 872 2501 clero
893 2478 915 2502 et
935 2478 1036 2509 populo
1053 2477 1151 2510 Garsa-

151 2519 258 2555 nianpr]
275 2523 298 2546 ec
321 2521 403 2546 Vallis
420 2521 502 2546 Lime.

222 2693 338 2721 34⁰2
674 2696 774 2729 Terni,
789 2697 821 2723 13
837 2697 991 2725 decembre
1007 2699 1085 2725 1236.

188 2755 417 2790 Archiepiscopo
431 2756 603 2783 Trevcrensi
619 2758 740 2785 mandat
757 2761 900 2792 quatenus
917 2759 953 2787 ab
971 2759 1075 2787 abbate
1094 2769 1157 2787 mo-

188 2882 206 2904 1.
231 2882 279 2903 Cet
302 2883 331 2904 in
353 2884 473 2906 eundem
498 2886 611 2907 niodum
635 2892 649 2907 a
670 2885 711 2907 ete
730 2885 821 2914 ajout&
847 2886 926 2916 apr-Es
948 2893 1018 2916 coup
1041 2887 1108 2910 dans
1133 2888 1158 2910 la

157 2931 256 2954 niargc.

1230 338 1350 364 nas-terii
1368 338 1403 363 de
1420 338 1508 369 Lacu,
1525 336 1637 363 ordinis
1653 336 1749 363 sancti
1766 335 1931 367 Benedicti,
1948 335 2138 362 Treverensis
2153 335 2234 362 dioe-

1229 386 1317 416 cesis,
1333 386 1397 419 qui,
1415 386 1450 411 de
1469 385 1592 411 diacono
1608 385 1724 418 genitus
1745 387 1772 411 et
1793 385 1903 416 soluta,
1920 384 2068 410 defectum
2086 383 2232 410 natalium

1229 435 1410 468 patiebatur,
1436 434 1664 467 resignationem
1695 433 1823 467 suscepti
1850 433 1887 460 ab
1913 442 1945 459 eo
1978 433 2132 466 regiminis
2159 433 2235 460 reci-

1228 483 1305 516 piat,
1323 486 1350 509 ct
1370 483 1406 508 ad
1425 483 1560 508 eumden]
1584 482 1770 516 postmodum
1790 482 1868 508 idem
1888 481 2018 515 regimen
2040 481 2183 508 remittat.
2202 495 2234 499 —

1228 532 1314 561 (Rno.
1332 530 1376 563 18,
1395 532 1413 556 1,
1430 531 1482 557 209
1498 534 1537 562 1·⁰;
1553 539 1622 556 ann.
1640 531 1679 562 X,
1694 539 1718 556 0.
1735 530 1811 561 286.)

1271 643 1282 655 «
1310 653 1327 658 ..
1351 631 1575 667 archiepiscopo
1597 631 1781 659 Trererrnsi.
1804 630 1849 660 Ex
1867 634 1958 668 parte
1974 629 2168 660 dilectorum
2185 647 2233 659 ——.

1228 683 1301 712 Dat.
1324 684 1524 717 lutei-amne,
1543 682 1653 712 idibus
1670 683 1865 717 decembris,
1886 692 1972 712 anno
1988 683 2126 713 decimo.
2147 695 2159 709 n

1301 841 1418 868 3403
1749 841 1848 874 Terni,
1865 841 1898 867 12
1914 841 2068 868 decembre
2085 841 2164 868 1236.

1266 904 1382 935 Eidem,
1393 903 1428 929 de
1442 903 1542 929 eadem
1561 911 1591 929 re
1607 902 1749 935 scribens,
1760 903 1881 929 mandat
1896 906 2051 936 quatenus,
2061 903 2085 929 si
2102 911 2237 938 reppere-

1230 952 1267 978 rit
1285 952 1359 986 quod
1380 952 1494 978 dictum
1511 951 1722 978 monasterium
1740 951 1811 977 olim
1829 960 1879 985 per
1895 951 2031 978 eumdem
2045 951 2181 978 abbatem
2197 951 2237 979 sit

1230 1000 1388 1027 salubriter
1404 1000 1599 1033 gubernatum
1621 1002 1649 1026 et
1667 1000 1699 1026 in
1716 1001 1846 1026 futurum
1865 1000 2006 1026 similiter
2020 1001 2119 1027 valeat
2133 1000 2238 1033 guber-

1230 1049 1306 1077 nari.
1322 1057 1387 1075 cum
1405 1049 1506 1075 eodem
1524 1048 1639 1081 abbate,
1655 1051 1773 1083 propter
1788 1048 1871 1075 illius
1888 1049 2004 1080 merita,
2019 1057 2105 1083 super
2120 1049 2238 1076 defectu

1231 1098 1377 1124 natalium
1401 1098 1590 1131 dispensans,
1608 1097 1634 1124 ei
1656 1098 1787 1131 ejusdem
1810 1097 1981 1124 monasterii
2004 1098 2151 1131 regimen,
2174 1099 2239 1132 post,

1231 1146 1354 1173 liberam
1374 1146 1602 1179 resignationem
1622 1146 1730 1180 ipsius,
1747 1146 1927 1177 committat,
1941 1146 2077 1180 injuncta
2093 1146 2118 1172 ei
2135 1145 2238 1180 paeni-

1231 1195 1324 1222 tentia
1348 1203 1397 1229 pro
1418 1204 1449 1221 eo
1471 1195 1546 1229 quod
1568 1195 1645 1221 idem
1666 1195 1797 1229 regimen
1818 1195 1926 1229 absque
1946 1195 2031 1222 Sedis
2051 1195 2239 1229 Apostolicae

1230 1244 1451 1278 dispensatione
1481 1247 1639 1278 receperat.
1662 1259 1694 1262 —
1718 1245 1804 1277 (REG.
1829 1243 1876 1277 18,
1904 1245 1924 1270 1.
1945 1243 1997 1270 209
2021 1246 2068 1276 v⁰;
2096 1251 2166 1270 ann.
2192 1243 2237 1276 X,

1231 1302 1255 1319 c.
1272 1293 1348 1324 287.)

1274 1407 1285 1419 κ
1311 1393 1424 1421 Eidem.
1448 1392 1596 1422 Dilectus
1614 1392 1703 1421 filius
1722 1415 1739 1420 ..
1760 1392 1860 1422 abbas
1877 1410 1925 1420 —.
1944 1393 2017 1422 Dat.
2036 1394 2237 1428 Interamne,

1233 1447 1264 1476 ΙΙ
1280 1446 1355 1475 idus
1373 1445 1568 1479 decembris,
1588 1454 1675 1474 anno
1694 1445 1832 1475 decimo.
1853 1458 1865 1471 2>

1303 1605 1422 1632 3404
1753 1605 1853 1637 Tomi,
1870 1605 1901 1632 11
1919 1605 2074 1632 decembre
2089 1605 2168 1632 1236.

1269 1667 1343 1694 Cum
1360 1667 1505 1700 Johanne,
1522 1667 1628 1694 abbate
1644 1667 1847 1699 Cisterciensi,
1859 1675 1946 1701 super
1961 1667 2078 1694 defectu
2094 1667 2240 1694 natalium

1233 1724 1331 1749 quem,
1346 1715 1381 1741 de
1397 1716 1491 1742 soluto
1505 1715 1622 1749 genitus
1636 1718 1664 1742 et
1679 1716 1785 1747 soluta,
1800 1715 1978 1749 patiebatur,
1993 1715 2155 1750 dispensat,
2170 1718 2199 1742 et
2214 1715 2241 1742 ei

1233 1764 1368 1791 concedit
1384 1767 1416 1790 ut
1430 1763 1487 1798 ipsi
1501 1764 1536 1790 de
1552 1767 1647 1790 cetero
1661 1764 1720 1790 tale
1734 1763 1985 1798 impedimentum
1998 1764 2132 1798 originis,
2145 1764 2240 1798 quoad

1233 1813 1413 1847 spiritualia,
1424 1813 1502 1839 nihil
1514 1812 1601 1844 obsit,
1610 1812 1653 1839 ita
1664 1815 1765 1839 tamen
1776 1813 1862 1846 quod,
1871 1812 1974 1839 sicum
1989 1813 2025 1839 ad
2038 1813 2239 1847 pontificalem

1232 1862 1332 1889 vocari
1349 1861 1506 1895 contigerit
1521 1861 1710 1895 dignitatem,
1727 1861 1812 1888 illam
1830 1869 2015 1895 nequaquam
2034 1861 2160 1896 recipiat
2174 1861 2241 1888 abs-

1233 1920 1289 1946 que
1303 1911 1389 1938 Sedis
1402 1911 1590 1945 Apostolicae
1606 1910 1730 1937 licentia
1744 1910 1877 1945 speciali.
1891 1925 1922 1928 —
1935 1911 2021 1943 (Bm.
2034 1910 2078 1943 18,
2092 1911 2112 1937 f.
2128 1910 2180 1938 209
2196 1913 2240 1943 v⁰;

1233 1968 1303 1987 ann.
1321 1960 1360 1993 X,
1378 1968 1402 1986 c.
1419 1959 1495 1991 288.)

1277 2073 1288 2087 «
1311 2061 1464 2095 Jos'lanni,
1483 2061 1584 2089 abbati
1601 2060 1805 2090 cisterciensi.
1823 2059 1906 2090 Cum
1923 2059 2158 2098 prophetarum
2175 2059 2244 2090 exi-

1234 2114 1322 2143 mius
1347 2131 1396 2142 —.
1423 2114 1497 2143 Dat.
1523 2113 1730 2146 Interamne‚
1757 2113 1808 2142 III
1832 2112 1908 2142 idus
1933 2112 2132 2148 decembris,
2158 2120 2244 2142 anno

1235 2167 1374 2196 decimo*
1395 2178 1407 2192 υ

1308 2326 1426 2355 3405
1765 2324 1864 2357 Terni,
1881 2324 1914 2351 15
1927 2317 2082 2351 decembre
2094 2323 2173 2351 1236.

1271 2387 1502 2421 Archiepiscopo
1511 2387 1652 2414 Toletano
1666 2387 1879 2421 interpretatur
1890 2386 2035 2420 quoddam
2051 2385 2244 2421 privilegium

1236 2435 1273 2462 ab
1285 2435 1456 2462 Alexandro
1468 2435 1554 2462 tertio
1566 2443 1641 2470 papa
1655 2435 1662 2449 ¹
1679 2435 1820 2462 fratribus
1832 2435 1960 2462 militiae
1975 2434 2079 2462 Sancti
2089 2434 2190 2463 Jacobi
2201 2434 2246 2461 in-

1237 2484 1366 2516 dultum,
1377 2492 1432 2517 quo
1446 2483 1525 2510 idem
1538 2483 1777 2518 archiepiscopus
1789 2483 1936 2510 asserebat
1948 2482 2159 2517 multiplieiter
2167 2480 2245 2510 laedi

1237 2531 1392 2558 ecclesiam
1409 2532 1593 2558 Toletanam.
1609 2546 1641 2549 —
1658 2532 1744 2564 (Rm.
1764 2531 1808 2564 18,
1823 2532 1844 2558 1.
1861 2531 1913 2558 209
1925 2534 1969 2563 v⁰;
1986 2539 2056 2558 ann.
2073 2531 2113 2564 X,
2129 2539 2154 2558 c.
2171 2530 2247 2563 289.)

1280 2644 1293 2658 «
1317 2655 1336 2660 ..
1360 2632 1586 2669 archiepiscopo
1610 2632 1760 2661 Toletano.
1789 2631 1936 2661 Veniens
1961 2631 2001 2661 ad
2023 2631 2247 2670 Apostolicam

1273 2756 1293 2780 1.
1309 2756 1605 2780 JAfre-Lcmwmrsstn
1623 2756 1832 2786 12504(5ju111et
1851 2756 1927 2786 1175).
1945 2756 1965 2779 11
1978 2764 1997 2786 y
2011 2763 2026 2779 a
2041 2759 2118 2779 entre
2133 2756 2158 2780 lc
2172 2759 2248 2780 texto

1239 2801 1273 2823 do
1293 2801 1317 2823 la
1339 2801 1411 2823 bullo
1431 2800 1615 2824 d'Alexnndre
1633 2800 1685 2829 111,
1702 2800 1738 2823 tel
1754 2800 1819 2830 qu'il
1836 2803 1877 2823 est
1893 2800 2037 2830 reproduit
2054 2800 2121 2823 dans
2138 2799 2246 2829 Missa,

1240 2846 1341 2868 Pan-ol.
1356 2846 1441 2873 ta1.,t.
1457 2844 1510 2870 CC.
1523 2845 1574 2868 col.
1590 2844 1731 2873 1024-1030,
1742 2847 1768 2867 et
1779 2845 1818 2867 les
1832 2844 1947 2867 exn-aits
1959 2844 2051 2874 quien
2063 2846 2126 2867 sont.
2142 2843 2248 2867 donnes

1240 2888 1308 2911 dans
1323 2889 1347 2911 la
1364 2888 1490 2918 presente
1506 2889 1585 2911 lettre
1601 2888 1634 2911 de
1647 2888 1779 2918 Gregoire
1791 2887 1836 2918 IX,
1849 2888 1982 2918 quelques
1996 2888 2168 2917 differemus,
2181 2888 2247 2911 mais

1240 2932 1295 2955 tri-s
1312 2932 1427 2962 legal-res,
1443 2936 1469 2955 et
1486 2936 1547 2962 trop
1564 2939 1617 2962 peu
1634 2932 1814 2962 imponantes
1830 2938 1901 2961 pour
1916 2932 1973 2955 titre
1988 2931 2125 2962 signalecs
2141 2932 2185 2955 ici.
