2519 3518
138 264 211 296 1001
983 257 1204 296 noczimffl
1228 258 1386 296 ANNEE.
2154 268 2228 297 too-2

135 336 207 361 tum
217 340 327 362 coram
344 332 529 372 nobis‚jam
544 336 609 363 tres
619 331 783 371 prebende
798 336 875 362 sunt
888 332 993 362 tribus
1009 331 1139 362 clericis

134 384 172 414 in
193 384 334 415 ecclesia
353 389 463 415 vestra
484 384 523 415 de
545 384 699 415 mandato
725 389 837 415 nostro
859 384 987 420 collate,
1005 393 1042 415 ac
1059 384 1140 414 duas

134 437 220 467 alias
236 437 380 467 conferri
398 437 525 468 duobus
542 437 629 472 aliis,
648 437 787 476 gratiam
805 437 845 468 ad
868 446 1004 476 presens
1023 437 1140 476 hujus-

135 489 225 520 modi
241 491 529 529 prosequentibus,
547 491 815 521 mandaverimus
837 490 872 520 in
889 490 1013 525 eadem,
1031 494 1140 529 preter

132 547 274 577 sextum,
286 547 399 573 contra
411 552 508 582 quem
520 543 751 582 appellationis
763 552 897 574 causam
909 552 927 573 a
938 543 1057 574 dilecto
1071 542 1139 573 filio

135 595 294 633 magistro
314 596 410 626 Petro
430 595 469 626 de
490 597 589 634 Papa,
614 595 817 626 subdiacono
838 600 961 630 nostro,
979 595 1138 626 canonico

138 647 333 683 parisiensi,
360 648 555 687 interposite
583 648 737 678 duximus
765 648 1003 678 admittendam
1031 658 1037 677 z
1065 657 1136 682 nos,

131 700 261 730 devotis
284 700 403 730 vestris
421 700 720 739 supplicationibus
742 700 906 736 inclinati,
933 701 1138 739 presentium

134 753 228 783 vohis
249 753 443 784 auctoritate
467 753 678 784 concedimus
704 758 750 789 ut,
777 753 868 784 salvo
884 753 963 792 jure
974 753 1138 792 predicto-

134 815 220 842 rum,
238 806 266 836 si
283 806 362 845 quid
378 811 427 837 est
442 807 490 837 eis
507 815 564 845 per
580 807 731 837 obtentas
747 816 765 836 a
780 806 875 836 nobis
887 806 1015 837 litteras
1028 806 1137 845 acqui-

132 859 248 894 situm,
271 867 336 888 non
353 859 534 889 teneamini
553 859 698 898 aliquem
720 859 760 889 ad
780 859 970 889 mandatum
988 863 1137 889 nostrum

135 912 293 950 recipere.
313 911 379 941 nisi
399 912 437 942 de
460 911 668 949 indulgentia
688 912 835 950 presenti
858 911 973 942 feeerit
995 911 1137 942 mentio-

136 971 222 997 nem,
245 971 302 1000 per
323 971 422 1001 quam
446 962 604 997 Johanni,
634 967 710 992 nato
734 962 856 992 nobilis
884 963 946 992 viri
971 962 1136 993 Johannis

135 1014 364 1047 pantaleonis.
389 1015 470 1045 rivis
498 1015 652 1049 Romani,
675 1025 732 1054 pro
753 1024 818 1054 quo
839 1015 933 1045 vobis
956 1024 1060 1053 nuper
1085 1014 1136 1045 di·

132 1067 279 1097 reximus
302 1067 424 1106 scripta
451 1072 575 1101 nostra,
602 1067 731 1097 nullum
747 1067 898 1097 volumus
916 1067 1134 1107 prejudicium

131 1120 284 1157 generari
301 1138 347 1149 —-.
369 1121 443 1150 Dat.
461 1121 626 1155 Laterani,
642 1121 710 1150 IIII
727 1129 831 1150 nonas
847 1120 938 1155 maii,
956 1129 1042 1150 anno
1059 1121 1135 1150 duo·
1153 1118 1159 1125 “

129 1173 270 1203 decimo.
290 1185 304 1200 ι»

199 1380 322 1408 4325
706 1379 827 1411 Latran,
842 1380 875 1405 15
890 1379 966 1406 avril
982 1379 1061 1406 1238.

164 1441 393 1473 Archidiarono„
408 1441 572 1468 succentori
586 1444 614 1468 et
629 1441 768 1475 magistro
784 1441 872 1467 Petro
887 1441 923 1467 de
937 1441 1028 1474 Papa,
1045 1448 1133 1467 cano-

127 1491 195 1518 nico
214 1489 443 1521 Parisiensibus,
468 1489 590 1516 mandat
607 1492 751 1523 quatenus
767 1489 907 1522 quicquid
926 1497 975 1523 pro
993 1489 1133 1522 magistro

130 1539 257 1566 Radulfo
277 1538 312 1565 de
328 1539 425 1572 Burgo
442 1537 545 1565 Sancti
562 1537 712 1569 Memmii,
727 1537 939 1565 Catalauncnsi
956 1537 1073 1568 clerico,
1087 1545 1133 1563 su-

127 1595 180 1622 per
194 1586 355 1614 obtinenda
371 1586 538 1620 praebenda
554 1586 584 1612 in
600 1585 725 1612 ecclesia
738 1585 901 1612 cathedrali
920 1584 1132 1612 Catalaunensi

128 1635 300 1663 invenerint
324 1637 515 1662 attentatum,
539 1634 716 1661 denuntient
741 1633 859 1668 penitus
885 1641 941 1659 non
964 1633 1073 1659 valere.
1100 1646 1132 1651 —

124 1683 309 1717 (Rso.19,f.
324 1684 358 1710 14
369 1686 412 1715 v⁶;
429 1691 499 1710 ann.
516 1683 584 1715 XII,
599 1691 624 1709 c.
638 1682 695 1713 81.)

169 1823 183 1837 «ι
215 1833 234 1839 ..
259 1810 483 1845 archidiacono,
515 1832 534 1838 ..
559 1810 728 1838 succentori
753 1814 778 1837 el
799 1810 946 1846 mayistro
966 1808 1075 1847 P[etro]
1099 1809 1132 1837 tle

126 1866 220 1901 Papa,
239 1863 383 1892 canonico
401 1863 635 1890 Parisiensibzts.
656 1862 701 1891 Ex
724 1865 816 1899 parte
834 1860 1029 1890 dilectorum
1046 1860 1132 1890 filio-

128 1925 201 1946 rum
221 1938 238 1944 ..
258 1914 375 1944 decani
391 1919 421 1944 et
438 1913 575 1952 capituli
599 1913 919 1944 Cathalaunensium
935 1913 999 1942 fuit
1015 1922 1131 1951 propo-

124 1969 231 1998 ·situm
253 1975 363 1997 coram
387 1966 483 1996 nobis
509 1966 605 2005 quod,
635 1975 709 1996 cum
734 1966 892 2003 magister
910 1965 1074 1995 Radulfus
1093 1965 1131 1995 de

128 2023 239 2060 Burgo
263 2021 376 2051 Sancti
398 2020 559 2054 Memmii,
585 2019 864 2050 Cathalaunensis
886 2018 1038 2053 clericus,
1065 2023 1131 2048 tam

125 2075 169 2105 ad
183 2075 268 2105 hone
284 2073 441 2104 memorie
465 2096 484 2102 ..
509 2073 699 2110 episcopum
715 2071 1016 2102 Cathalaunensem
1033 2080 1131 2110 quam

124 2129 169 2158 ad
184 2129 274 2167 ipsos
291 2131 421 2157 nostras
437 2127 645 2164 impetrasset
662 2125 802 2160 litteras,
820 2125 1028 2154 continentes
1045 2129 1080 2154 ut
1096 2125 1131 2154 in

128 2181 241 2220 aliqua
265 2180 481 2210 ecclesiarum
506 2178 650 2208 civitatis
678 2176 970 2213 Cathalaunensis‚
1004 2177 1038 2206 in
1068 2186 1131 2216 qua

128 2234 371 2273 prebendarum
395 2231 526 2262 collatio
547 2235 707 2270 spectaret
731 2230 771 2260 ad
793 2230 893 2268 ipsos.
920 2230 1131 2268 providerent

124 2286 291 2317 eidemin
316 2284 477 2315 beneficio
495 2283 705 2322 prebendali,
736 2283 802 2312 nisi
829 2282 1026 2312 rationabile
1051 2282 1131 2321 quid

124 2341 284 2374 obstaret,
310 2347 374 2368 non
399 2338 549 2368 obstante
575 2337 604 2367 si
628 2336 866 2366 direxissemus
895 2336 942 2365 eis
968 2345 1025 2373 pro
1055 2335 1130 2366 aliis

124 2393 251 2432 scripta
272 2396 384 2422 nostra
411 2401 416 2419 :
441 2390 582 2425 tandem,
609 2389 760 2427 episcopo
785 2388 949 2424 defuncto,
978 2397 1131 2418 asserens

127 2446 216 2476 idem
236 2445 394 2483 magister
414 2443 511 2482 quod,
536 2442 674 2472 ecclesia
697 2440 958 2471 Cathalaunensi
981 2445 1129 2475 vacante,

123 2498 260 2529 collatio
282 2496 524 2536 prebendarum
547 2493 738 2533 hujusmodi
761 2493 801 2522 ad
825 2493 933 2531 ipsum
950 2492 1131 2530 capitulum

127 2551 325 2590 pertinebat.
355 2549 499 2580 secundo
522 2557 539 2578 a
564 2547 660 2577 nobis
684 2546 828 2576 obtinuit
855 2545 962 2576 eidem
989 2545 1132 2584 capitulo

127 2605 268 2634 tirmiter
285 2602 498 2642 precipiendo
517 2600 667 2630 mandari
691 2603 725 2628 ut
747 2599 776 2629 ei
795 2598 1005 2637 providerent
1021 2598 1056 2627 in
1075 2598 1132 2628 be-

128 2657 247 2688 neficio
264 2654 468 2695 prebendali,
482 2654 574 2693 juxta
590 2652 738 2691 priorum
754 2650 993 2681 continentiam
1009 2649 1132 2680 littera-

128 2719 217 2745 rum;
244 2709 397 2744 Viviano,
421 2706 580 2737 canonico
602 2704 754 2735 Metensi.
778 2713 835 2742 per
857 2703 939 2733 alias
961 2703 1089 2733 litteras
1115 2712 1132 2733 a

129 2763 225 2793 nobis
243 2762 393 2801 injuncto
416 2764 452 2790 ut
468 2768 523 2790 eos
541 2759 580 2789 ad
596 2758 630 2788 id
652 2756 859 2795 compelleret
883 2764 940 2794 per
958 2764 1131 2785 censuram

125 2815 400 2848 ecclesiasticam,
425 2813 492 2843 nisi
507 2810 704 2842 rationabile
723 2809 803 2848 quid
820 2809 976 2838 obstaret.
999 2808 1074 2844 Qui,
1093 2808 1134 2838 ad

129 2868 326 2899 instantiam
342 2867 422 2897 dicti
438 2865 590 2904 magistri
609 2863 762 2893 traditam
784 2861 848 2891 sibi
867 2865 1061 2899 potestatem
1078 2870 1133 2891 ex-

126 2921 262 2956 cedenS,
285 2919 454 2950 mandavit
482 2918 608 2949 eisdem
626 2920 660 2947 ut
681 2924 756 2946 eum
774 2915 960 2953 reciperent
980 2913 1015 2942 in
1038 2922 1132 2943 cano-

1226 331 1336 361 nicum
1350 336 1381 363 et
1397 332 1431 362 in
1445 333 1581 363 fratrem
1598 332 1631 362 in
1645 332 1784 363 ecclesia
1799 333 1990 367 cathedrali,
2005 337 2034 364 et
2049 334 2078 363 ci
2093 333 2224 363 stallum

1224 384 1259 414 in
1277 384 1376 415 choro
1392 389 1423 416 et
1439 384 1547 415 locum
1563 385 1598 414 in
1617 385 1760 424 capitulo
1784 386 2005 423 assignarent,
2029 386 2079 415 vel
2095 395 2227 424 compa-

1224 441 1333 468 rerent
1355 437 1453 468 certis
1483 437 1552 467 loco
1579 442 1609 468 et
1638 438 1779 468 termino
1810 447 1919 468 coram
1950 447 1998 473 eo,
2027 439 2225 477 proposituri

1223 498 1324 528 quare
1345 489 1377 519 id
1397 489 1504 520 facere
1531 498 1596 520 non
1616 490 1785 520 deberent.
1808 490 1897 520 Fecit
1927 491 2063 529 insuper
2078 490 2225 521 inhiberi

1223 542 1271 572 cis
1288 551 1340 577 ne,
1359 542 1522 580 pendente
1539 542 1681 580 negotio,
1700 542 1757 572 alii
1776 551 1874 581 quam
1895 543 1981 572 dicto
1995 543 2152 581 magistro
2169 544 2225 574 be-

1223 594 1377 625 neficium
1397 594 1594 632 prebendale
1613 595 1801 625 conferrent
1817 595 1852 624 in
1872 595 2010 625 ecclesia
2030 601 2222 629 memorata.

1222 646 1459 681 denuntiando,
1478 647 1506 677 si
1522 656 1617 677 secus
1634 647 1738 681 fieret,
1756 647 1888 676 irritum
1901 652 1931 677 et
1947 647 2058 678 inane.
2075 648 2223 687 Cumque

1221 698 1427 737 postmodum
1451 699 1491 728 ad
1512 699 1691 729 terminum
1709 699 1817 738 ipsum
1842 699 1929 729 idem
1954 705 2106 730 executor
2127 724 2147 730 ..
2172 701 2224 731 ab·

1222 751 1288 781 bati
1323 755 1353 782 et
1386 774 1405 780 ..
1436 751 1538 790 priori
1573 752 1685 782 Sancti
1714 752 1883 782 Vincentii
1912 753 2070 782 Metensis
2098 753 2159 783 sub
2184 762 2221 784 ea

1223 804 1336 838 forma,
1364 808 1410 838 ut,
1435 803 1463 833 si
1488 803 1583 834 ambo
1608 804 1769 834 interesse
1798 813 1864 833 non
1888 808 2033 842 possent,
2062 804 2145 835 alter
2169 805 2221 835 ni-

1221 855 1421 886 chilominus
1444 856 1644 895 procederet,
1668 861 1835 887 reservata
1858 857 1923 886 sibi
1946 857 2121 887 diffinitiva
2144 866 2220 888 sen-

1223 908 1335 942 tentia,
1360 909 1562 938 commiserit
1587 909 1675 938 vices
1697 918 1774 938 suas
1793 919 1799 937 :
1817 909 1931 943 iidem,
1955 910 1996 939 ab
2018 910 2089 948 ipso
2110 910 2218 948 priore

1221 961 1402 991 sentientes
1426 961 1571 991 indebite
1596 970 1630 991 se
1653 961 1794 998 gravari.
1819 962 1908 1000 quia.
1935 967 2000 991 tam
2024 962 2220 1001 subdelega-

1221 1014 1320 1043 tionis
1343 1023 1442 1052 quam
1465 1013 1635 1051 apostolici
1654 1014 1801 1043 mandati
1824 1016 1906 1044 tines
1931 1015 2101 1050 excedens,
2126 1024 2220 1054 repu-

1220 1066 1317 1096 tando
1334 1076 1388 1096 cos
1408 1075 1464 1105 pro
1481 1076 1539 1096 suo
1559 1066 1654 1096 libito
1670 1071 1891 1097 contumaces.
1910 1067 2054 1097 finaliter
2070 1069 2104 1097 in
2120 1077 2219 1098 causa

1220 1120 1389 1157 processit,
1407 1119 1592 1149 mandando
1609 1128 1664 1149 eos
1680 1120 1808 1149 moneri
1825 1125 1858 1149 ut
1871 1120 1958 1149 infra
1970 1125 2094 1149 certum
2111 1121 2219 1150 termi-

1220 1181 1298 1201 num
1314 1172 1408 1201 illum
1425 1172 1609 1210 reciperent
1625 1172 1658 1201 in
1675 1173 1870 1202 canonicum
1882 1173 1963 1202 etin
1980 1173 2126 1203 fratrem.
2145 1178 2174 1203 et
2189 1174 2218 1204 ei

1218 1224 1352 1255 stallum
1371 1225 1405 1254 in
1425 1224 1524 1255 choro
1542 1230 1572 1255 et
1590 1225 1699 1255 locum
1722 1226 1756 1254 in
1773 1225 1917 1263 capitulo
1936 1226 2155 1263 assignarent,
2176 1231 2218 1257 et.

1220 1277 1285 1307 nisi
1306 1277 1368 1307 hoc
1393 1278 1549 1312 facerent,
1575 1278 1875 1308 excommunicatos
1903 1277 2033 1316 publice
2060 1279 2216 1314 nuntiari,

1218 1330 1294 1360 licet
1309 1330 1374 1368 ipsi
1395 1339 1505 1360 coram
1522 1339 1558 1360 eo
1580 1331 1735 1369 primitus
1753 1331 1913 1361 fecissent
1937 1331 2128 1370 excipiendo
2145 1341 2219 1370 pro-

1218 1383 1295 1420 poni
1311 1392 1345 1413 se
1362 1382 1606 1421 indulgentiam
1622 1383 1752 1419 habere,
1770 1388 1805 1413 ut
1821 1383 1949 1414 nullum
1971 1384 2010 1413 ad
2027 1384 2218 1414 mandatum

1218 1439 1367 1465 nostrum
1390 1444 1455 1465 non
1474 1435 1600 1466 faciens
1621 1435 1659 1465 de
1682 1435 1753 1474 ipsa
1774 1435 1980 1473 indulgentia
2003 1437 2216 1471 mentionem,

1217 1488 1363 1526 recipere
1379 1492 1565 1522 teneantur,
1585 1488 1626 1517 ad
1642 1493 1847 1518 executorem
1869 1488 2073 1527 appellavere
2090 1489 2218 1527 predic-

1218 1545 1296 1569 tum.
1322 1540 1359 1569 Et
1378 1540 1456 1578 quia
1475 1540 1562 1569 idem
1582 1544 1746 1574 executor,
1773 1540 1918 1570 existens
1944 1540 1993 1570 illi
2013 1540 2085 1579 plus
2107 1541 2217 1572 debito

1218 1592 1420 1627 favorabilis,
1452 1593 1492 1622 ad
1517 1593 1605 1631 ipsos
1631 1593 1814 1630 gravandos
1839 1593 2011 1623 intendere
2031 1594 2216 1629 videbatur,

1217 1646 1302 1675 sicut
1316 1646 1385 1685 jam
1405 1654 1443 1675 ex
1465 1645 1718 1684 precedentibus
1735 1646 1922 1684 apparebat,
1940 1655 1977 1676 eo
1993 1646 2217 1677 committente

1217 1699 1274 1728 alii
1290 1707 1424 1728 causam
1439 1698 1641 1737 hujusmodi,
1655 1698 1777 1728 iterum
1789 1698 1853 1728 sibi
1866 1698 2041 1728 diffinitiva
2053 1700 2217 1729 sententia

1217 1755 1394 1782 reservata,
1413 1755 1447 1780 ut
1467 1751 1513 1780 sic
1535 1751 1568 1780 in
1590 1760 1649 1780 sua
1668 1755 1827 1789 potestate
1848 1751 2017 1788 negotium
2035 1752 2191 1783 retineret
2210 1762 2216 1781 :

1216 1804 1256 1833 ad
1267 1808 1378 1833 nostre
1387 1803 1548 1833 duxerunt
1562 1803 1761 1841 provisionis
1774 1803 1956 1833 remedium
1968 1804 2213 1834 recurrendum.

1216 1856 1387 1886 humiliter
1403 1855 1627 1894 supplicantes
1646 1860 1680 1885 ut
1695 1856 1825 1893 gravari
1844 1864 1898 1886 eos
1916 1864 2014 1894 super
2029 1857 2214 1894 receptione

1216 1909 1294 1938 ‹licti
1310 1908 1461 1946 magistri
1477 1908 1511 1937 in
1530 1909 1656 1946 prefata
1673 1907 1823 1940 ecclesia,
1841 1908 1875 1937 in
1892 1917 1954 1946 qua
1973 1913 2048 1938 sunt
2066 1909 2106 1938 ad
2122 1917 2216 1938 nian-

1215 1962 1327 1991 ‹iatum
1349 1966 1496 1991 nostrum
1516 1961 1638 1999 recepti
1665 1965 1741 1995 tres,
1760 1961 1897 1991 minime
1918 1966 2115 1999 pateremur.
2134 1961 2215 1992 Cum

1216 2014 1317 2051 igitur
1339 2013 1535 2043 intentionis
1555 2017 1665 2042 nostre
1688 2022 1752 2042 non
1772 2013 1872 2042 suerit
1895 2018 1929 2042 ut
1952 2013 2039 2043 idem
2061 2014 2218 2051 magister

1216 2070 1449 2105 assequeretur
1464 2065 1663 2104 prebendam
1677 2074 1734 2103 per
1748 2065 1811 2095 tale
1824 2065 2015 2095 mandatum
2027 2066 2062 2095 in
2079 2066 2214 2096 ecclesia

1215 2123 1406 2153 memorata,
1428 2118 1622 2148 mandamus
1648 2122 1822 2156 quatenus,
1847 2118 1875 2147 si
1899 2118 2072 2156 premissis
2095 2119 2216 2148 veritas

1216 2171 1426 2209 suffragatur,
1451 2171 1609 2210 quicquid
1632 2179 1689 2209 pro
1717 2170 1803 2200 dicto
1826 2171 1984 2209 magistro
2007 2180 2106 2210 super
2131 2171 2216 2201 obti-

1217 2224 1334 2257 nenda,
1352 2224 1386 2253 in
1403 2223 1542 2254 ecclesia
1558 2224 1640 2262 ipsa,
1661 2223 1826 2262 prebenda
1843 2224 2065 2264 inveneri[ti]s
2082 2229 2215 2262 attemp-

1217 2280 1330 2310 tatum,
1348 2276 1551 2306 denuntietis
1569 2276 1701 2314 penitus·
1717 2285 1780 2306 non
1800 2276 1920 2306 valere.
1936 2285 1995 2307 nec
2012 2281 2122 2307 tenere
2140 2285 2215 2307 sen-

1216 2329 1346 2364 tentias,
1364 2329 1392 2358 si
1410 2338 1492 2367 quas
1509 2329 1543 2358 in
1560 2329 1669 2367 ipsum
1681 2328 1861 2367 capitulum
1879 2329 1930 2359 vel
1943 2338 2056 2359 eorum
2073 2329 2212 2368 aliquos,

1216 2390 1272 2419 pro
1286 2390 1322 2411 eo
1339 2381 1426 2420 quod
1441 2386 1663 2419 opposuerunt
1681 2390 1714 2411 se
1739 2381 1804 2420 ipsi
1828 2382 1996 2419 magistro,
2018 2382 2214 2412 inveneritis

1214 2432 1447 2471 promulgatas.
1467 2434 1580 2463 Testes
1597 2438 1658 2464 etc.
1675 2433 1768 2470 Quod
1791 2434 1820 2463 si
1842 2442 1907 2463 non
1930 2443 2043 2464 omnes
2060 2439 2120 2464 etc.
2141 2435 2214 2464 Dat.

1217 2486 1379 2521 Laterani,
1398 2487 1493 2516 XVII
1510 2486 1667 2516 kalendas
1684 2486 1774 2521 maii,
1794 2495 1880 2516 anno
1895 2486 2099 2517 duodecimo.
2122 2499 2134 2513 υ

1283 2663 1400 2690 4326
1791 2662 1960 2689 Latran.1¹)
1977 2663 2128 2689 01311233.

1251 2725 1359 2757 Regem
1374 2725 1559 2757 l'urtugaliac
1572 2729 1667 2750 niun-:t
1681 2730 1706 2750 et
1719 2726 1850 2750 hes-riatur
1864 2729 2007 2757 quatenus
2018 2724 2214 2750 Bracharensi

1215 2773 1354 2799 ecclcsiae
1376 2773 1506 2799 decimas
1525 2778 1549 2799 ct
1568 2773 1624 2799 alia
1647 2773 1752 2806 quibus
1774 2780 1836 2797 eam
1855 2772 2043 2805 spoliaverat.
2062 2772 2215 2797 restituere.

1216 2830 1271 2847 non
1294 2826 1462 2855 postponat:
1485 2821 1558 2854 quast
1583 2821 1605 2846 si
1630 2820 1842 2846 monitionibus
1870 2820 1984 2846 decani.
2008 2820 2043 2845 D.
2070 2819 2215 2846 Roderiei.

1215 2869 1427 2896 archidiaconi.
1441 2875 1466 2895 ct
1479 2869 1652 2895 thesaurarii
1665 2868 1855 2895 Auriensium
1871 2876 1956 2901 supffr
1970 2868 2021 2893 hoc
2032 2867 2216 2901 acquiescert¹

1217 2917 1354 2949 noluerit,
1366 2917 1391 2944 ci
1408 2917 1564 2944 minitatur
1578 2917 1768 2943 interdictum
1785 2917 1814 2942 in
1830 2916 1900 2942 ltu-is
1914 2916 1950 2942 ad
1967 2924 2039 2949 <siae
2052 2916 2214 2942 devenerit.
