2519 3518
149 281 223 313 1189
994 271 1217 311 DOUZIEME
1240 273 1399 309 ANNEE.
2174 284 2248 314 1190

148 359 163 375 1>
187 348 249 378 sub
269 357 407 380 numero
430 348 506 379 4479
522 347 655 384 notatis,
678 357 784 387 usque
802 349 822 386 ε]
843 352 874 378 et
896 346 1084 386 spiritualia
1107 345 1154 376 eis

149 413 162 428 n
188 409 328 431 annexa.

189 507 264 537 5-9.
281 524 319 528 -—
336 519 349 534 α
369 507 452 537 Item
474 515 546 543 nos,
566 506 706 545 predicti
727 506 828 536 abbas
848 509 879 536 et
899 505 1048 535 sindicus
1066 506 1154 542 [etc.,

150 570 164 586 ι»
189 563 226 589 ut
239 568 350 598 supra,
367 559 402 588 in
417 559 542 589 eisdem
558 559 691 595 litteris,
706 559 767 589 sub
783 567 921 588 numero
933 558 1008 587 4479
1021 557 1153 592 notatis,

151 623 165 638 »
188 613 330 650 usquez]
355 611 491 650 capellis
520 611 687 648 omnibus,
713 610 982 650 possessionibus
1002 609 1156 640 omnihus

152 675 165 689 »
191 667 222 694 et
240 663 340 694 rebus
356 664 439 694 suis.

193 771 248 800 10.
267 788 306 792 -—
323 783 335 797 ιι
349 771 433 800 Item
446 769 586 809 predicti
602 769 793 808 capellanus
810 773 841 799 et
852 768 953 798 abhas
965 773 997 798 et
1008 767 1157 798 sindicus

152 834 165 850 ι)
190 823 351 853 dederunt
379 823 482 853 michi
516 821 701 861 Ricc[a1·d0]
732 821 860 852 notario
887 821 1102 859 infrascripto
1128 825 1158 850 et

152 887 166 902 ι)
191 875 290 906 Ricco
313 875 442 905 notario
462 875 593 913 plenam
613 878 808 913 potestatem
832 875 918 912 [etc.‚
941 879 977 904 ut
992 882 1102 911 supra,
1122 873 1156 902 in

153 940 166 955 n
191 928 316 958 eisdem
331 928 465 966 litteris,
484 936 589 966 usque
607 928 628 965 z]
644 926 734 957 salva
749 931 868 956 natura
883 930 1083 956 contractus.

193 1034 250 1064 11.
266 1051 306 1055 -
327 1045 340 1060 α
359 1034 426 1071 Ego
451 1032 670 1070 Ricc[ardus]‚
696 1031 863 1070 imperiali
885 1031 1080 1062 auctoritate
1102 1040 1158 1061 no-

152 1098 166 1113 »
191 1087 296 1117 tarius
319 1086 404 1125 [etc.,
431 1090 467 1116 ut
493 1095 603 1124 supra⁷
634 1085 669 1115 in
700 1085 826 1115 eisdem
848 1085 981 1120 litteris,
1012 1093 1119 1123 usque
1137 1084 1156 1123 z]

152 1151 166 1166 »
191 1143 324 1177 excepto
353 1139 448 1177 signo
475 1143 506 1169 et
530 1137 755 1177 publicatione
780 1138 861 1177 [sive
883 1136 1158 1176 subscriptione]¹

151 1204 165 1219 1>
189 1192 296 1230 ipsius
313 1191 529 1222 instrumenti
544 1191 826 1230 procurationis.»

220 1395 334 1424 4651

184 1458 362 1485 Abbatissae
387 1460 415 1484 et
446 1457 606 1484 conventui
631 1457 807 1484 monialium
836 1457 1017 1484 inclusarum
1043 1465 1161 1483 monas-

150 1507 219 1534 terii
243 1506 347 1533 Sancti
372 1505 523 1532 Francisci
550 1506 717 1539 Pragensis,
747 1505 860 1532 ordinis
889 1505 984 1532 sancti
1006 1505 1159 1534 Damiani.

151 1563 236 1590 quae,
262 1554 415 1588 religionis
438 1554 574 1581 habitum
597 1555 783 1587 assumendo,
809 1563 839 1581 se
858 1554 895 1581 ad
921 1556 1032 1581 certam
1053 1554 1160 1588 jejunii

153 1602 380 1630 observantiam
396 1602 612 1637 obligaverant,
629 1602 764 1629 concedit
782 1605 825 1635 ut,
846 1610 859 1627 ((
877 1602 1048 1636 hujusmodi
1067 1603 1161 1628 forma

152 1659 166 1678 »
187 1651 294 1686 jejunii
310 1659 367 1678 non
384 1651 530 1684 obstante,
547 1651 694 1685 jejunium
710 1651 785 1685 quod
800 1651 969 1679 continetur
984 1651 1014 1678 in
1030 1652 1131 1685 regula
1147 1660 1160 1677 n

151 1701 192 1728 eis
222 1701 345 1734 tradita,
373 1701 531 1728 dumtaxat
559 1700 726 1727 observent.
752 1715 784 1719 ——
818 1701 905 1732 (Bm.
937 1701 981 1733 19,
1007 1701 1028 1727 f.
1055 1700 1088 1727 63
1113 1703 1160 1732 τος

150 1758 220 1777 ann.
242 1750 310 1780 XII.
333 1757 358 1776 c.
377 1749 444 1782 336;
460 1764 495 1767 —
513 1750 670 1776 POTTHAST
690 1749 793 1781 10685;
814 1763 846 1767 —
865 1750 902 1776 cf.
922 1757 1018 1782 supra,
1042 1757 1070 1775 n.
1092 1748 1161 1775 3602

151 1800 180 1825 et
192 1798 285 1829 4322.)
882 1804 885 1807 ¹

652 1396 772 1427 Latran⁷
788 1394 822 1422 18
837 1395 992 1422 decembre
1007 1394 1086 1421 1238.

193 1911 207 1926 <t
228 1922 247 1928 ..
271 1900 416 1928 abbatisse
438 1904 464 1928 et
487 1900 650 1928 conventui
669 1900 856 1928 monialium
878 1899 1073 1928 inclusarum
1096 1908 1162 1928 mo-

150 1953 282 1982 nasterii
307 1953 414 1982 Sancti
440 1953 599 1981 Francisoi
622 1953 796 1989 Praqensis,
827 1952 948 1981 ordinis
973 1953 1074 1981 sancti
1102 1952 1162 1981 Da-

151 2006 266 2034 miani.
288 2005 334 2034 Ex
352 2009 444 2043 parte
465 2005 643 2035 karissime
663 2022 711 2033 —.
735 2005 809 2034 Dat.
834 2005 999 2041 Laterani,
1021 2005 1082 2035 XV
1102 2004 1162 2034 ka-

151 2057 268 2088 lendas
279 2058 439 2097 januarii,
457 2067 544 2088 anno
560 2057 765 2087 duodecimo.
783 2069 796 2084 ι»

223 2262 346 2290 4652
658 2262 780 2295 Latran,
794 2263 827 2289 15
841 2262 995 2290 decembre
1011 2263 1090 2290 1238.

189 2325 334 2359 Episcopo
359 2323 581 2351 Hildesemensi
605 2324 727 2350 mandat
747 2327 907 2357 quatenus,
933 2324 957 2350 si
979 2324 1103 2351 ecclesia
1128 2324 1163 2351 de

153 2373 316 2400 Wintusen
345 2374 390 2405 (Ξ
416 2373 538 2403 Thale),
571 2372 831 2399 Halberstadensis
858 2372 1016 2405 dioecesis,
1050 2373 1163 2400 ordinis

155 2422 251 2448 sancti
265 2421 438 2455 Augustini,
456 2421 486 2447 in
503 2429 554 2447 suo
567 2421 669 2447 ordine
689 2421 842 2447 reformari
860 2429 916 2447 non
934 2421 1036 2455 possit,
1054 2421 1164 2449 Cister-

153 2470 282 2497 ciensem
302 2470 435 2496 ordinem
460 2469 491 2496 in
512 2469 607 2503 ipsam
634 2469 767 2496 inducat.
791 2484 823 2488 -
844 2470 931 2501 (Rea.
953 2470 997 2503 19,
1019 2471 1040 2497 f.
1065 2470 1098 2496 63
1116 2473 1162 2503 v⁰;

153 2527 224 2546 ann.
236 2519 305 2551 XII,
320 2527 344 2545 c.
359 2518 425 2550 337;
443 2532 475 2536 —
492 2518 676 2545 RODENBERG
689 2517 764 2549 739.)

196 2632 209 2647 «
233 2642 252 2648 ..
272 2620 404 2657 episcopo
418 2619 622 2648 Ildesemensi.
640 2617 722 2648 Cum
739 2618 782 2647 sit
798 2617 832 2646 in
845 2634 894 2646 —.
907 2618 980 2647 Dat.
995 2619 1161 2650 Laterani.

153 2673 269 2703 XVIII
283 2671 444 2702 kalendas
457 2671 616 2710 januarii.
635 2670 846 2709 pontificatus
862 2670 968 2700 nostri
979 2679 1066 2701 anno
1083 2671 1164 2701 duo-

155 2725 292 2755 decimo.
317 2736 330 2751 »

188 2857 209 2881 1.
227 2857 279 2881 Les
297 2857 370 2880 deux
387 2859 456 2880 mots
477 2858 536 2880 sive
555 2858 774 2885 subscriptione,
792 2856 932 2887 imprimes
952 2856 987 2879 ici
1007 2860 1084 2879 entre
1104 2863 1163 2879 cro-

156 2901 232 2925 chets
261 2901 307 2932 []‚
332 2904 395 2924 sont
415 2900 546 2924 restitues
568 2900 675 2930 d'apres
700 2901 725 2923 la
750 2900 884 2930 premiere
908 2901 1105 2931 transcription
1129 2900 1163 2924 de

156 2949 228 2969 cetto
243 2945 322 2976 piene
333 2945 400 2969 dans
415 2945 440 2969 le
456 2947 580 2975 Reyistre
596 2946 623 2975 [t.
640 2945 674 2974 11,
692 2945 744 2968 col.
760 2945 836 2974 ties).

1309 347 1429 374 4653
1744 348 1865 381 Latran,
1880 349 1914 375 15
1929 349 2083 377 decembre
2096 350 2174 377 1238.

1275 417 1286 429 ι·
1305 408 1337 434 In
1357 408 1480 434 eundem
1507 409 1566 435 fere
1588 409 1706 435 modum
1734 430 1752 436 ..
1775 410 1906 435 abbatisse
1921 411 1951 435 (le
1974 411 2245 444 Qui'zlelenqemburq,

1239 456 1453 481 Alberstadensis
1468 457 1589 483 diocesis.
1608 456 1690 492 [Eam
1705 458 1856 484 certiorem
1874 459 1945 485 iacit
1955 459 1990 485 de
2003 460 2246 492 praecedentibus

1240 504 1359 536 litteris,
1376 505 1411 531 ad
1422 505 1590 540 episcopum
1602 506 1856 533 Hildescmensem
1867 507 1998 539 directis„
2009 516 2095 542 super
2106 510 2245 536 reforma-

1240 553 1319 580 tione
1333 554 1499 587 praedictae
1515 555 1655 580 ecclesiae
1672 554 1707 581 de
1722 555 1894 586 Wintusem
1910 555 1965 589 ipsi
1978 555 2143 583 abbatissae
2159 558 2245 591 pleno

1239 601 1303 634 jure
1318 601 1477 635 subjectae,
1492 605 1519 628 et
1533 602 1617 629 addit
1634 601 1653 636 ε]
1666 603 1789 634 Verum,
1804 603 1873 636 quia
1887 611 1937 637 per
1953 608 1980 630 te
1997 612 2078 638 posse
2092 606 2247 638 provenire

1240 650 1370 677 creditur
1384 654 1415 677 ut
1433 651 1532 677 eadem
1551 651 1674 677 ecclesia
1690 651 1719 677 in
1737 654 1845 678 statum
1872 652 2051 679 laudabilem
2071 653 2244 687 deducatur,

1240 698 1390 725 devotioni
1415 702 1462 725 tue
1484 699 1514 725 in
1536 699 1647 726 virtute
1669 699 1836 726 obedientie
1857 701 2045 734 precipiendo
2069 702 2246 729 mandamus

1241 750 1395 780 quatenus,
1407 747 1469 773 sine
1480 748 1642 781 prejudicio
1653 748 1726 781 juris
1739 748 1792 779 tui,
1803 757 1920 782 operam
1934 749 2093 782 diligenter
2103 751 2245 777 adhibeas

1241 797 1273 821 ut
1297 795 1372 828 quod
1398 795 1585 829 injunximus
1607 796 1702 822 eidem
1726 797 1871 830 episeopo,
1896 805 1946 831 per
1965 798 2177 831 cooperationis
2198 802 2247 825 tue

1241 844 1405 870 subsidium
1429 845 1516 871 facile
1532 845 1685 878 perveniat
1703 845 1739 871 ad
1758 844 1905 871 effectum.
1932 846 1999 872 Dat.
2017 850 2047 872 ut
2068 855 2165 880 supra.
2183 854 2197 871 ι)
2215 861 2245 865 -

1241 892 1328 924 (REO.
1344 892 1386 924 19,
1405 894 1424 918 f.
1439 892 1472 919 64
1488 899 1527 924 r⁰;
1545 907 1577 911 —
1595 893 1789 924 Rousxasno,
1805 894 1855 918 sub
1869 902 1897 919 n.
1912 894 1986 924 739.)

1311 1085 1429 1112 4654
1745 1086 1864 1118 Latran,
1880 1087 1913 1112 15
1928 1086 2082 1113 decembre
2098 1087 2176 1113 1238.

1278 1147 1440 1174 Priorissae
1456 1149 1485 1173 et
1503 1147 1663 1173 conventui
1678 1147 1782 1174 domus
1802 1148 1928 1174 Sanctae
1948 1148 2077 1179 Mariae,
2100 1148 2250 1175 Numbur-

1242 1195 1339 1229 gensis
1359 1195 1511 1227 dioecesis,
1533 1209 1565 1213 —
1584 1204 1657 1228 quae
1679 1195 1709 1221 in
1732 1196 1862 1229 ipsarum
1885 1196 2062 1222 monasterio
2083 1197 2250 1229 praedictae

1243 1251 1256 1269 «
1278 1244 1382 1270 domus
1400 1243 1508 1270 Sancte
1521 1243 1618 1270 Marie
1632 1243 1686 1270 sub
1698 1244 1775 1270 beati
1787 1244 1948 1277 Augustini
1963 1245 2072 1277 regula,
2087 1244 2248 1271 secundum

1243 1299 1257 1317 ι)
1279 1291 1419 1318 instituta
1435 1300 1564 1318 sororum
1583 1292 1686 1318 Sancti
1706 1292 1787 1318 Xisti
1803 1292 1839 1318 de
1860 1291 1937 1319 Urbe
1952 1300 1976 1323 i),
1993 1293 2141 1325 elegerant
2158 1300 2171 1317 (t
2188 1292 2251 1319 vir-

1244 1348 1258 1366 »
1279 1344 1375 1367 tutum
1390 1340 1518 1367 Domino
1531 1340 1670 1366 famulari
1687 1348 1712 1373 i),
1730 1340 1919 1374 -significat
1928 1349 1957 1366 se
1969 1340 2099 1374 ipsarum
2113 1348 2250 1374 personas

1243 1392 1271 1416 et
1285 1389 1497 1415 monasterium
1519 1397 1585 1415 cum
1604 1389 1742 1415 omnibus
1758 1388 1842 1415 bonis
1865 1389 1918 1415 sub
1946 1388 2023 1415 beati
2047 1389 2128 1415 Petri
2149 1393 2177 1416 et
2199 1398 2252 1416 sua

1245 1438 1426 1473 protectione
1447 1437 1606 1471 suscipere,
1629 1440 1657 1464 et
1679 1440 1808 1464 statuere
1838 1445 1852 1462 «
1873 1440 1905 1464 ut
1930 1437 2039 1464 ibidem
2062 1437 2158 1464 dietus
2183 1438 2252 1465 ordo

1246 1494 1263 1518 )),
1281 1486 1430 1521 perpetuis
1465 1486 1573 1512 futuris
1605 1486 1787 1520 temporibus
1811 1486 2023 1513 observetur».
2046 1500 2077 1504 -
2099 1487 2184 1518 (Rae.
2206 1487 2251 1518 19,

1245 1536 1265 1562 f.
1285 1535 1318 1562 64
1340 1538 1379 1567 r⁰;
1401 1543 1470 1561 ann.
1487 1535 1556 1567 XII,
1573 1542 1598 1561 c.
1618 1534 1693 1566 338.)

1287 1662 1301 1676 «
1326 1672 1348 1678 ..
1373 1650 1519 1687 priorisse
1539 1653 1565 1677 ec
1589 1649 1754 1677 conventui
1774 1648 1880 1676 domus
1900 1647 2008 1676 Sancte
2032 1648 2136 1682 Μαι-ἵε,
2155 1648 2255 1676 Num-

1245 1702 1425 1741 b117·9[ensis]
1444 1702 1580 1731 diocesis.
1596 1701 1703 1731 «Iustis
1721 1700 1904 1738 petentium
1921 1704 1982 1730 etc.
1999 1717 2048 1729 —-.
2070 1701 2144 1730 Dat.
2157 1700 2254 1730 Late-

1246 1756 1332 1791 rani,
1348 1756 1463 1785 XVIII
1479 1754 1638 1784 kalendas
1651 1753 1810 1792 januarii‚
1829 1762 1916 1783 anno
1934 1753 2136 1783 duodecimo.
2158 1767 2171 1780 »

1317 1953 1438 1981 4655

1283 2016 1437 2050 Sophiam,
1455 2015 1590 2041 relictam
1613 2014 1696 2040 ducis
1714 2013 1877 2044 Meraniae,
1901 2021 1984 2046 quae,
2006 2016 2073 2039 voto
2095 2016 2252 2046 perpetuae

1246 2065 1392 2092 castitatis
1417 2064 1534 2094 emisso,
1561 2063 1621 2089 Deo
1641 2062 1781 2088 famulari
1807 2061 2004 2091 desiderabat,
2023 2070 2089 2087 cum
2115 2061 2253 2088 omnibus

1247 2114 1330 2141 bonis
1350 2113 1410 2140 suis
1433 2112 1487 2139 sub
1506 2111 1667 2146 apostolica
1688 2111 1868 2145 protectione
1887 2110 2021 2143 suscipit.
2039 2124 2072 2128 —
2095 2110 2181 2140 (Rae.
2207 2110 2251 2143 19,

1246 2163 1266 2189 t.
1290 2162 1380 2193 641·0;
1402 2170 1472 2188 ann.
1491 2161 1559 2192 XII,
1581 2168 1606 2186 c.
1623 2159 1688 2191 339;
1711 2174 1743 2177 -
1759 2159 1891 2186 Monam
1916 2158 1996 2185 1192.
2018 2159 2038 2184 f.
2054 2158 2121 2190 235;
2143 2173 2175 2176 —
2194 2158 2254 2186 Ro-

1246 2219 1383 2238 DENBERG
1396 2210 1472 2241 736.)

1753 1952 1874 1983 Latran,
1890 1951 1921 1977 14
1937 1950 2091 1977 decembre
2103 1951 2181 1978 1238.

1289 2337 1302 2351 ι(
1324 2325 1424 2353 Nobili
1450 2323 1575 2352 mulieri
1596 2323 1715 2360 Sophie‚
1736 2322 1838 2350 relicte
1862 2322 1932 2350 bone
1956 2322 2100 2350 memorie
2123 2343 2143 2349 ..
2168 2321 2255 2350 ducis

1246 2378 1388 2407 Miranie.
1419 2377 1632 2406 Promerente
1657 2379 1712 2404 tue
1737 2374 1880 2412 puritate
1908 2390 1957 2402 —.
1985 2374 2058 2403 Dat.
2086 2373 2252 2407 Laterani7

1248 2430 1379 2460 XVIIII
1394 2428 1554 2459 kalendas
1567 2427 1726 2467 januarii,
1745 2435 1832 2456 anno
1848 2426 2053 2456 duodecimo.
2074 2438 2086 2451 n

1316 2634 1435 2663 4656
1750 2633 1871 2664 Latran,
1886 2632 1918 2658 14
1932 2631 2087 2657 decembre
2103 2630 2180 2656 1238.

1282 2705 1296 2723 «
1313 2699 1346 2725 In
1371 2697 1497 2724 eundem
1520 2697 1579 2722 iere
1600 2695 1720 2722 modum
1746 2715 1763 2721 ..
1787 2694 1953 2720 Sichemensi
1973 2695 1997 2718 et
2021 2713 2039 2719 ..
2058 2693 2088 2717 (Ie
2109 2692 2254 2716 ll'ollcelde-

1248 2745 1332 2782 rods]
1359 2746 1511 2777 abbatibus,
1537 2745 1746 2770 ,ilberstutensi's
1771 2746 1794 2768 et
1829 2743 1989 2773 Maqwninc
2019 2741 2164 2766 diocesani.
2191 2740 2253 2775 [Eis

1246 2795 1369 2822 mandat
1383 2797 1526 2828 quatenus
1541 2793 1722 2827 praedictam
1742 2791 1884 2825 Sopbiam
1902 2798 1959 2816 non
1975 2789 2149 2823 permittant
2166 2797 2254 2822 super

1247 2843 1293 2869 his
1307 2845 1407 2869 contra
1424 2841 1635 2876 protectionem
1654 2839 1844 2874 apostolicam
1863 2838 1900 2864 ab
1915 2837 2064 2871 aliquibus
2078 2835 2252 2870 molestari.]

1245 2892 1314 2918 Dat.
1340 2894 1373 2917 ut
1393 2898 1491 2924 supra.
1509 2897 1522 2915 i)
1546 2902 1582 2908 —
1606 2890 1692 2920 (Rae.
1714 2888 1758 2920 19,
1780 2888 1801 2913 f.
1823 2886 1855 2913 64
1874 2889 1914 2917 r⁰;
1936 2900 1968 2903 —
1987 2886 2181 2916 Rousxssenu,
2204 2885 2254 2909 sub

1248 2948 1278 2966 n.
1293 2939 1369 2970 736.)
