2423 3487
178 328 236 357 175
899 312 1137 345 REGisTREs
1160 310 1214 339 DE
1237 302 1457 338 GREGOIRE
1481 309 1538 338 ix.
2212 307 2269 337 175

179 401 237 430 per
257 389 401 422 cosdem,
420 391 449 416 et
468 385 672 422 singulorum
692 388 763 413 vota
785 382 881 412 etiam
907 379 1082 418 requisita.
1103 376 1180 414 1111111

183 447 308 476 tamen,
335 439 473 468 diversis
493 435 777 466 consentientibus
800 434 834 463 in
858 433 1020 462 diversos,
1040 429 1179 458 nullum.

181 493 346 533 publicato
365 490 540 523 scrutinio,
559 493 723 526 repertum
745 491 793 516 est
815 486 970 524 majorem
992 487 1117 520 partem
1135 485 1182 509 to-

184 546 248 575 tius
266 543 399 582 capituli
416 541 588 575 habuisse,
608 549 671 569 non
691 539 753 568 fuit
771 542 847 567 tunc
869 536 984 566 electio
1005 533 1180 563 celebrata.

183 598 265 628 Cum
279 600 386 625 autem
401 593 592 632 capitulum.
604 593 642 621 ad
657 590 862 621 tractandum
876 589 913 618 de
928 588 979 616 dic
994 585 1182 624 111-6113611113

183 649 336 681 6166110111
365 646 533 681 faciende,
562 645 707 683 proxima
731 644 783 673 1116
807 641 948 673 Veneris
974 638 1201 679 postmodum·

181 701 424 732 convenissent.
447 699 525 736 quia
544 697 676 736 quidam
700 697 737 725 de
760 700 850 734 parte
868 694 980 723 altera,
999 692 1125 721 scilicet
1142 691 1179 719 A.

180 753 432 785 archidiaconus
455 756 483 780 et
513 774 532 779 ..
561 751 662 780 frater
687 758 777 784 snus,
803 746 1067 777 contradixerant
1092 747 1121 773 et
1142 743 1181 772 1111

178 806 295 837 Sedent
313 804 534 843 Apostolieam
557 802 769 841 appellarant,
788 810 829 830 ne
845 800 914 828 dics
931 797 1065 827 citerior
1081 805 1179 835 (11111111

180 863 270 889 sexta
289 858 370 887 seria
388 857 534 895 proximo
551 860 625 885 ante
644 856 764 884 Ramos
789 852 976 882 Palmarum
999 850 1039 879 ad
1056 849 1181 886 eligen-

181 912 259 941 dum
276 910 405 939 deberet
426 908 567 946 capitulo
587 906 761 943 assignari.
781 905 843 934 fuit
862 904 974 934 eadem
994 907 1082 932 sexta
1098 902 1179 931 seria

180 969 257 995 tunc
280 963 400 1002 prefixa
425 967 453 991 et
476 962 583 991 littere
607 961 644 990 de
671 958 889 989 convocandis
916 958 955 987 ad
978 956 1069 985 illam
1095 956 1181 985 1116111

180 1016 373 1047 absentibus
397 1015 552 1053 sigillate.
575 1013 779 1043 Adveniente
796 1012 907 1050 itaque
925 1011 987 1045 die,
1012 1014 1041 1039 et
1063 1018 1181 1038 conve-

181 1069 350 1099 nientibus
362 1067 528 1097 universis
542 1075 650 1096 vocem
666 1066 699 1094 in
717 1065 876 1095 electione.
893 1062 1104 1092 habentibus.
1125 1070 1181 1090 nu-

178 1131 268 1151 mero
287 1120 515 1160 quadraginta,
534 1129 599 1149 uno
617 1118 836 1157 personaliter
854 1121 883 1146 et
903 1116 1040 1149 duobus,
1055 1115 1180 1144 scilieet

179 1176 219 1205 R.
239 1173 421 1212 presbitero
444 1177 474 1201 et
495 1173 652 1209 magistro
674 1171 782 1205 ,Im-io,
810 1169 1003 1199 infirmitate
1024 1168 1177 1203 detentis,

177 1226 459 1257 committentibus
478 1225 604 1254 duobus
622 1225 659 1253 dc
679 1223 821 1261 capitulo
840 1223 873 1251 in
892 1221 1063 1251 616111111115
1081 1230 1180 1258 nego-

181 1280 226 1309 tio
243 1280 331 1308 vices
349 1288 435 1308 suas.
457 1287 529 1307 611111
548 1287 634 1307 1111115
657 1277 694 1306 de
712 1281 801 1314 parte
819 1275 946 1305 decani.
969 1274 1105 1311 1·6111,1115
1123 1282 1182 1302 an-

181 1332 373 1362 nuentibus.
392 1332 511 1360 diceret
531 1340 594 1359 non
615 1339 686 1359 esse
707 1339 764 1367 per
782 1329 868 1357 viam
891 1327 1045 1357 scrutinii
1068 1335 1181 1364 proce-

179 1385 332 1419 demtum,
355 1390 395 1419 et,
414 1384 555 1421 singulis
574 1382 760 1421 requisitis,
779 1381 882 1420 major
898 1390 972 1418 pars
995 1379 1130 1417 capituli
1147 1383 1180 1408 111

178 1437 409 1477 procederetur
418 1446 475 1474 per
485 1436 571 1465 viani
584 1435 784 1474 hujusmodi,
798 1433 1021 1467 concordaret,
1035 1433 1182 1470 prefatus

179 1491 324 1521 decanus
343 1494 371 1519 61
389 1498 546 1527 sequaces
565 1488 627 1523 sui,
647 1496 783 1517 numero
801 1486 1001 1525 quindecim,
1020 1490 1110 1515 extra
1128 1495 1182 1515 ca—

176 1543 320 1582 pitulum
341 1546 560 1572 secesserunt.
584 1541 744 1578 Cumque,
767 1540 848 1577 ipsis
874 1548 997 1568 morani
1022 1538 1182 1567 trahenti-

181 1596 254 1631 bus,
271 1593 819 1634 1113101111115,11116161111111561111111
837 1591 990 1630 capitulo,
1009 1601 1063 1621 605
1080 1596 1113 1620 111
1131 1601 1182 1621 re-

180 1649 289 1679 dirent
301 1649 341 1678 ad
354 1648 541 1686 eligendum
554 1656 625 1677 611111
639 1647 731 1685 ipsis,
748 1646 864 1684 primo,
879 1646 1022 1675 secundo
1037 1649 1065 1674 et
1082 1645 1182 1675 tercio

180 1702 359 1739 diligenter
383 1701 510 1731 moneri
535 1701 648 1730 lecerit
673 1709 729 1738 per
750 1699 966 1737 competentia
994 1697 1180 1733 intervalla,

177 1758 220 1789 et,
241 1754 289 1784 eis
309 1763 373 1784 non
392 1753 619 1787 venientibus,
641 1757 705 1781 tres
725 1752 764 1781 ab
784 1751 894 1781 eadem
913 1755 1003 1789 parte
1021 1750 1183 1779 nominati

178 1807 306 1837 fuerint
322 1811 538 1841 scrutatores,
558 1806 678 1835 iterum
701 1805 787 1834 idem
809 1805 952 1834 decanus
972 1808 1001 1833 et
1017 1812 1093 1841 pars
1111 1812 1180 1838 sua,

179 1864 216 1890 ut
232 1860 383 1890 venirent
404 1859 444 1888 ad
464 1858 704 1897 procedendum
728 1867 801 1887 cum
818 1857 877 1890 eis,
895 1866 952 1895 per
970 1856 1183 1886 intervallum

179 1921 363 1950 congruum
376 1920 411 1941 ex
424 1911 630 1941 habundanti
642 1912 776 1940 suerunt
787 1910 904 1939 moniti
919 1909 958 1938 ab
970 1909 1106 1939 eisdem.
1120 1909 1184 1939 Sed

182 1974 258 1995 cum
274 1965 350 2003 ipsi,
371 1965 409 1994 ad
427 1964 497 1994 loca
518 1973 577 1994 sua
596 1964 737 1999 reversi,
757 1963 862 1993 adhuc
887 1963 1005 1992 moniti
1029 1967 1059 1992 et
1077 1963 1183 2000 rogati

181 2027 218 2049 ac
234 2018 389 2057 requisiti
407 2017 614 2056 postmodum
632 2017 731 2047 etiam
749 2016 960 2054 singillatim,
979 2020 1015 2045 ut
1031 2017 1183 2047 venirent

180 2071 221 2102 ad
251 2071 450 2101 scrutinium
480 2080 554 2100 cum
580 2070 643 2105 eis,
671 2070 792 2107 eligere
820 2074 1042 2104 recusassent,
1066 2079 1183 2108 propo-

176 2128 276 2154 nente
292 2124 451 2161 magistro
467 2123 630 2163 G[irardo]
646 2124 684 2153 de
702 2123 820 2159 Saloel,
837 2123 995 2152 canonico
1012 2122 1117 2161 ipsius
1135 2132 1182 2152 ec-

175 2177 287 2211 clesie,
306 2177 391 2215 quod
410 2186 469 2206 1166
485 2186 542 2215 per
558 2177 645 2206 viam
663 2176 817 2206 scrutinii
836 2185 896 2206 nec
919 2176 1017 2205 etiam
1034 2185 1182 2215 compro-

175 2230 273 2260 missi
299 2230 430 2268 procedi
454 2235 597 2268 poterat,
618 2239 692 2260 cum
711 2230 780 2269 jam
802 2234 943 2268 utraque
965 2230 1018 2259 via
1045 2230 1107 2259 suit
1133 2234 1183 2259 at-

177 2287 347 2322 temptata,
372 2288 402 2313 et
426 2292 466 2313 ne
489 2283 719 2321 procederetur
739 2283 779 2313 ad
799 2283 1004 2317 electionem,
1023 2292 1080 2321 pro
1099 2292 1133 2313 56
1152 2288 1183 2313 61

175 2336 241 2366 sibi
266 2336 504 2366 adherentibus
529 2336 569 2366 ad
593 2336 710 2366 Sedent
732 2336 954 2374 Apostolicam
979 2336 1180 2374 appellante,

177 2389 256 2428 ipsi,
274 2389 482 2419 attendentes
498 2398 563 2418 non
584 2398 655 2419 esse
672 2388 884 2427 appellationi
897 2388 1085 2427 hujusmodi
1097 2389 1182 2419 defe-

177 2442 330 2477 rendum,
350 2446 380 2472 et
404 2442 489 2480 quod
510 2442 548 2471 de
569 2446 712 2480 tempore
736 2441 908 2471 electionis
929 2441 1093 2471 modicum
1114 2442 1182 2481 jam

177 2494 341 2530 restabat,
362 2504 398 2524 36
421 2495 525 2534 major
542 2503 618 2532 pars
639 2494 705 2523 diei
725 2494 902 2529 effluxerat,
923 2503 982 2523 nec
1003 2495 1182 2532 postillam

175 2546 292 2577 electio
309 2547 477 2577 commode
492 2552 619 2586 poterat
636 2547 812 2583 celebrari,
831 2556 904 2577 611111
922 2547 1054 2585 quidam
1073 2553 1181 2578 essent

175 2599 329 2629 canonici
355 2600 501 2629 abfuturi
529 2605 560 2630 et
584 2601 717 2639 quidam
745 2601 880 2630 adversa
903 2600 1085 2630 valitudine
1108 2610 1182 2638 gra-

176 2657 345 2689 varentur,
375 2658 574 2684 scrutatores
600 2653 690 2689 illos,
721 2662 802 2692 quos
822 2653 890 2692 jam
917 2653 1179 2689 nominaverant,

176 2710 440 2744 assumpserunt,
458 2715 539 2745 quos
556 2707 596 2736 ad
606 2706 810 2736 voluntatem
824 2705 940 2735 decani
954 2709 983 2735 et
995 2706 1098 2743 partis
1111 2715 1179 2741 sue,

174 2760 203 2790 si
219 2760 405 2790 voluissent
423 2769 494 2790 cum
513 2760 560 2790 eis
573 2760 612 2789 ad
628 2759 817 2797 eligendum
828 2758 1014 2796 procedere,
1027 2767 1084 2795 pro
1096 2758 1180 2788 bono

174 2813 265 2851 pacis
282 2813 503 2852 assumpsisse
519 2813 709 2848 voluerant3
731 2812 789 2842 sed
811 2811 872 2841 hoc
892 2811 956 2849 ipsi
976 2820 1033 2848 pro
1050 2820 1107 2841 sue
1124 2820 1179 2841 vo-

174 2865 314 2896 luntatis
333 2866 470 2896 arbitrio
486 2870 693 2896 recusarunt.
712 2864 874 2895 Predictis
890 2872 967 2894 vero
987 2863 1092 2893 tribus
1110 2864 1180 2893 sin-

174 2918 327 2956 gulorum
344 2923 417 2948 vota
431 2919 682 2958 exquirentibus
706 2921 831 2948 secreto
850 2921 881 2947 et
903 2915 1117 2953 singillatim,
1142 2926 1179 2947 36

173 2979 223 3007 63,
240 2971 276 3000 in
293 2971 424 3010 scriptis
441 2972 583 3007 redacta,
598 2980 672 3001 mox
685 2969 934 3009 publicantibus
947 2969 981 2997 in
997 2969 1176 3005 communi,

1265 374 1341 412 quia
1358 374 1430 409 fuit,
1449 374 1562 403 habita
1579 373 1765 408 collatione,
1789 376 1955 410 repertum
1977 372 2012 401 in
2034 372 2173 402 eundem
2196 382 2267 404 ma-

1264 426 1403 463 gistrum
1426 427 1481 455 w.
1508 426 1546 456 de
1570 425 1688 463 viginti
1709 429 1780 455 octo
1802 425 1859 463 qui
1878 429 2123 460 remanserant,
2148 425 2267 464 viginti

1264 482 1404 516 quatuor
1426 478 1651 512 consensisse,
1673 478 1798 515 ipsum,
1819 477 1971 507 invocata
1989 477 2132 515 Spiritus
2155 478 2267 508 Sancti

1263 530 1380 567 gratia,
1398 530 1432 559 in
1452 539 1549 560 suurn
1566 530 1851 568 archiepiscopum
1865 529 2047 567 elegerunt.
2064 530 2103 559 Et
2116 531 2267 568 quamvis

1262 583 1381 612 suisset
1406 583 1458 612 61ι
1484 592 1557 612 cum
1580 583 1683 612 multa
1706 583 1868 612 instantia
1890 582 2108 621 supplicatum
2129 588 2164 613 ut
2182 583 2266 614 elec-

1264 635 1346 664 tioni
1365 635 1402 664 116
1420 644 1454 664 56
1477 636 1561 664 facte
1582 639 1743 673 prestaret
1763 644 1952 670 assensum,
1978 635 2162 673 appellante
2185 645 2266 675 quo-

1264 687 1337 716 dam
1354 688 1392 716 de
1409 691 1500 725 parte
1518 687 1633 717 decani
1650 697 1691 717 ne
1707 687 1861 717 electioni
1886 688 2103 723 consentiret,
2128 697 2267 719 consen-

1264 749 1336 769 sum
1362 749 1458 769 suum
1489 740 1629 778 Spiritui
1653 740 1773 769 Sancto
1798 744 1829 770 et
1858 745 1970 770 nostro
1997 740 2089 770 duxit
2115 741 2266 771 interiori

1264 793 1378 822 sensui
1405 793 1689 822 committendum.
1717 794 1825 829 Quare
1855 798 2047 831 procurator
2073 794 2143 832 ipse
2171 794 2266 825 nobis

1263 846 1436 875 humiliter
1465 846 1663 884 supplicavit
1691 851 1725 875 ut
1755 846 1950 876 electionem
1978 846 2095 885 ipsam,
2129 847 2167 877 de
2197 847 2268 878 viro

1263 899 1365 928 multe
1381 898 1583 934 litterature,
1606 898 1745 928 honeste
1762 899 1827 929 vite
1849 904 1878 928 et
1902 899 1988 929 clare
2007 900 2093 929 sanie
2111 900 2267 931 canonice

1264 951 1473 986 celebratam,
1498 951 1692 981 auctoritate
1715 952 1929 989 dignaremur
1948 952 2126 990 apostolica
2149 953 2268 982 confir-

1263 1014 1364 1033 mare.
1380 1005 1425 1033 Ex
1439 1009 1530 1041 parte
1547 1009 1656 1034 autem
1669 1004 1771 1034 altera
1788 1005 1851 1034 suit
1867 1005 2070 1043 propositum
2083 1014 2118 1035 ex
2131 1005 2268 1036 adverso

1263 1058 1366 1096 quod,
1393 1066 1467 1087 cum
1493 1057 1637 1087 decanus
1661 1062 1691 1087 et
1714 1057 1895 1096 capitulum
1917 1058 1955 1087 de
1978 1058 2081 1088 t'uturi
2107 1059 2268 1089 substitu-

1264 1110 1352 1140 tione
1370 1110 1536 1148 pontilicis
1555 1111 1727 1148 premissa,
1753 1111 1897 1140 secunda
1916 1111 2000 1141 feria
2022 1111 2267 1148 convenissent,
2310 1132 2313 1134 -

1263 1163 1327 1193 fuit
1345 1163 1379 1191 in
1397 1163 1555 1201 quosdam
1579 1163 1617 1193 de
1634 1163 1776 1201 capitulo
1795 1164 2086 1202 compromissum,
2105 1164 2202 1202 plena
2220 1165 2269 1195 eis

1263 1220 1423 1254 potestate
1447 1225 1602 1246 concessa
1619 1216 1824 1254 providendi,
1842 1217 1912 1246 vice
1930 1216 2088 1252 omnium,
2108 1217 2145 1247 de
2162 1217 2267 1255 ipsius

1263 1269 1388 1307 gremio
1406 1269 1539 1298 viduate
1558 1269 1697 1299 ecclesie
1720 1269 1757 1299 de
1778 1274 1927 1308 pastore,
1948 1270 2005 1299 sed
2026 1269 2094 1299 illis
2114 1270 2147 1298 in
2167 1278 2268 1300 unam

1264 1331 1438 1361 personam
1462 1322 1709 1360 nequeuntibus
1730 1322 1943 1357 concordare,
1961 1323 2096 1355 iterum,
2116 1322 2268 1361 sequenti

1265 1376 1327 1410 die,
1346 1375 1379 1404 in
1398 1375 1541 1413 capitulo
1558 1379 1798 1411 convenerunt,
1821 1380 1866 1409 et,
1887 1379 1959 1413 post
1982 1379 2140 1405 tractatus
2161 1375 2269 1405 varios

1264 1433 1294 1458 et
1324 1428 1493 1463 diversos,
1520 1428 1682 1466 assumpti
1709 1429 1844 1457 fuerunt
1872 1432 1937 1458 tres
1967 1428 2005 1457 de
2035 1428 2106 1465 ipso
2132 1426 2270 1465 collegio

1265 1486 1484 1516 scrutatores;
1524 1482 1645 1519 quibus
1675 1485 1749 1511 vota
1780 1481 2031 1519 exquirentibus
2062 1480 2270 1518 singulorum

1265 1535 1492 1573 scrutinioque
1509 1535 1683 1573 pendente,
1701 1535 1765 1564 suit
1781 1535 1815 1563 in
1838 1540 1978 1573 quatuor
1997 1543 2034 1564 ex
2057 1543 2090 1563 56
2109 1534 2209 1572 111515,
2230 1533 2269 1564 de

1264 1592 1486 1618 scrutatorum
1503 1596 1654 1623 assensu,
1676 1587 1783 1617 denuo
1806 1587 2096 1625 compromissum,
2119 1590 2150 1616 et
2172 1585 2269 1624 plena

1263 1646 1408 1680 potestas
1432 1650 1450 1670 a
1472 1640 1616 1679 capitulo
1634 1640 1702 1670 illis
1721 1641 1795 1670 data
1818 1640 1963 1678 eligendi
1984 1639 2269 1678 archiepiscopum

1265 1695 1303 1725 de
1320 1695 1444 1732 gremio
1469 1694 1576 1732 ipsius
1598 1693 1736 1724 ecclesie
1759 1693 1809 1724 vel
1830 1694 1929 1723 etiam
1954 1693 2107 1729 aliunde3
2131 1693 2192 1723 hoc
2214 1701 2270 1723 ex-

1264 1757 1378 1787 presso
1408 1748 1505 1786 quod,
1540 1747 1569 1777 si
1595 1747 1630 1776 in
1658 1756 1756 1776 unam
1786 1755 1961 1785 personam
1988 1745 2270 1785 compromissarii

1265 1802 1517 1835 concordarent,
1552 1810 1617 1830 non
1642 1800 1867 1839 publicaretur
1892 1799 2102 1835 scrutinium,
2132 1799 2189 1829 sed
2211 1807 2271 1838 pro

1266 1855 1357 1885 nullo
1373 1855 1507 1893 penitus
1522 1854 1713 1884 haberetur.
1730 1853 1962 1883 Tractantibus
1986 1853 2098 1892 itaque
2121 1861 2270 1891 compro-

1265 1908 1432 1938 missariis
1450 1912 1480 1937 et
1496 1907 1751 1946 procedentibus
1772 1906 2012 1936 nichilominus
2029 1905 2271 1937 scrutatoribus

1266 1961 1476 2000 supradictis,
1496 1960 1573 1999 quia
1589 1960 1668 1989 dicti
1682 1959 1964 1998 compromissarii
1982 1959 2016 1988 in
2032 1968 2134 1989 unam
2152 1959 2271 1998 nequi-

1264 2023 1341 2044 vere
1358 2013 1555 2043 concordare
1573 2021 1760 2051 personam,
1778 2016 1907 2050 ceptum
1924 2015 2162 2041 consumarunt
2178 2019 2272 2041 scru-

1266 2067 1386 2096 tinium
1403 2071 1621 2101 scrutatores,
1645 2074 1709 2104 quo
1729 2064 1908 2103 publicato,
1928 2064 2016 2103 quia.
2035 2064 2176 2094 diversis
2192 2072 2272 2094 con-

1265 2120 1489 2150 sentientibus
1507 2119 1542 2148 in
1558 2119 1723 2154 diversos,
1752 2117 1864 2147 nullus
1886 2121 2013 2156 partem
2035 2117 2152 2147 habuit
2170 2117 2271 2148 totius

1265 2172 1420 2211 capituli,
1448 2172 1563 2202 habita
1586 2171 1776 2207 collatione,
1801 2171 1977 2209 maj0rem,
2004 2179 2071 2200 non
2099 2170 2164 2200 suit
2192 2173 2271 2200 tunc

1266 2227 1383 2258 electio
1400 2226 1588 2256 subsecuta.
1615 2225 1786 2261 Ceterum,
1811 2224 1864 2254 die
1883 2224 2025 2255 Veneris
2047 2223 2196 2262 proximo
2218 2231 2271 2254 se-

1267 2281 1393 2320 quenti,
1411 2280 1636 2310 residentibus
1652 2279 1687 2308 in
1702 2278 1845 2317 capitulo
1856 2278 1895 2308 de
1911 2277 1964 2307 die
1976 2277 2178 2315 assignanda
2189 2280 2273 2306 trac-

1266 2334 1414 2364 tantibus
1431 2337 1462 2363 et
1478 2332 1672 2363 absentibus
1687 2332 1727 2362 ad
1742 2332 1938 2362 electionem
1954 2330 2076 2361 iterum
2091 2338 2273 2360 convocan-

1266 2388 1327 2423 dis,
1345 2389 1388 2424 J.,
1410 2387 1665 2417 archidiaconus
1690 2385 1787 2423 Augi,
1813 2389 1843 2415 et
1861 2384 2028 2423 predictus
2049 2383 2208 2421 magister
2230 2383 2268 2413 G.

1267 2441 1420 2470 dixerunt
1440 2449 1504 2470 non
1528 2449 1600 2470 esse
1622 2439 1660 2469 ad
1679 2438 1852 2469 electionis
1869 2441 2046 2467 tractatum
2062 2436 2203 2466 ulterius
2218 2443 2273 2466 re-

1267 2494 1446 2529 deundum,
1464 2497 1577 2531 utpote
1594 2493 1634 2522 ad
1652 2492 1857 2530 superiorem
1876 2490 2066 2529 provisione
2089 2489 2195 2528 ipsius
2217 2497 2272 2519 ec-

1266 2547 1366 2577 clesie
1383 2546 1546 2581 devoluta,
1565 2555 1638 2575 cum
1659 2544 1851 2583 capitulum,
1871 2552 1929 2582 per
1945 2552 2059 2573 omnes
2074 2542 2146 2572 vias
2159 2542 2200 2571 ad
2211 2541 2271 2572 eli-

1268 2600 1411 2638 gendum
1427 2600 1532 2629 editas
1548 2598 1774 2637 procedentes,
1792 2596 1900 2627 functi
1915 2596 2022 2626 officio
2038 2605 2097 2626 suo
2114 2598 2224 2625 essent
2239 2597 2270 2624 et

1261 2654 1316 2692 jus
1334 2652 1479 2690 eligendi
1502 2651 1676 2682 amiserint
1693 2660 1731 2681 ea
1745 2650 1833 2686 vice,
1856 2649 2032 2688 presertim
2055 2657 2130 2678 cum
2145 2647 2180 2677 in
2194 2655 2271 2686 pro-

1265 2715 1361 2736 cessu
1378 2705 1470 2743 prius
1482 2704 1595 2734 habito
1607 2708 1720 2734 contra
1732 2703 1872 2733 formam
1883 2701 2017 2732 concilii
2031 2700 2268 2740 peccavissent,

1266 2760 1347 2789 duas
1367 2759 1491 2788 formas
1512 2757 1651 2787 insimul
1668 2755 1882 2791 assumend0;
1901 2763 1938 2784 ac
1953 2754 2041 2784 idem
2056 2752 2214 2791 magister
2229 2751 2268 2782 G.

1265 2816 1412 2842 nostram
1438 2810 1641 2840 audientiam
1670 2808 1861 2848 appellavit,
1889 2816 1929 2837 ne
1952 2807 2023 2837 dies
2043 2806 2271 2844 assignaretur

1265 2874 1325 2895 nec
1350 2863 1579 2902 sigillarentur
1609 2862 1719 2893 littere
1750 2862 1789 2892 de
1816 2860 2036 2891 convocandis
2063 2857 2270 2893 absentibus,

1294 2977 1314 3001 1.
1330 2979 1380 3001 Ms.
1398 2985 1404 3000 .-
1421 2977 1469 3000 eis.
