2519 3518
119 316 174 347 553

117 385 247 412 insulam
269 384 376 411 Evizae
394 384 587 418 personaliter
607 383 830 414 accedentibus,
848 384 894 410 vel
919 384 990 410 illuc
1010 384 1039 410 in
1061 384 1121 410 suis

118 433 255 468 expensis
275 433 394 460 idoneos
415 432 604 459 mittentibus
627 433 796 465 bellatores,
814 433 924 459 ibidem
946 433 981 459 asl
1005 436 1121 467 tempus

117 491 278 517 congruum
302 484 480 515 moraturos,
503 482 588 516 juxta
610 483 734 508 formam
760 482 908 509 Ecclesiae
928 482 1122 509 absolutionis

118 532 293 559 beneficium
315 531 480 565 impendat,
497 531 614 565 proviso
634 534 664 557 ut
687 531 779 565 passis
799 531 909 557 (lamna
931 534 958 557 et
979 531 1120 564 injuriam

119 580 305 608 satisfaciant
319 582 533 614 competenter;
546 580 607 606 illis
618 580 759 613 exceptis,
771 588 893 614 quorum
906 588 1040 606 excessus
1051 580 1122 607 adeo

119 630 179 656 sint
194 629 330 656 difficiles
346 631 375 655 et
390 637 533 661 enormeS,
549 629 623 662 quod
639 629 743 655 merito
759 629 819 655 sint
830 629 865 655 ad
880 628 984 655 Svdom
998 629 1122 663 Aposto-

119 678 208 705 licam
222 677 456 705 transmittendi.
475 692 507 695 —
523 678 609 709 (ΗΕΘ.
627 677 675 709 18,
694 678 712 703 s.
732 677 784 703 226
797 680 840 709 v⁰;
855 686 924 703 ann.
942 677 985 710 X,
1003 686 1027 704 e.
1049 677 1123 709 3⁴18.)

161 791 174 805 «
201 801 218 807 ..
236 779 434 815 procuratori
453 779 680 807 Terraconensi.
698 778 742 808 Ut
764 777 859 807 facile
883 778 1057 815 provenire
1074 795 1121 806 ——.

120 833 193 862 Dat.
212 833 412 862 Inter-amne,
428 832 455 861 V
472 830 532 869 [...]
550 831 722 863 februarii,
741 840 827 860 anno
846 831 983 861 decimo.
1004 844 1016 857 »

192 1021 310 1050 3488

394 1060 404 1070 .

157 1083 301 1118 Episcopo
320 1084 556 1111 Barehinonensi
575 1087 604 1110 et
623 1085 803 1118 procuratori
827 1085 968 1111 ecclesiae
985 1085 1124 1112 Terraco-

122 1132 236 1165 nensis,
258 1135 291 1159 ut
313 1132 551 1160 Christianorum
573 1132 718 1159 exercitus
738 1135 840 1159 contra
860 1134 992 1167 Paganos
1013 1134 1124 1160 Valen-

121 1179 181 1206 tiae
196 1187 382 1214 processurus
401 1179 438 1207 ab
454 1180 573 1206 illorum
590 1179 750 1206 insultibus
771 1181 809 1207 sit
831 1181 948 1214 plenius
964 1181 1123 1214 immunis,

121 1228 244 1255 mandat
256 1230 400 1262 quatenus
415 1228 515 1255 fideles
532 1228 562 1254 in
576 1228 639 1262 ipso
655 1229 786 1255 exercitu
798 1229 973 1256 constitutos
985 1232 1125 1257 moneant

121 1277 158 1304 ad
174 1277 324 1310 aedificia,
342 1278 450 1304 fossata
469 1279 497 1304 et
518 1277 699 1303 munitiones
717 1277 790 1303 alias
807 1278 972 1311 faciendas,
989 1287 1040 1312 per
1053 1287 1124 1313 quas

121 1325 253 1359 ejusdem
266 1325 412 1352 exercitus
423 1325 510 1352 robur
521 1328 671 1359 augeatur,
682 1325 819 1352 omnibus
831 1326 880 1359 qui
892 1326 1021 1353 laborem
1034 1327 1124 1354 istum

120 1373 152 1400 in
175 1373 302 1408 propriis
325 1373 470 1400 subierint
492 1373 624 1407 personis
645 1374 693 1399 vel
713 1374 864 1407 expensis.
883 1374 1007 1408 triginta
1024 1378 1052 1402 et
1067 1384 1126 1402 una

121 1421 224 1449 diebus
249 1422 284 1448 de
311 1422 447 1455 injuncta
468 1421 525 1448 sibi
551 1421 736 1455 paenitentia
760 1422 910 1449 relaxatis.
929 1438 960 1441 —
976 1424 1063 1455 (Rea.
1080 1424 1124 1456 18,

120 1471 141 1497 f.
160 1470 213 1497 226
232 1473 275 1502 v⁰;
290 1478 360 1497 ann.
377 1470 416 1503 X,
433 1478 458 1496 c.
475 1470 550 1501 349.)

706 1023 805 1055 Terni,
819 1023 835 1049 5
850 1023 957 1050 terricr
973 1023 1050 1049 1237.

162 1582 174 1596 α
207 1593 227 1598 ..
252 1571 386 1608 episcopo
413 1571 656 1599 Barchinoncnsi
682 1576 707 1599 et
737 1594 756 1599 ..
781 1573 979 1608 procuratori
1010 1573 1127 1601 ecclesie

120 1623 362 1652 Terraconensis.
382 1623 427 1653 Ut
442 1622 710 1653 Christianorum
727 1623 891 1653 exercitus
907 1641 956 1652 —-.
979 1625 1051 1653 Dat.
1070 1625 1126 1654 In-

117 1679 276 1710 temmne,
295 1675 393 1705 nonis
411 1675 584 1710 februarii,
602 1685 689 1705 anno
703 1676 840 1706 decimo.
862 1688 875 1703 »

188 1859 305 1887 3-189
698 1860 798 1893 Terni,
815 1861 830 1887 3
850 1861 958 1888 sevrier
974 1862 1053 1888 1237.

154 1921 299 1956 Episcopo
319 1921 556 1949 Barchinonensi
578 1921 700 1948 mandat
720 1924 865 1956 quatenus
886 1923 953 1949 illos
969 1923 1004 1950 (le
1022 1924 1127 1951 Terra-

120 1969 239 1997 conensi
263 1969 431 2004 provincia,
452 1969 583 2004 exceptis
603 1970 828 2004 Pampilonensi
852 1973 880 1997 et
901 1971 1128 2005 Calagurritana

120 2018 313 2051 dioecesibus,
328 2018 378 2053 qui
391 2020 492 2045 contra
506 2019 639 2052 Paganos
652 2019 811 2046 Valentiae
824 2020 980 2053 procedere
993 2021 1126 2055 cupiant,

120 2075 179 2094 non
203 2067 359 2102 permittat
383 2066 420 2094 ab
444 2067 543 2101 aliquo
568 2067 709 2101 impediri
733 2067 891 2101 quominus
913 2071 1015 2095 votum
1041 2077 1127 2096 suum

120 2116 212 2144 libere
227 2116 341 2151 possint
356 2115 487 2150 exsequi.
506 2130 537 2133 —
552 2116 639 2147 (REG.
651 2115 695 2148 18,
707 2116 726 2142 t.
741 2115 794 2142 226
810 2119 853 2148 v⁰;
871 2125 941 2143 ann.
957 2117 996 2149 X,
1014 2125 1038 2144 c.
1054 2117 1128 2149 350.)

164 2229 176 2244 «
204 2240 223 2246 ..
247 2219 380 2255 episcopo
399 2217 654 2246 Barchinonensz'.
680 2216 714 2246 Si
738 2217 1007 2254 presumentibus
1026 2221 1130 2248 terre-

122 2278 241 2299 norum
259 2286 307 2298 —.
324 2270 399 2299 Dat.
426 2269 627 2302 Interamne,
650 2268 700 2298 ΙΙΙ
724 2276 828 2297 nonas
851 2268 1024 2304 februarii,
1043 2278 1130 2299 anno

121 2322 260 2353 decimo.
280 2335 292 2349 n

194 2506 312 2535 :3490
687 2503 787 2540 [Terni
797 2526 803 2538 ‚
818 2505 833 2532 3
846 2506 955 2532 sevrier
968 2505 1060 2542 1237.]

159 2568 362 2601 Narbonensi,
378 2567 548 2595 Arelatensi
564 2570 592 2594 et
615 2567 748 2601 Aquensi
764 2567 995 2603 archiepiscopis
1015 2577 1132 2596 eorum-

124 2626 181 2652 que
208 2617 402 2651 suffraganeis
429 2616 570 2643 similiter
592 2615 696 2643 scribit
718 2624 770 2650 pro
797 2615 859 2642 illis
885 2616 921 2643 de
950 2617 1132 2645 dioecesibus

125 2666 258 2701 ipsorum
274 2664 490 2700 praedicationi
506 2664 687 2697 commissis,
705 2664 755 2698 qui
771 2667 874 2691 contra
888 2665 1050 2693 haereticos
1066 2675 1132 2701 pro-

126 2715 227 2742 cedere
253 2714 386 2749 cupiant.
408 2728 440 2732 —-
460 2714 547 2745 (Rue.
564 2713 613 2746 18,
635 2714 655 2740 f.
674 2713 726 2740 227
742 2716 781 2745 r⁰;
804 2721 874 2740 ann.
893 2713 936 2746 X,
961 2722 986 2740 c.
1008 2714 1078 2747 351;
1099 2729 1133 2734 ——

126 2762 259 2791 Monsau
275 2762 343 2790 1191
353 2784 360 2796 ,
375 2763 395 2789 f.
410 2761 485 2794 190.)

168 2876 181 2891 ιι
208 2887 228 2894 ..
247 2865 448 2899 Narbonensi,
469 2886 488 2892 ..
507 2863 678 2892 Arelatensi
694 2867 719 2891 et
736 2885 756 2890 ..
777 2863 911 2899 Aquensi
928 2864 1134 2901 archiepisco-

122 2918 173 2955 pis
186 2926 348 2955 eorumque
359 2917 572 2954 sum-ayaneis.
590 2915 626 2945 Si
641 2914 911 2953 presumentibus
926 2919 1134 2946 terrenorum

127 2970 315 3010 principum
343 2970 477 3000 turbare
507 2968 641 3007 negotia
668 2972 745 3004 etc.‚
772 2977 878 3007 usque
903 2978 909 2996 2
937 2969 1133 3000 mandantes

980 308 1166 345 DIXIEME
1188 307 1348 344 ANNEE.

2153 316 2208 345 554

1207 385 1370 418 quatenus
1398 380 1472 409 illos
1498 381 1554 419 qui
1580 382 1617 411 dc
1644 382 1831 411 ‹lior-:sibus
1858 387 1963 412 vestre
1991 383 2208 420 predicationi

1206 433 1392 462 commissis
1415 434 1644 463 retributionis
1668 434 1803 464 obtentu
1827 439 1980 473 perpetue
2007 440 2079 469 etc,
2105 444 2208 473 usque

1204 485 1239 514 in
1257 486 1365 515 finem.
1391 498 1403 511 »

1277 684 1363 712 349
1371 684 1390 710 Ι

1243 747 1429 774 Procuratori
1453 748 1593 774 ecclesiae
1613 748 1853 781 Terraconensis,
1872 764 1902 767 -—
1919 749 2019 775 audito
2042 750 2117 783 quod
2143 750 2208 784 qui-

1207 795 1274 822 dam
1293 796 1395 829 perfidi
1412 797 1586 829 professores
1606 797 1734 822 nominis
1749 796 1929 829 Christiani,
1945 806 1994 831 per
2010 798 2209 824 Terraconen-

1207 852 1267 870 sem
1294 844 1478 877 provinciam
1508 847 1536 871 ct
1563 845 1691 871 insulam
1718 845 1825 872 Evizae
1855 849 2056 878 transeunts-s,
2081 847 2209 879 Pas-fanis

1207 895 1309 919 contra
1322 893 1422 919 fideles
1436 893 1579 919 victualia
1593 896 1619 919 et
1634 902 1726 925 arma,
1739 902 1791 920 nec
1806 903 1861 920 non
1879 896 1985 920 serrum
1999 904 2032 921 at·
2045 895 2209 927 lignamina

1788 686 1887 719 Terni,
1904 687 1919 713 5
1936 688 2043 714 scvrier
2059 688 2136 714 1237.

1206 942 1355 975 galearum
1374 941 1559 981 deferebant,
1577 943 1892 969 excommunieatiouis
1909 944 2123 970 contemnendo
2143 953 2210 970 sen-

1207 990 1331 1017 tentiam
1354 990 1384 1016 in
1405 991 1479 1016 tales
1497 999 1513 1016 a
1530 991 1662 1017 Romano
1676 991 1819 1018 pontifice
1838 994 1881 1018 ter
1904 1000 1953 1025 per
1972 993 2100 1023 sinmilos
2119 1001 2209 1020 annos

1206 1039 1390 1065 sollemniter
1403 1039 1619 1071 promulgatam
1630 1060 1636 1071 ,
1646 1053 1677 1056 —
1691 1039 1812 1066 mandat
1825 1043 1968 1073 quatenus
1985 1040 2057 1067 bona
2075 1050 2147 1074 quae
2163 1041 2210 1068 illi

1207 1095 1258 1121 per
1274 1096 1353 1113 mare
1373 1090 1422 1113 aut
1440 1095 1489 1121 per
1505 1090 1613 1114 terram
1630 1088 1757 1121 Paganis
1774 1088 1883 1114 eisdem
1901 1089 2063 1121 deferrent,
2081 1091 2145 1124 capi
2166 1092 2209 1117 fa-

1207 1135 1277 1168 ciat,
1288 1135 1318 1161 in
1333 1135 1496 1162 custodiam
1512 1138 1540 1162 et
1556 1135 1756 1162 defensionem
1774 1136 1888 1163 insulae
1903 1138 2069 1170 praesilictae
2084 1138 2211 1165 fideliter

1208 1184 1416 1211 convertenda.
1434 1199 1465 1202 —
1482 1185 1568 1215 (Rea.
1585 1184 1627 1216 18,
1646 1185 1665 1210 f.
1682 1184 1734 1210 ‘227
1751 1187 1790 1216 r⁰;
1807 1193 1876 1211 ann.
1894 1185 1932 1217 X,
1948 1194 1972 1212 c.
1990 1186 2064 1217 352³.)

1251 1305 1263 1318 «
1291 1315 1310 1320 ..
1326 1292 1522 1329 procuratori
1539 1293 1655 1320 ecclesie
1673 1292 1912 1320 Terracoamsis.
1932 1293 1993 1328 Qui
2014 1302 2070 1321 nm·
2092 1302 2148 1331 spe
2162 1311 2210 1321 —.

1209 1346 1282 1374 Dat.
1298 1345 1499 1374 Interamne.
1521 1344 1617 1373 nouis
1636 1343 1806 1378 felirmtrii,
1828 1354 1914 1373 anno
1931 1345 2067 1373 flos-imo.
2090 1360 2101 1371 »

1255 1542 1397 1581 ,3492

1247 1605 1448 1639 Suffraganeis
1464 1607 1492 1631 et
1508 1605 1689 1638 procuratori
1701 1605 1841 1631 ecclesiae
1852 1605 2077 1632 Terraconensis
2092 1606 2213 1633 mandat

1210 1656 1354 1688 quatenus
1370 1654 1437 1680 illos
1452 1654 1512 1687 qui,
1528 1654 1676 1680 haeretica
1692 1654 1840 1687 pravitate
1855 1654 1993 1687 dimissa,
2011 1658 2128 1688 sponte,
2145 1658 2213 1682 ante

1209 1702 1435 1736 inquisitionem
1450 1702 1580 1736 aliquam
1595 1702 1631 1729 de
1646 1703 1718 1736 ipsis
1733 1704 1853 1735 factam,
1867 1703 1903 1729 ad
1920 1704 2150 1730 ecclesiasticam
2168 1713 2214 1731 re-

1209 1751 1327 1778 dierant
1342 1751 1389 1777 vel
1408 1750 1551 1777 redierint
1571 1751 1732 1784 unitatem,
1750 1751 1786 1778 ab
1811 1752 2127 1778 excommunicationis
2148 1761 2214 1779 sen-
2233 1761 2235 1764 ⁴

1209 1799 1305 1826 tentia
1320 1799 1350 1826 in
1365 1800 1526 1826 Patarenos
1544 1808 1594 1825 seu
1610 1799 1756 1833 quoslibet
1773 1800 1847 1826 alios
1864 1799 1987 1826 infestos
2003 1800 2133 1834 ejusdem
2151 1810 2214 1827 ma-

1210 1849 1277 1875 cula
1296 1847 1470 1882 pravitatis,
1487 1850 1531 1874 ter
1552 1855 1602 1881 per
1622 1847 1753 1881 singulos
1773 1856 1864 1874 annos
1885 1856 1901 1874 a
1920 1848 2052 1875 Romano
2071 1849 2214 1876 Pontifice

1210 1897 1406 1932 promulgata,
1423 1896 1588 1923 absolvant.
1602 1911 1634 1914 —
1648 1896 1790 1929 (Ra-..18,
1806 1898 1825 1923 t.
1840 1897 1892 1923 227
1907 1900 1944 1928 r⁰;
1962 1906 2031 1923 ann.
2047 1897 2085 1930 X,
2101 1906 2125 1923 c.
2140 1898 2214 1929 353.)

1800 1543 1900 1575 Terni,
1912 1544 1927 1569 -1
1944 1543 2141 1570 fovum-1237.

1253 2017 1264 2030 «
1290 2005 1499 2041 Suffrayaneis
1521 2009 1546 2032 et
1569 2026 1587 2032 ..
1611 2005 1808 2040 procuratori
1829 2005 1944 2032 sceleste
1973 2005 2212 2033 Terraconensis.

1211 2058 1294 2089 Cum
1311 2057 1498 2096 quibusque
1514 2065 1590 2086 vere
1607 2074 1654 2085 —.
1673 2057 1746 2086 Dat.
1765 2057 1965 2091 Inter-amne,
1984 2058 2016 2086 II
2041 2066 2144 2087 nonas
2168 2058 2216 2087 fe-

1210 2110 1350 2143 bruarii,
1372 2119 1458 2139 anno
1477 2109 1614 2139 decimo.
1636 2122 1647 2135 u

1284 2309 1402 2337 3493

1249 2372 1394 2406 Episcopo
1412 2372 1649 2399 Barchinonensi
1672 2374 1700 2398 et
1720 2372 1900 2406 procuratori
1923 2372 2063 2399 ecclesiae
2079 2372 2218 2399 Terraco-

1213 2420 1314 2447 nensis
1330 2420 1465 2447 concedit
1480 2422 1527 2452 ut,
1544 2420 1569 2446 si
1584 2420 1677 2454 aliqui
1694 2428 1793 2447 eorum
1810 2421 1860 2454 qui
1877 2420 1987 2447 tuerint
2003 2420 2033 2446 in
2049 2420 2218 2448 Christiano

1214 2468 1346 2496 exercitu
1362 2471 1464 2496 eontra
1485 2469 1658 2495 Valentiam
1679 2469 1849 2501 constituti,
1867 2456 2023 2502 ex⁵aliquo
2039 2469 2217 2495 sententiam

1214 2517 1532 2545 excommunicationis
1545 2517 1736 2550 incurrerint,
1751 2517 1828 2551 ipsos
1839 2538 1845 2549 ,
1861 2517 1885 2543 si
1902 2517 1976 2543 illud
1991 2517 2217 2551 postulaverint,

1213 2566 1384 2599 absolvant,
1399 2566 1516 2600 proviso
1538 2568 1569 2592 ut
1582 2565 1676 2600 passis
1689 2565 1799 2592 damna
1816 2568 1844 2591 et
1869 2565 2011 2598 injuriam
2032 2565 2218 2592 satisfaciant

1213 2616 1429 2649 competenter;
1464 2614 1525 2641 illis
1561 2614 1717 2641 dumtaxat
1751 2613 1880 2647 exceptis
1892 2634 1898 2646 ‚
1929 2621 2051 2647 quorum
2084 2622 2218 2640 excessus

1213 2663 1285 2690 adeo
1306 2662 1366 2689 sint
1386 2661 1522 2689 difficiles
1542 2664 1570 2688 et
1588 2669 1736 2694 enormes,
1754 2661 1829 2694 quod
1850 2660 1955 2687 merito
1976 2660 2035 2687 sint
2055 2660 2091 2686 ad
2111 2660 2216 2687 Sodem

1213 2711 1415 2746 Apostolicam
1434 2710 1668 2737 transmittendi.
1690 2724 1721 2727 —
1735 2710 1822 2741 (Rae.
1839 2709 1887 2741 18,
1910 2710 1930 2735 f.
1953 2708 2005 2735 227
2027 2712 2067 2740 r⁰;
2090 2717 2158 2735 ann.
2177 2709 2215 2741 X,

1215 2767 1240 2786 e.
1255 2759 1330 2790 354.)

1800 2310 1900 2342 Terni,
1916 2310 1932 2336 5
1948 2310 2147 2336 fevum-1237.

1257 2877 1271 2892 (ι
1298 2888 1318 2894 ..
1336 2866 1469 2904 episcopo
1485 2865 1726 2894 Barchinonensi
1739 2869 1764 2892 el
1783 2886 1802 2892 ..
1817 2865 2012 2901 procuratori
2027 2865 2140 2892 ecclesie
2155 2865 2218 2892 Ter-

1215 2919 1402 2947 raconensis.
1420 2918 1469 2947 Ne
1486 2917 1654 2955 aliquibus
1670 2915 1823 2954 impediri
1846 2933 1895 2944 —.
1917 2916 1988 2944 Dat.
2018 2916 2216 2947 Intcramne.

1217 2971 1314 3001 nonis
1332 2970 1505 3005 februarii,
1524 2979 1610 3000 anno
1627 2969 1761 2999 decimo.
1783 2980 1796 2994 n
