<?xml version="1.0" encoding="UTF-8"?>
<!DOCTYPE html PUBLIC "-//W3C//DTD XHTML 1.0 Transitional//EN"
    "http://www.w3.org/TR/xhtml1/DTD/xhtml1-transitional.dtd">
<html xmlns="http://www.w3.org/1999/xhtml" xml:lang="en" lang="en">
 <head>
  <title>
</title>
<meta http-equiv="Content-Type" content="text/html;charset=utf-8" />
  <meta name='ocr-system' content='tesseract 3.04.00' />
  <meta name='ocr-capabilities' content='ocr_page ocr_carea ocr_par ocr_line ocrx_word'/>
</head>
<body>
  <div class='ocr_page' id='page_1' title='image "./lesregistresdale02cathuoft_0123.png"; bbox 0 0 2519 3518; ppageno 0'>
   <div class='ocr_carea' id='block_1_1' title="bbox 74 299 2154 360">
    <p class='ocr_par' dir='ltr' id='par_1_1' title="bbox 74 299 2154 360">
     <span class='ocr_line' id='line_1_1' title="bbox 74 299 2154 360; baseline 0.012 -32"><span class='ocrx_word' id='word_1_1' title='bbox 74 299 134 330; x_wconf 72' lang='lat'><strong>‘209</strong></span> <span class='ocrx_word' id='word_1_2' title='bbox 910 302 1138 340; x_wconf 76' lang='lat' dir='ltr'><strong>NEUVIEME</strong></span> <span class='ocrx_word' id='word_1_3' title='bbox 1159 306 1318 344; x_wconf 76' lang='lat' dir='ltr'>ANNEE.</span> <span class='ocrx_word' id='word_1_4' title='bbox 2094 330 2154 360; x_wconf 71' lang='lat'><strong>2¹0</strong></span> 
     </span>
    </p>
   </div>
   <div class='ocr_carea' id='block_1_2' title="bbox 73 365 1073 600">
    <p class='ocr_par' dir='ltr' id='par_1_2' title="bbox 73 365 1073 600">
     <span class='ocr_line' id='line_1_2' title="bbox 76 365 1072 409; baseline 0.012 -17"><span class='ocrx_word' id='word_1_5' title='bbox 76 365 187 394; x_wconf 80' lang='lat' dir='ltr'><strong>mensis</strong></span> <span class='ocrx_word' id='word_1_6' title='bbox 197 370 226 394; x_wconf 83' lang='lat' dir='ltr'><strong>et</strong></span> <span class='ocrx_word' id='word_1_7' title='bbox 237 367 376 402; x_wconf 82' lang='lat' dir='ltr'><strong>magistro</strong></span> <span class='ocrx_word' id='word_1_8' title='bbox 387 368 539 406; x_wconf 81' lang='lat' dir='ltr'><strong>G[erardo]</strong></span> <span class='ocrx_word' id='word_1_9' title='bbox 553 372 590 399; x_wconf 84' lang='lat' dir='ltr'><strong>de</strong></span> <span class='ocrx_word' id='word_1_10' title='bbox 602 373 755 408; x_wconf 85' lang='lat' dir='ltr'><strong>Lauduno,</strong></span> <span class='ocrx_word' id='word_1_11' title='bbox 769 376 909 403; x_wconf 84' lang='lat' dir='ltr'><strong>canonico</strong></span> <span class='ocrx_word' id='word_1_12' title='bbox 922 376 1072 409; x_wconf 81' lang='lat' dir='ltr'><strong>Remensi‚</strong></span> 
     </span>
     <span class='ocr_line' id='line_1_3' title="bbox 75 413 1073 458; baseline 0.014 -18"><span class='ocrx_word' id='word_1_13' title='bbox 75 413 198 442; x_wconf 82' lang='lat' dir='ltr'><strong>mandat</strong></span> <span class='ocrx_word' id='word_1_14' title='bbox 219 417 362 450; x_wconf 86' lang='lat' dir='ltr'><strong>quatenus</strong></span> <span class='ocrx_word' id='word_1_15' title='bbox 384 417 552 454; x_wconf 79' lang='lat' dir='ltr'><strong>episcopum</strong></span> <span class='ocrx_word' id='word_1_16' title='bbox 577 420 806 451; x_wconf 81' lang='lat' dir='ltr'><strong>Noviomensem</strong></span> <span class='ocrx_word' id='word_1_17' title='bbox 831 427 935 458; x_wconf 71' lang='lat' dir='ltr'><strong>cogant</strong></span> <span class='ocrx_word' id='word_1_18' title='bbox 954 428 986 452; x_wconf 81' lang='lat' dir='ltr'><strong>ut</strong></span> <span class='ocrx_word' id='word_1_19' title='bbox 1011 425 1073 453; x_wconf 88' lang='lat' dir='ltr'><strong>Mi-</strong></span> 
     </span>
     <span class='ocr_line' id='line_1_4' title="bbox 75 461 1073 506; baseline 0.014 -19"><span class='ocrx_word' id='word_1_20' title='bbox 75 461 171 489; x_wconf 80' lang='lat' dir='ltr'><strong>chaeli</strong></span> <span class='ocrx_word' id='word_1_21' title='bbox 184 462 220 490; x_wconf 89' lang='lat' dir='ltr'><strong>de</strong></span> <span class='ocrx_word' id='word_1_22' title='bbox 233 462 380 492; x_wconf 81' lang='lat' dir='ltr'><strong>Cerisiaeo</strong></span> <span class='ocrx_word' id='word_1_23' title='bbox 392 466 570 502; x_wconf 79' lang='lat' dir='ltr'><strong>presbytero,</strong></span> <span class='ocrx_word' id='word_1_24' title='bbox 585 477 670 504; x_wconf 85' lang='lat' dir='ltr'><strong>quem</strong></span> <span class='ocrx_word' id='word_1_25' title='bbox 685 471 844 500; x_wconf 85' lang='lat' dir='ltr'><strong>crudeliter</strong></span> <span class='ocrx_word' id='word_1_26' title='bbox 855 476 1025 506; x_wconf 78' lang='lat' dir='ltr'><strong>vexaverat,</strong></span> <span class='ocrx_word' id='word_1_27' title='bbox 1037 475 1073 501; x_wconf 90' lang='lat' dir='ltr'><strong>de</strong></span> 
     </span>
     <span class='ocr_line' id='line_1_5' title="bbox 73 509 1070 556; baseline 0.015 -20"><span class='ocrx_word' id='word_1_28' title='bbox 73 509 193 538; x_wconf 85' lang='lat' dir='ltr'><strong>damnis</strong></span> <span class='ocrx_word' id='word_1_29' title='bbox 206 513 235 538; x_wconf 86' lang='lat' dir='ltr'><strong>et</strong></span> <span class='ocrx_word' id='word_1_30' title='bbox 245 512 365 546; x_wconf 80' lang='lat' dir='ltr'><strong>injuriis</strong></span> <span class='ocrx_word' id='word_1_31' title='bbox 380 514 406 541; x_wconf 94' lang='lat' dir='ltr'><strong>ei</strong></span> <span class='ocrx_word' id='word_1_32' title='bbox 418 515 553 550; x_wconf 82' lang='lat' dir='ltr'><strong>irrogatis</strong></span> <span class='ocrx_word' id='word_1_33' title='bbox 567 518 740 547; x_wconf 71' lang='lat' dir='ltr'><strong>satisfaciat.</strong></span> <span class='ocrx_word' id='word_1_34' title='bbox 750 535 782 540; x_wconf 92' lang='lat'>—</span> <span class='ocrx_word' id='word_1_35' title='bbox 795 521 880 553; x_wconf 71' lang='lat' dir='ltr'><strong>(Rae.</strong></span> <span class='ocrx_word' id='word_1_36' title='bbox 893 522 936 555; x_wconf 85' lang='lat'><strong>18,</strong></span> <span class='ocrx_word' id='word_1_37' title='bbox 950 523 969 549; x_wconf 80' lang='lat' dir='ltr'><strong>t.</strong></span> <span class='ocrx_word' id='word_1_38' title='bbox 981 522 1016 550; x_wconf 82' lang='lat'><strong>87</strong></span> <span class='ocrx_word' id='word_1_39' title='bbox 1025 526 1070 556; x_wconf 88' lang='lat' dir='ltr'><strong>v·;</strong></span> 
     </span>
     <span class='ocr_line' id='line_1_6' title="bbox 73 558 756 600; baseline 0.018 -16"><span class='ocrx_word' id='word_1_40' title='bbox 73 558 212 592; x_wconf 86' lang='lat' dir='ltr'><strong>ann.1X,</strong></span> <span class='ocrx_word' id='word_1_41' title='bbox 228 568 253 587; x_wconf 88' lang='lat' dir='ltr'><strong>c.</strong></span> <span class='ocrx_word' id='word_1_42' title='bbox 267 560 336 594; x_wconf 69' lang='lat'>2983</span> <span class='ocrx_word' id='word_1_43' title='bbox 351 576 382 581; x_wconf 91' lang='lat'>—</span> <span class='ocrx_word' id='word_1_44' title='bbox 398 562 532 593; x_wconf 64' lang='lat' dir='ltr'><strong>Monimo</strong></span> <span class='ocrx_word' id='word_1_45' title='bbox 548 566 627 600; x_wconf 82' lang='lat'><strong>1190,</strong></span> <span class='ocrx_word' id='word_1_46' title='bbox 645 568 664 594; x_wconf 83' lang='lat' dir='ltr'><strong>t&#39;.</strong></span> <span class='ocrx_word' id='word_1_47' title='bbox 681 568 756 600; x_wconf 84' lang='lat'>176.)</span> 
     </span>
    </p>
   </div>
   <div class='ocr_carea' id='block_1_3' title="bbox 42 647 1071 2847">
    <p class='ocr_par' dir='ltr' id='par_1_3' title="bbox 42 647 1071 2847">
     <span class='ocr_line' id='line_1_7' title="bbox 113 647 1071 707; baseline 0.017 -22"><span class='ocrx_word' id='word_1_48' title='bbox 113 668 127 684; x_wconf 68' lang='grc' dir='ltr'><strong>α</strong></span> <span class='ocrx_word' id='word_1_49' title='bbox 145 680 166 686; x_wconf 92' lang='grc'><strong>..</strong></span> <span class='ocrx_word' id='word_1_50' title='bbox 187 647 420 700; x_wconf 63' lang='lat' dir='ltr'><strong>archiepiscopo,</strong></span> <span class='ocrx_word' id='word_1_51' title='bbox 443 685 463 691; x_wconf 83' lang='lat'><strong>..</strong></span> <span class='ocrx_word' id='word_1_52' title='bbox 480 664 591 695; x_wconf 83' lang='lat' dir='ltr'><strong>decano</strong></span> <span class='ocrx_word' id='word_1_53' title='bbox 608 666 714 697; x_wconf 80' lang='lat' dir='ltr'><strong><em>Sancti</em></strong></span> <span class='ocrx_word' id='word_1_54' title='bbox 728 668 943 707; x_wconf 77' lang='lat' dir='ltr'><strong>simphoriani</strong></span> <span class='ocrx_word' id='word_1_55' title='bbox 960 676 985 700; x_wconf 83' lang='lat' dir='ltr'><strong>et</strong></span> <span class='ocrx_word' id='word_1_56' title='bbox 1003 681 1071 700; x_wconf 87' lang='lat' dir='ltr'><strong>ma-</strong></span> 
     </span>
     <span class='ocr_line' id='line_1_8' title="bbox 70 710 1070 754; baseline 0.017 -17"><span class='ocrx_word' id='word_1_57' title='bbox 70 710 166 746; x_wconf 60' lang='lat' dir='ltr'><strong>gistro</strong></span> <span class='ocrx_word' id='word_1_58' title='bbox 187 711 218 740; x_wconf 91' lang='lat' dir='ltr'><strong>G.</strong></span> <span class='ocrx_word' id='word_1_59' title='bbox 241 711 274 740; x_wconf 86' lang='lat' dir='ltr'><strong>de</strong></span> <span class='ocrx_word' id='word_1_60' title='bbox 292 713 453 751; x_wconf 78' lang='lat' dir='ltr'><strong>Lauduno,</strong></span> <span class='ocrx_word' id='word_1_61' title='bbox 478 718 625 747; x_wconf 83' lang='lat' dir='ltr'><strong>canonico</strong></span> <span class='ocrx_word' id='word_1_62' title='bbox 644 720 845 751; x_wconf 70' lang='lat' dir='ltr'><strong>[lewensibus.</strong></span> <span class='ocrx_word' id='word_1_63' title='bbox 872 722 1012 753; x_wconf 80' lang='lat' dir='ltr'><strong>Michael</strong></span> <span class='ocrx_word' id='word_1_64' title='bbox 1031 723 1070 754; x_wconf 87' lang='lat' dir='ltr'><strong>de</strong></span> 
     </span>
     <span class='ocr_line' id='line_1_9' title="bbox 71 760 1070 811; baseline 0.016 -21"><span class='ocrx_word' id='word_1_65' title='bbox 71 760 238 793; x_wconf 86' lang='lat' dir='ltr'><strong>Cerisiaco</strong></span> <span class='ocrx_word' id='word_1_66' title='bbox 251 765 413 802; x_wconf 77' lang='lat' dir='ltr'><strong>presbiter</strong></span> <span class='ocrx_word' id='word_1_67' title='bbox 425 766 620 799; x_wconf 82' lang='lat' dir='ltr'><strong>lacrimabili</strong></span> <span class='ocrx_word' id='word_1_68' title='bbox 633 771 728 801; x_wconf 87' lang='lat' dir='ltr'><strong>nobis</strong></span> <span class='ocrx_word' id='word_1_69' title='bbox 741 773 899 811; x_wconf 87' lang='lat' dir='ltr'><strong>petitione</strong></span> <span class='ocrx_word' id='word_1_70' title='bbox 911 779 1070 806; x_wconf 87' lang='lat' dir='ltr'><strong>monstra-</strong></span> 
     </span>
     <span class='ocr_line' id='line_1_10' title="bbox 70 813 1067 863; baseline 0.016 -21"><span class='ocrx_word' id='word_1_71' title='bbox 70 813 118 843; x_wconf 85' lang='lat' dir='ltr'><strong>vit</strong></span> <span class='ocrx_word' id='word_1_72' title='bbox 133 814 230 852; x_wconf 87' lang='lat' dir='ltr'><strong>quod,</strong></span> <span class='ocrx_word' id='word_1_73' title='bbox 243 824 317 846; x_wconf 92' lang='lat' dir='ltr'><strong>cum</strong></span> <span class='ocrx_word' id='word_1_74' title='bbox 333 817 402 856; x_wconf 90' lang='lat' dir='ltr'><strong>ipse</strong></span> <span class='ocrx_word' id='word_1_75' title='bbox 415 819 455 848; x_wconf 87' lang='lat' dir='ltr'><strong>ad</strong></span> <span class='ocrx_word' id='word_1_76' title='bbox 468 821 721 853; x_wconf 80' lang='lat' dir='ltr'><strong>Noviomensem</strong></span> <span class='ocrx_word' id='word_1_77' title='bbox 736 825 898 863; x_wconf 77' lang='lat' dir='ltr'>synodum</span> <span class='ocrx_word' id='word_1_78' title='bbox 913 828 1067 858; x_wconf 88' lang='lat' dir='ltr'><strong>accessis-</strong></span> 
     </span>
     <span class='ocr_line' id='line_1_11' title="bbox 71 868 1064 916; baseline 0.016 -22"><span class='ocrx_word' id='word_1_79' title='bbox 71 869 131 901; x_wconf 87' lang='lat' dir='ltr'><strong>set,</strong></span> <span class='ocrx_word' id='word_1_80' title='bbox 146 868 346 900; x_wconf 87' lang='lat' dir='ltr'><strong>venerabilis</strong></span> <span class='ocrx_word' id='word_1_81' title='bbox 359 870 461 901; x_wconf 84' lang='lat' dir='ltr'><strong>frater</strong></span> <span class='ocrx_word' id='word_1_82' title='bbox 475 877 587 903; x_wconf 90' lang='lat' dir='ltr'><strong>noster</strong></span> <span class='ocrx_word' id='word_1_83' title='bbox 602 897 621 903; x_wconf 89' lang='lat'><strong>..</strong></span> <span class='ocrx_word' id='word_1_84' title='bbox 637 876 809 915; x_wconf 89' lang='lat' dir='ltr'><strong>episcopus</strong></span> <span class='ocrx_word' id='word_1_85' title='bbox 820 878 1064 916; x_wconf 86' lang='lat' dir='ltr'><strong>Noviomensis,</strong></span> 
     </span>
     <span class='ocr_line' id='line_1_12' title="bbox 69 920 1066 968; baseline 0.015 -21"><span class='ocrx_word' id='word_1_86' title='bbox 69 921 188 954; x_wconf 86' lang='lat' dir='ltr'><strong>tactus,</strong></span> <span class='ocrx_word' id='word_1_87' title='bbox 204 920 290 950; x_wconf 90' lang='lat' dir='ltr'><strong>sicut</strong></span> <span class='ocrx_word' id='word_1_88' title='bbox 305 922 461 958; x_wconf 86' lang='lat' dir='ltr'><strong>creditur,</strong></span> <span class='ocrx_word' id='word_1_89' title='bbox 479 933 614 957; x_wconf 88' lang='lat' dir='ltr'><strong>rancore</strong></span> <span class='ocrx_word' id='word_1_90' title='bbox 631 936 728 966; x_wconf 85' lang='lat' dir='ltr'><strong>quem</strong></span> <span class='ocrx_word' id='word_1_91' title='bbox 745 935 937 968; x_wconf 82' lang='lat' dir='ltr'>conceperat</span> <span class='ocrx_word' id='word_1_92' title='bbox 953 936 1066 962; x_wconf 85' lang='lat' dir='ltr'><strong>contra</strong></span> 
     </span>
     <span class='ocr_line' id='line_1_13' title="bbox 69 969 1065 1023; baseline 0.016 -25"><span class='ocrx_word' id='word_1_93' title='bbox 69 969 189 1008; x_wconf 69' lang='lat' dir='ltr'><strong>ipsum,</strong></span> <span class='ocrx_word' id='word_1_94' title='bbox 200 980 256 1009; x_wconf 89' lang='lat' dir='ltr'><strong>pro</strong></span> <span class='ocrx_word' id='word_1_95' title='bbox 271 981 308 1003; x_wconf 91' lang='lat' dir='ltr'><strong>eo</strong></span> <span class='ocrx_word' id='word_1_96' title='bbox 319 975 405 1012; x_wconf 84' lang='lat' dir='ltr'><strong>quod</strong></span> <span class='ocrx_word' id='word_1_97' title='bbox 418 976 516 1006; x_wconf 82' lang='lat' dir='ltr'><strong>verba</strong></span> <span class='ocrx_word' id='word_1_98' title='bbox 527 979 709 1009; x_wconf 77' lang='lat' dir='ltr'><strong>convitiosa</strong></span> <span class='ocrx_word' id='word_1_99' title='bbox 722 989 794 1010; x_wconf 88' lang='lat' dir='ltr'><strong>cum</strong></span> <span class='ocrx_word' id='word_1_100' title='bbox 808 983 982 1020; x_wconf 72' lang='lat' dir='ltr'><strong>nepotibus</strong></span> <span class='ocrx_word' id='word_1_101' title='bbox 994 984 1065 1023; x_wconf 90' lang='lat' dir='ltr'><strong>ejus</strong></span> 
     </span>
     <span class='ocr_line' id='line_1_14' title="bbox 68 1020 1065 1074; baseline 0.016 -23"><span class='ocrx_word' id='word_1_102' title='bbox 68 1020 229 1053; x_wconf 81' lang='lat' dir='ltr'>habuerat</span> <span class='ocrx_word' id='word_1_103' title='bbox 245 1030 450 1063; x_wconf 85' lang='lat' dir='ltr'><strong>provocatus,</strong></span> <span class='ocrx_word' id='word_1_104' title='bbox 465 1038 522 1066; x_wconf 89' lang='lat' dir='ltr'><strong>per</strong></span> <span class='ocrx_word' id='word_1_105' title='bbox 534 1030 716 1062; x_wconf 84' lang='lat' dir='ltr'><strong>servientes</strong></span> <span class='ocrx_word' id='word_1_106' title='bbox 730 1041 806 1063; x_wconf 90' lang='lat' dir='ltr'><strong>suos</strong></span> <span class='ocrx_word' id='word_1_107' title='bbox 818 1043 892 1064; x_wconf 89' lang='lat' dir='ltr'><strong>eum</strong></span> <span class='ocrx_word' id='word_1_108' title='bbox 904 1036 975 1074; x_wconf 83' lang='lat' dir='ltr'><strong>capi</strong></span> <span class='ocrx_word' id='word_1_109' title='bbox 987 1036 1065 1066; x_wconf 82' lang='lat' dir='ltr'><strong>fecit</strong></span> 
     </span>
     <span class='ocr_line' id='line_1_15' title="bbox 68 1077 1066 1127; baseline 0.016 -24"><span class='ocrx_word' id='word_1_110' title='bbox 68 1077 101 1104; x_wconf 87' lang='lat' dir='ltr'><strong>et</strong></span> <span class='ocrx_word' id='word_1_111' title='bbox 115 1077 238 1106; x_wconf 87' lang='lat' dir='ltr'><strong>carceri</strong></span> <span class='ocrx_word' id='word_1_112' title='bbox 256 1079 456 1118; x_wconf 87' lang='lat' dir='ltr'><strong>mancipari;</strong></span> <span class='ocrx_word' id='word_1_113' title='bbox 474 1082 526 1111; x_wconf 87' lang='lat' dir='ltr'><strong>cui</strong></span> <span class='ocrx_word' id='word_1_114' title='bbox 545 1082 629 1113; x_wconf 80' lang='lat' dir='ltr'><strong>salso</strong></span> <span class='ocrx_word' id='word_1_115' title='bbox 646 1085 776 1115; x_wconf 89' lang='lat' dir='ltr'><strong>tandem</strong></span> <span class='ocrx_word' id='word_1_116' title='bbox 790 1086 963 1125; x_wconf 87' lang='lat' dir='ltr'><strong>imponens</strong></span> <span class='ocrx_word' id='word_1_117' title='bbox 979 1087 1066 1127; x_wconf 86' lang='lat' dir='ltr'><strong>quod</strong></span> 
     </span>
     <span class='ocr_line' id='line_1_16' title="bbox 66 1125 1065 1171; baseline 0.015 -16"><span class='ocrx_word' id='word_1_118' title='bbox 66 1125 149 1165; x_wconf 88' lang='lat' dir='ltr'><strong>ipse,</strong></span> <span class='ocrx_word' id='word_1_119' title='bbox 176 1128 262 1158; x_wconf 88' lang='lat' dir='ltr'><strong>sicut</strong></span> <span class='ocrx_word' id='word_1_120' title='bbox 289 1130 354 1160; x_wconf 80' lang='lat' dir='ltr'><strong>sihi</strong></span> <span class='ocrx_word' id='word_1_121' title='bbox 381 1131 489 1163; x_wconf 84' lang='lat' dir='ltr'><strong>suerat</strong></span> <span class='ocrx_word' id='word_1_122' title='bbox 516 1134 716 1171; x_wconf 65' lang='lat' dir='ltr'><strong>intimatum,</strong></span> <span class='ocrx_word' id='word_1_123' title='bbox 746 1146 819 1167; x_wconf 91' lang='lat' dir='ltr'><strong>cum</strong></span> <span class='ocrx_word' id='word_1_124' title='bbox 847 1138 1003 1170; x_wconf 83' lang='lat' dir='ltr'><strong>hereticis</strong></span> <span class='ocrx_word' id='word_1_125' title='bbox 1033 1145 1065 1170; x_wconf 89' lang='lat' dir='ltr'><strong>et</strong></span> 
     </span>
     <span class='ocr_line' id='line_1_17' title="bbox 67 1179 1063 1227; baseline 0.016 -20"><span class='ocrx_word' id='word_1_126' title='bbox 67 1179 264 1218; x_wconf 87' lang='lat' dir='ltr'><strong>quibusdam</strong></span> <span class='ocrx_word' id='word_1_127' title='bbox 290 1183 374 1213; x_wconf 88' lang='lat' dir='ltr'><strong>male</strong></span> <span class='ocrx_word' id='word_1_128' title='bbox 399 1185 611 1217; x_wconf 81' lang='lat' dir='ltr'><strong>credentibus</strong></span> <span class='ocrx_word' id='word_1_129' title='bbox 635 1188 668 1217; x_wconf 92' lang='lat' dir='ltr'><strong>in</strong></span> <span class='ocrx_word' id='word_1_130' title='bbox 695 1190 834 1227; x_wconf 82' lang='lat' dir='ltr'><strong>quodam</strong></span> <span class='ocrx_word' id='word_1_131' title='bbox 860 1191 929 1222; x_wconf 87' lang='lat' dir='ltr'><strong>loco</strong></span> <span class='ocrx_word' id='word_1_132' title='bbox 951 1193 1063 1223; x_wconf 82' lang='lat' dir='ltr'><strong>stetis-</strong></span> 
     </span>
     <span class='ocr_line' id='line_1_18' title="bbox 66 1233 1060 1280; baseline 0.016 -21"><span class='ocrx_word' id='word_1_133' title='bbox 66 1234 131 1266; x_wconf 85' lang='lat' dir='ltr'><strong>set,</strong></span> <span class='ocrx_word' id='word_1_134' title='bbox 149 1240 186 1261; x_wconf 88' lang='lat' dir='ltr'><strong>ac</strong></span> <span class='ocrx_word' id='word_1_135' title='bbox 209 1233 348 1271; x_wconf 88' lang='lat' dir='ltr'><strong>quedam</strong></span> <span class='ocrx_word' id='word_1_136' title='bbox 373 1241 505 1267; x_wconf 87' lang='lat' dir='ltr'><strong>assueta</strong></span> <span class='ocrx_word' id='word_1_137' title='bbox 528 1238 649 1269; x_wconf 85' lang='lat' dir='ltr'><strong>talibus</strong></span> <span class='ocrx_word' id='word_1_138' title='bbox 669 1241 802 1272; x_wconf 77' lang='lat' dir='ltr'><strong>fecisset</strong></span> <span class='ocrx_word' id='word_1_139' title='bbox 820 1242 954 1278; x_wconf 83' lang='lat' dir='ltr'><strong>ibidem,</strong></span> <span class='ocrx_word' id='word_1_140' title='bbox 974 1253 1060 1280; x_wconf 84' lang='lat' dir='ltr'><strong>eum,</strong></span> 
     </span>
     <span class='ocr_line' id='line_1_19' title="bbox 66 1287 1062 1332; baseline 0.015 -20"><span class='ocrx_word' id='word_1_141' title='bbox 66 1287 220 1323; x_wconf 85' lang='lat' dir='ltr'><strong>tanquam</strong></span> <span class='ocrx_word' id='word_1_142' title='bbox 239 1294 313 1316; x_wconf 84' lang='lat' dir='ltr'><strong>vere</strong></span> <span class='ocrx_word' id='word_1_143' title='bbox 330 1287 527 1318; x_wconf 84' lang='lat' dir='ltr'><strong>catholicum</strong></span> <span class='ocrx_word' id='word_1_144' title='bbox 542 1290 632 1328; x_wconf 86' lang='lat' dir='ltr'><strong>[sibi]</strong></span> <span class='ocrx_word' id='word_1_145' title='bbox 646 1291 798 1330; x_wconf 88' lang='lat' dir='ltr'><strong>imposita</strong></span> <span class='ocrx_word' id='word_1_146' title='bbox 814 1295 946 1332; x_wconf 89' lang='lat' dir='ltr'><strong>penitus</strong></span> <span class='ocrx_word' id='word_1_147' title='bbox 962 1296 1062 1327; x_wconf 86' lang='lat' dir='ltr'><strong>dene-</strong></span> 
     </span>
     <span class='ocr_line' id='line_1_20' title="bbox 68 1338 1062 1386; baseline 0.014 -22"><span class='ocrx_word' id='word_1_148' title='bbox 68 1340 210 1373; x_wconf 74' lang='lat' dir='ltr'><strong>gantem,</strong></span> <span class='ocrx_word' id='word_1_149' title='bbox 225 1338 419 1376; x_wconf 89' lang='lat' dir='ltr'><strong>quinimmo</strong></span> <span class='ocrx_word' id='word_1_150' title='bbox 433 1350 466 1371; x_wconf 90' lang='lat' dir='ltr'><strong>se</strong></span> <span class='ocrx_word' id='word_1_151' title='bbox 484 1341 516 1370; x_wconf 96' lang='lat' dir='ltr'><strong>in</strong></span> <span class='ocrx_word' id='word_1_152' title='bbox 535 1343 663 1374; x_wconf 87' lang='lat' dir='ltr'><strong>Patrem</strong></span> <span class='ocrx_word' id='word_1_153' title='bbox 679 1349 707 1374; x_wconf 87' lang='lat' dir='ltr'><strong>et</strong></span> <span class='ocrx_word' id='word_1_154' title='bbox 722 1345 842 1375; x_wconf 88' lang='lat' dir='ltr'><strong>Filium</strong></span> <span class='ocrx_word' id='word_1_155' title='bbox 859 1351 889 1377; x_wconf 88' lang='lat' dir='ltr'><strong>et</strong></span> <span class='ocrx_word' id='word_1_156' title='bbox 903 1348 1062 1386; x_wconf 88' lang='lat' dir='ltr'><strong>Spiritum</strong></span> 
     </span>
     <span class='ocr_line' id='line_1_21' title="bbox 64 1387 1062 1440; baseline 0.014 -23"><span class='ocrx_word' id='word_1_157' title='bbox 64 1387 220 1418; x_wconf 81' lang='lat' dir='ltr'><strong>Sanctum</strong></span> <span class='ocrx_word' id='word_1_158' title='bbox 235 1391 368 1421; x_wconf 86' lang='lat' dir='ltr'><strong>credere</strong></span> <span class='ocrx_word' id='word_1_159' title='bbox 384 1392 522 1424; x_wconf 80' lang='lat' dir='ltr'><strong>firmiter</strong></span> <span class='ocrx_word' id='word_1_160' title='bbox 535 1395 663 1433; x_wconf 84' lang='lat' dir='ltr'><strong>publice</strong></span> <span class='ocrx_word' id='word_1_161' title='bbox 681 1404 894 1435; x_wconf 71' lang='lat' dir='ltr'><strong>asserentem,</strong></span> <span class='ocrx_word' id='word_1_162' title='bbox 910 1409 946 1430; x_wconf 86' lang='lat' dir='ltr'><strong>ac</strong></span> <span class='ocrx_word' id='word_1_163' title='bbox 963 1410 1062 1440; x_wconf 88' lang='lat' dir='ltr'><strong>super</strong></span> 
     </span>
     <span class='ocr_line' id='line_1_22' title="bbox 62 1438 1060 1490; baseline 0.016 -22"><span class='ocrx_word' id='word_1_164' title='bbox 62 1438 130 1470; x_wconf 90' lang='lat' dir='ltr'><strong>hiis</strong></span> <span class='ocrx_word' id='word_1_165' title='bbox 145 1449 253 1471; x_wconf 87' lang='lat' dir='ltr'><strong>coram</strong></span> <span class='ocrx_word' id='word_1_166' title='bbox 267 1451 304 1473; x_wconf 91' lang='lat' dir='ltr'><strong>eo</strong></span> <span class='ocrx_word' id='word_1_167' title='bbox 316 1443 366 1474; x_wconf 91' lang='lat' dir='ltr'><strong>vel</strong></span> <span class='ocrx_word' id='word_1_168' title='bbox 379 1453 487 1475; x_wconf 89' lang='lat' dir='ltr'><strong>coram</strong></span> <span class='ocrx_word' id='word_1_169' title='bbox 505 1451 545 1481; x_wconf 89' lang='lat' dir='ltr'><strong>te,</strong></span> <span class='ocrx_word' id='word_1_170' title='bbox 560 1447 661 1478; x_wconf 84' lang='lat' dir='ltr'><strong>frater</strong></span> <span class='ocrx_word' id='word_1_171' title='bbox 672 1449 926 1490; x_wconf 87' lang='lat' dir='ltr'><strong>archiepiscope,</strong></span> <span class='ocrx_word' id='word_1_172' title='bbox 942 1454 1060 1483; x_wconf 83' lang='lat' dir='ltr'><strong>exami-</strong></span> 
     </span>
     <span class='ocr_line' id='line_1_23' title="bbox 63 1491 1059 1537; baseline 0.016 -17"><span class='ocrx_word' id='word_1_173' title='bbox 63 1491 190 1522; x_wconf 89' lang='lat' dir='ltr'><strong>nationi</strong></span> <span class='ocrx_word' id='word_1_174' title='bbox 212 1493 438 1533; x_wconf 83' lang='lat' dir='ltr'><strong>sollempniter</strong></span> <span class='ocrx_word' id='word_1_175' title='bbox 457 1502 544 1528; x_wconf 89' lang='lat' dir='ltr'><strong>stare</strong></span> <span class='ocrx_word' id='word_1_176' title='bbox 567 1505 733 1537; x_wconf 88' lang='lat' dir='ltr'><strong>paratum,</strong></span> <span class='ocrx_word' id='word_1_177' title='bbox 761 1511 821 1533; x_wconf 90' lang='lat' dir='ltr'><strong>nec</strong></span> <span class='ocrx_word' id='word_1_178' title='bbox 841 1512 904 1534; x_wconf 93' lang='lat' dir='ltr'><strong>non</strong></span> <span class='ocrx_word' id='word_1_179' title='bbox 926 1504 1008 1535; x_wconf 85' lang='lat' dir='ltr'><strong>alias</strong></span> <span class='ocrx_word' id='word_1_180' title='bbox 1024 1506 1059 1536; x_wconf 92' lang='lat' dir='ltr'><strong>in</strong></span> 
     </span>
     <span class='ocr_line' id='line_1_24' title="bbox 61 1541 1059 1591; baseline 0.016 -20"><span class='ocrx_word' id='word_1_181' title='bbox 61 1541 156 1574; x_wconf 89' lang='lat' dir='ltr'><strong>honis</strong></span> <span class='ocrx_word' id='word_1_182' title='bbox 188 1544 258 1575; x_wconf 90' lang='lat' dir='ltr'><strong>suis</strong></span> <span class='ocrx_word' id='word_1_183' title='bbox 287 1547 473 1578; x_wconf 86' lang='lat' dir='ltr'><strong>cautionem</strong></span> <span class='ocrx_word' id='word_1_184' title='bbox 500 1555 646 1588; x_wconf 85' lang='lat' dir='ltr'><strong>prestare</strong></span> <span class='ocrx_word' id='word_1_185' title='bbox 678 1553 859 1591; x_wconf 85' lang='lat' dir='ltr'><strong>volentem,</strong></span> <span class='ocrx_word' id='word_1_186' title='bbox 892 1557 1059 1588; x_wconf 87' lang='lat' dir='ltr'><strong>mandavit</strong></span> 
     </span>
     <span class='ocr_line' id='line_1_25' title="bbox 58 1595 1056 1647; baseline 0.017 -23"><span class='ocrx_word' id='word_1_187' title='bbox 58 1595 177 1627; x_wconf 80' lang='lat' dir='ltr'><strong>ferreis</strong></span> <span class='ocrx_word' id='word_1_188' title='bbox 201 1602 343 1628; x_wconf 86' lang='lat' dir='ltr'><strong>artatum</strong></span> <span class='ocrx_word' id='word_1_189' title='bbox 365 1600 508 1632; x_wconf 83' lang='lat' dir='ltr'><strong>vinculis</strong></span> <span class='ocrx_word' id='word_1_190' title='bbox 530 1603 690 1640; x_wconf 87' lang='lat' dir='ltr'><strong>detineri;</strong></span> <span class='ocrx_word' id='word_1_191' title='bbox 716 1615 814 1645; x_wconf 88' lang='lat' dir='ltr'><strong>quem</strong></span> <span class='ocrx_word' id='word_1_192' title='bbox 838 1610 1056 1647; x_wconf 89' lang='lat' dir='ltr'><strong>postmodum,</strong></span> 
     </span>
     <span class='ocr_line' id='line_1_26' title="bbox 58 1649 1058 1702; baseline 0.017 -25"><span class='ocrx_word' id='word_1_193' title='bbox 58 1656 157 1687; x_wconf 89' lang='lat' dir='ltr'><strong>super</strong></span> <span class='ocrx_word' id='word_1_194' title='bbox 170 1649 335 1689; x_wconf 82' lang='lat' dir='ltr'><strong>impositis</strong></span> <span class='ocrx_word' id='word_1_195' title='bbox 351 1654 490 1685; x_wconf 86' lang='lat' dir='ltr'><strong>maculis</strong></span> <span class='ocrx_word' id='word_1_196' title='bbox 506 1656 591 1694; x_wconf 88' lang='lat' dir='ltr'><strong>apud</strong></span> <span class='ocrx_word' id='word_1_197' title='bbox 606 1657 708 1688; x_wconf 88' lang='lat' dir='ltr'><strong>bonos</strong></span> <span class='ocrx_word' id='word_1_198' title='bbox 725 1663 756 1689; x_wconf 91' lang='lat' dir='ltr'><strong>et</strong></span> <span class='ocrx_word' id='word_1_199' title='bbox 771 1669 886 1698; x_wconf 81' lang='lat' dir='ltr'><strong>graves</strong></span> <span class='ocrx_word' id='word_1_200' title='bbox 905 1663 1058 1702; x_wconf 86' lang='lat' dir='ltr'><strong>nequiter</strong></span> 
     </span>
     <span class='ocr_line' id='line_1_27' title="bbox 56 1699 1056 1747; baseline 0.017 -18"><span class='ocrx_word' id='word_1_201' title='bbox 56 1699 272 1738; x_wconf 82' lang='lat' dir='ltr'><strong>diffamatum,</strong></span> <span class='ocrx_word' id='word_1_202' title='bbox 287 1703 344 1735; x_wconf 92' lang='lat' dir='ltr'><strong>diu</strong></span> <span class='ocrx_word' id='word_1_203' title='bbox 355 1706 519 1744; x_wconf 88' lang='lat' dir='ltr'><strong>captivum</strong></span> <span class='ocrx_word' id='word_1_204' title='bbox 535 1708 687 1741; x_wconf 86' lang='lat' dir='ltr'><strong>detinuit.</strong></span> <span class='ocrx_word' id='word_1_205' title='bbox 706 1715 747 1747; x_wconf 86' lang='lat' dir='ltr'><strong>et,</strong></span> <span class='ocrx_word' id='word_1_206' title='bbox 766 1712 909 1744; x_wconf 87' lang='lat' dir='ltr'><strong>inhibito</strong></span> <span class='ocrx_word' id='word_1_207' title='bbox 925 1723 965 1745; x_wconf 90' lang='lat' dir='ltr'><strong>ne</strong></span> <span class='ocrx_word' id='word_1_208' title='bbox 982 1725 1056 1746; x_wconf 91' lang='lat' dir='ltr'><strong>cum</strong></span> 
     </span>
     <span class='ocr_line' id='line_1_28' title="bbox 55 1751 1054 1804; baseline 0.017 -23"><span class='ocrx_word' id='word_1_209' title='bbox 55 1751 128 1790; x_wconf 87' lang='lat' dir='ltr'><strong>ipso</strong></span> <span class='ocrx_word' id='word_1_210' title='bbox 160 1754 340 1785; x_wconf 85' lang='lat' dir='ltr'><strong>amicorum</strong></span> <span class='ocrx_word' id='word_1_211' title='bbox 368 1766 502 1788; x_wconf 89' lang='lat' dir='ltr'><strong>suorum</strong></span> <span class='ocrx_word' id='word_1_212' title='bbox 534 1760 656 1800; x_wconf 89' lang='lat' dir='ltr'><strong>aliquis</strong></span> <span class='ocrx_word' id='word_1_213' title='bbox 681 1762 881 1802; x_wconf 83' lang='lat' dir='ltr'><strong>loqueretur,</strong></span> <span class='ocrx_word' id='word_1_214' title='bbox 911 1767 1054 1804; x_wconf 88' lang='lat' dir='ltr'><strong>demum,</strong></span> 
     </span>
     <span class='ocr_line' id='line_1_29' title="bbox 56 1805 1056 1852; baseline 0.017 -19"><span class='ocrx_word' id='word_1_215' title='bbox 56 1805 152 1843; x_wconf 90' lang='lat' dir='ltr'><strong>quasi</strong></span> <span class='ocrx_word' id='word_1_216' title='bbox 167 1811 336 1844; x_wconf 88' lang='lat' dir='ltr'><strong>peccatum</strong></span> <span class='ocrx_word' id='word_1_217' title='bbox 352 1810 514 1841; x_wconf 83' lang='lat' dir='ltr'><strong>extimans</strong></span> <span class='ocrx_word' id='word_1_218' title='bbox 529 1812 654 1852; x_wconf 90' lang='lat' dir='ltr'><strong>aliquid</strong></span> <span class='ocrx_word' id='word_1_219' title='bbox 673 1815 760 1845; x_wconf 91' lang='lat' dir='ltr'><strong>circa</strong></span> <span class='ocrx_word' id='word_1_220' title='bbox 775 1825 849 1846; x_wconf 88' lang='lat' dir='ltr'><strong>eum</strong></span> <span class='ocrx_word' id='word_1_221' title='bbox 866 1817 1056 1850; x_wconf 82' lang='lat' dir='ltr'><strong>humaniter</strong></span> 
     </span>
     <span class='ocr_line' id='line_1_30' title="bbox 55 1859 1054 1902; baseline 0.017 -17"><span class='ocrx_word' id='word_1_222' title='bbox 55 1864 224 1889; x_wconf 86' lang='lat' dir='ltr'><strong>assumere</strong></span> <span class='ocrx_word' id='word_1_223' title='bbox 241 1859 291 1890; x_wconf 83' lang='lat' dir='ltr'><strong>vel</strong></span> <span class='ocrx_word' id='word_1_224' title='bbox 307 1863 462 1901; x_wconf 86' lang='lat' dir='ltr'><strong>prosequi</strong></span> <span class='ocrx_word' id='word_1_225' title='bbox 480 1864 630 1900; x_wconf 88' lang='lat' dir='ltr'><strong>rationis,</strong></span> <span class='ocrx_word' id='word_1_226' title='bbox 648 1866 734 1897; x_wconf 84' lang='lat' dir='ltr'><strong>inter</strong></span> <span class='ocrx_word' id='word_1_227' title='bbox 749 1877 860 1899; x_wconf 92' lang='lat' dir='ltr'><strong>muros</strong></span> <span class='ocrx_word' id='word_1_228' title='bbox 878 1871 979 1901; x_wconf 89' lang='lat' dir='ltr'><strong>turris</strong></span> <span class='ocrx_word' id='word_1_229' title='bbox 995 1881 1054 1902; x_wconf 88' lang='lat' dir='ltr'><strong>sue</strong></span> 
     </span>
     <span class='ocr_line' id='line_1_31' title="bbox 55 1908 1054 1961; baseline 0.017 -24"><span class='ocrx_word' id='word_1_230' title='bbox 55 1908 163 1939; x_wconf 88' lang='lat' dir='ltr'><strong>claudi</strong></span> <span class='ocrx_word' id='word_1_231' title='bbox 185 1910 263 1941; x_wconf 80' lang='lat' dir='ltr'><strong>fecit</strong></span> <span class='ocrx_word' id='word_1_232' title='bbox 282 1913 440 1950; x_wconf 83' lang='lat' dir='ltr'><strong>eundem;</strong></span> <span class='ocrx_word' id='word_1_233' title='bbox 463 1924 574 1954; x_wconf 87' lang='lat' dir='ltr'><strong>quem,</strong></span> <span class='ocrx_word' id='word_1_234' title='bbox 593 1917 753 1949; x_wconf 86' lang='lat' dir='ltr'><strong>instantia</strong></span> <span class='ocrx_word' id='word_1_235' title='bbox 770 1922 923 1959; x_wconf 71' lang='lat' dir='ltr'><strong>pervigili</strong></span> <span class='ocrx_word' id='word_1_236' title='bbox 940 1929 1054 1961; x_wconf 89' lang='lat' dir='ltr'><strong>postu-</strong></span> 
     </span>
     <span class='ocr_line' id='line_1_32' title="bbox 54 1959 1053 2007; baseline 0.017 -18"><span class='ocrx_word' id='word_1_237' title='bbox 54 1959 177 1991; x_wconf 89' lang='lat' dir='ltr'><strong>lantem</strong></span> <span class='ocrx_word' id='word_1_238' title='bbox 201 1963 288 2001; x_wconf 88' lang='lat' dir='ltr'><strong>quod</strong></span> <span class='ocrx_word' id='word_1_239' title='bbox 311 1964 410 2003; x_wconf 77' lang='lat' dir='ltr'><strong>digna</strong></span> <span class='ocrx_word' id='word_1_240' title='bbox 435 1966 473 1997; x_wconf 91' lang='lat' dir='ltr'><strong>de</strong></span> <span class='ocrx_word' id='word_1_241' title='bbox 500 1968 570 2006; x_wconf 91' lang='lat' dir='ltr'><strong>ipso</strong></span> <span class='ocrx_word' id='word_1_242' title='bbox 598 1971 797 2002; x_wconf 84' lang='lat' dir='ltr'><strong>examinatio</strong></span> <span class='ocrx_word' id='word_1_243' title='bbox 822 1974 928 2007; x_wconf 84' lang='lat' dir='ltr'><strong>fieret.</strong></span> <span class='ocrx_word' id='word_1_244' title='bbox 957 1979 988 2005; x_wconf 86' lang='lat' dir='ltr'><strong>ct</strong></span> <span class='ocrx_word' id='word_1_245' title='bbox 1012 1976 1053 2006; x_wconf 90' lang='lat' dir='ltr'><strong>ad</strong></span> 
     </span>
     <span class='ocr_line' id='line_1_33' title="bbox 54 2014 1050 2061; baseline 0.017 -20"><span class='ocrx_word' id='word_1_246' title='bbox 54 2016 161 2049; x_wconf 91' lang='lat' dir='ltr'><strong>tuum,</strong></span> <span class='ocrx_word' id='word_1_247' title='bbox 187 2014 290 2045; x_wconf 83' lang='lat' dir='ltr'><strong>frater</strong></span> <span class='ocrx_word' id='word_1_248' title='bbox 316 2017 571 2058; x_wconf 85' lang='lat' dir='ltr'><strong>archiepiscope,</strong></span> <span class='ocrx_word' id='word_1_249' title='bbox 598 2021 772 2053; x_wconf 81' lang='lat' dir='ltr'><strong>(luceretur</strong></span> <span class='ocrx_word' id='word_1_250' title='bbox 794 2034 940 2061; x_wconf 76' lang='lat' dir='ltr'><strong>examen,</strong></span> <span class='ocrx_word' id='word_1_251' title='bbox 964 2027 1050 2058; x_wconf 88' lang='lat' dir='ltr'><strong>idem</strong></span> 
     </span>
     <span class='ocr_line' id='line_1_34' title="bbox 54 2064 1050 2112; baseline 0.017 -19"><span class='ocrx_word' id='word_1_252' title='bbox 54 2064 291 2098; x_wconf 87' lang='lat' dir='ltr'><strong>nichilominus</strong></span> <span class='ocrx_word' id='word_1_253' title='bbox 316 2071 416 2099; x_wconf 89' lang='lat' dir='ltr'><strong>eum¹</strong></span> <span class='ocrx_word' id='word_1_254' title='bbox 440 2080 458 2100; x_wconf 87' lang='lat' dir='ltr'><strong>a</strong></span> <span class='ocrx_word' id='word_1_255' title='bbox 481 2080 611 2103; x_wconf 86' lang='lat' dir='ltr'><strong>carcere</strong></span> <span class='ocrx_word' id='word_1_256' title='bbox 636 2083 701 2104; x_wconf 90' lang='lat' dir='ltr'><strong>non</strong></span> <span class='ocrx_word' id='word_1_257' title='bbox 727 2077 853 2112; x_wconf 84' lang='lat' dir='ltr'><strong>emisit,</strong></span> <span class='ocrx_word' id='word_1_258' title='bbox 884 2078 985 2109; x_wconf 87' lang='lat' dir='ltr'><strong>donec</strong></span> <span class='ocrx_word' id='word_1_259' title='bbox 1011 2081 1050 2110; x_wconf 88' lang='lat' dir='ltr'><strong>ab</strong></span> 
     </span>
     <span class='ocr_line' id='line_1_35' title="bbox 52 2117 1051 2165; baseline 0.017 -20"><span class='ocrx_word' id='word_1_260' title='bbox 52 2117 169 2148; x_wconf 80' lang='lat' dir='ltr'><strong>amicis</strong></span> <span class='ocrx_word' id='word_1_261' title='bbox 185 2119 345 2158; x_wconf 85' lang='lat' dir='ltr'><strong>ejusdem,</strong></span> <span class='ocrx_word' id='word_1_262' title='bbox 367 2123 453 2160; x_wconf 88' lang='lat' dir='ltr'><strong>quod</strong></span> <span class='ocrx_word' id='word_1_263' title='bbox 470 2123 578 2162; x_wconf 90' lang='lat' dir='ltr'><strong>ipsum</strong></span> <span class='ocrx_word' id='word_1_264' title='bbox 593 2135 651 2163; x_wconf 89' lang='lat' dir='ltr'><strong>pro</strong></span> <span class='ocrx_word' id='word_1_265' title='bbox 669 2128 824 2165; x_wconf 82' lang='lat' dir='ltr'><strong>predictis</strong></span> <span class='ocrx_word' id='word_1_266' title='bbox 841 2139 905 2159; x_wconf 91' lang='lat' dir='ltr'><strong>non</strong></span> <span class='ocrx_word' id='word_1_267' title='bbox 920 2137 1051 2162; x_wconf 78' lang='lat' dir='ltr'><strong>vexaret</strong></span> 
     </span>
     <span class='ocr_line' id='line_1_36' title="bbox 51 2168 1050 2219; baseline 0.017 -21"><span class='ocrx_word' id='word_1_268' title='bbox 51 2168 210 2206; x_wconf 91' lang='lat' dir='ltr'><strong>ulterius,</strong></span> <span class='ocrx_word' id='word_1_269' title='bbox 236 2174 370 2203; x_wconf 78' lang='lat' dir='ltr'><strong>extorsit</strong></span> <span class='ocrx_word' id='word_1_270' title='bbox 397 2175 457 2205; x_wconf 88' lang='lat' dir='ltr'><strong>sub</strong></span> <span class='ocrx_word' id='word_1_271' title='bbox 481 2181 569 2206; x_wconf 88' lang='lat' dir='ltr'><strong>certa</strong></span> <span class='ocrx_word' id='word_1_272' title='bbox 595 2187 678 2216; x_wconf 88' lang='lat' dir='ltr'><strong>pena</strong></span> <span class='ocrx_word' id='word_1_273' title='bbox 706 2180 946 2219; x_wconf 84' lang='lat' dir='ltr'><strong>fidejussoriam</strong></span> <span class='ocrx_word' id='word_1_274' title='bbox 971 2193 1050 2215; x_wconf 85' lang='lat' dir='ltr'><strong>cau-</strong></span> 
     </span>
     <span class='ocr_line' id='line_1_37' title="bbox 53 2221 1048 2272; baseline 0.017 -22"><span class='ocrx_word' id='word_1_275' title='bbox 53 2221 183 2251; x_wconf 89' lang='lat' dir='ltr'><strong>tionem.</strong></span> <span class='ocrx_word' id='word_1_276' title='bbox 207 2224 377 2261; x_wconf 89' lang='lat' dir='ltr'><strong>Preterea,</strong></span> <span class='ocrx_word' id='word_1_277' title='bbox 399 2235 472 2256; x_wconf 85' lang='lat' dir='ltr'><strong>cuin</strong></span> <span class='ocrx_word' id='word_1_278' title='bbox 489 2228 596 2259; x_wconf 90' lang='lat' dir='ltr'><strong>dictus</strong></span> <span class='ocrx_word' id='word_1_279' title='bbox 614 2231 787 2268; x_wconf 85' lang='lat' dir='ltr'><strong>presbiter,</strong></span> <span class='ocrx_word' id='word_1_280' title='bbox 807 2235 892 2272; x_wconf 89' lang='lat' dir='ltr'><strong>apud</strong></span> <span class='ocrx_word' id='word_1_281' title='bbox 908 2236 1048 2267; x_wconf 87' lang='lat' dir='ltr'><strong>eundem</strong></span> 
     </span>
     <span class='ocr_line' id='line_1_38' title="bbox 50 2274 1048 2326; baseline 0.017 -23"><span class='ocrx_word' id='word_1_282' title='bbox 50 2274 238 2313; x_wconf 89' lang='lat' dir='ltr'><strong>episcopum</strong></span> <span class='ocrx_word' id='word_1_283' title='bbox 257 2277 305 2307; x_wconf 90' lang='lat' dir='ltr'><strong>sic</strong></span> <span class='ocrx_word' id='word_1_284' title='bbox 326 2278 478 2310; x_wconf 86' lang='lat' dir='ltr'><strong>detentus</strong></span> <span class='ocrx_word' id='word_1_285' title='bbox 496 2281 534 2311; x_wconf 86' lang='lat' dir='ltr'><strong>de</strong></span> <span class='ocrx_word' id='word_1_286' title='bbox 552 2282 657 2320; x_wconf 85' lang='lat' dir='ltr'><strong>ipsius</strong></span> <span class='ocrx_word' id='word_1_287' title='bbox 678 2284 863 2321; x_wconf 80' lang='lat' dir='ltr'><strong>voluntate,</strong></span> <span class='ocrx_word' id='word_1_288' title='bbox 886 2297 943 2326; x_wconf 87' lang='lat' dir='ltr'><strong>per</strong></span> <span class='ocrx_word' id='word_1_289' title='bbox 961 2297 995 2319; x_wconf 87' lang='lat' dir='ltr'><strong>se</strong></span> <span class='ocrx_word' id='word_1_290' title='bbox 1011 2299 1048 2320; x_wconf 90' lang='lat' dir='ltr'><strong>ac</strong></span> 
     </span>
     <span class='ocr_line' id='line_1_39' title="bbox 50 2325 1048 2380; baseline 0.018 -25"><span class='ocrx_word' id='word_1_291' title='bbox 50 2325 256 2358; x_wconf 88' lang='lat' dir='ltr'><strong>Willelmum</strong></span> <span class='ocrx_word' id='word_1_292' title='bbox 266 2330 485 2368; x_wconf 85' lang='lat' dir='ltr'><strong>presbiterum</strong></span> <span class='ocrx_word' id='word_1_293' title='bbox 497 2338 525 2363; x_wconf 86' lang='lat' dir='ltr'><strong>et</strong></span> <span class='ocrx_word' id='word_1_294' title='bbox 536 2335 694 2373; x_wconf 86' lang='lat' dir='ltr'><strong>quosdam</strong></span> <span class='ocrx_word' id='word_1_295' title='bbox 706 2336 788 2367; x_wconf 89' lang='lat' dir='ltr'><strong>alios</strong></span> <span class='ocrx_word' id='word_1_296' title='bbox 800 2338 946 2376; x_wconf 81' lang='lat' dir='ltr'><strong>clericos,</strong></span> <span class='ocrx_word' id='word_1_297' title='bbox 961 2343 1048 2380; x_wconf 88' lang='lat' dir='ltr'><strong>quod</strong></span> 
     </span>
     <span class='ocr_line' id='line_1_40' title="bbox 48 2379 1044 2430; baseline 0.016 -22"><span class='ocrx_word' id='word_1_298' title='bbox 48 2382 136 2410; x_wconf 87' lang='lat' dir='ltr'><strong>esset</strong></span> <span class='ocrx_word' id='word_1_299' title='bbox 163 2379 323 2412; x_wconf 87' lang='lat' dir='ltr'><strong>innocens</strong></span> <span class='ocrx_word' id='word_1_300' title='bbox 353 2382 393 2412; x_wconf 88' lang='lat' dir='ltr'><strong>ab</strong></span> <span class='ocrx_word' id='word_1_301' title='bbox 421 2384 573 2423; x_wconf 86' lang='lat' dir='ltr'><strong>objectis,</strong></span> <span class='ocrx_word' id='word_1_302' title='bbox 604 2388 785 2425; x_wconf 86' lang='lat' dir='ltr'><strong>prestiterit</strong></span> <span class='ocrx_word' id='word_1_303' title='bbox 807 2390 1044 2430; x_wconf 86' lang='lat' dir='ltr'><strong>juramentum,</strong></span> 
     </span>
     <span class='ocr_line' id='line_1_41' title="bbox 47 2430 1044 2484; baseline 0.017 -25"><span class='ocrx_word' id='word_1_304' title='bbox 47 2430 135 2461; x_wconf 87' lang='lat' dir='ltr'><strong>idem</strong></span> <span class='ocrx_word' id='word_1_305' title='bbox 151 2432 388 2465; x_wconf 86' lang='lat' dir='ltr'><strong>nichilominus</strong></span> <span class='ocrx_word' id='word_1_306' title='bbox 405 2445 479 2466; x_wconf 94' lang='lat' dir='ltr'><strong>eum</strong></span> <span class='ocrx_word' id='word_1_307' title='bbox 495 2437 533 2467; x_wconf 88' lang='lat' dir='ltr'><strong>de</strong></span> <span class='ocrx_word' id='word_1_308' title='bbox 550 2439 665 2469; x_wconf 85' lang='lat' dir='ltr'><strong>stando</strong></span> <span class='ocrx_word' id='word_1_309' title='bbox 679 2441 842 2472; x_wconf 87' lang='lat' dir='ltr'><strong>mandatis</strong></span> <span class='ocrx_word' id='word_1_310' title='bbox 854 2444 1044 2484; x_wconf 84' lang='lat' dir='ltr'><strong>suisjurare</strong></span> 
     </span>
     <span class='ocr_line' id='line_1_42' title="bbox 47 2483 1044 2534; baseline 0.016 -22"><span class='ocrx_word' id='word_1_311' title='bbox 47 2483 164 2522; x_wconf 83' lang='lat' dir='ltr'><strong>coegit.</strong></span> <span class='ocrx_word' id='word_1_312' title='bbox 181 2485 252 2522; x_wconf 86' lang='lat' dir='ltr'><strong>Quo</strong></span> <span class='ocrx_word' id='word_1_313' title='bbox 268 2486 369 2521; x_wconf 77' lang='lat' dir='ltr'><strong>facto,</strong></span> <span class='ocrx_word' id='word_1_314' title='bbox 389 2492 425 2518; x_wconf 89' lang='lat' dir='ltr'><strong>ut</strong></span> <span class='ocrx_word' id='word_1_315' title='bbox 443 2498 598 2520; x_wconf 86' lang='lat' dir='ltr'><strong>mensura</strong></span> <span class='ocrx_word' id='word_1_316' title='bbox 614 2490 721 2521; x_wconf 91' lang='lat' dir='ltr'><strong>locum</strong></span> <span class='ocrx_word' id='word_1_317' title='bbox 741 2493 775 2523; x_wconf 90' lang='lat' dir='ltr'><strong>in</strong></span> <span class='ocrx_word' id='word_1_318' title='bbox 795 2495 864 2525; x_wconf 89' lang='lat' dir='ltr'><strong>suis</strong></span> <span class='ocrx_word' id='word_1_319' title='bbox 880 2499 1044 2534; x_wconf 79' lang='lat' dir='ltr'><strong>gravami-</strong></span> 
     </span>
     <span class='ocr_line' id='line_1_43' title="bbox 46 2537 1044 2589; baseline 0.016 -22"><span class='ocrx_word' id='word_1_320' title='bbox 46 2537 145 2568; x_wconf 80' lang='lat' dir='ltr'><strong>nibus</strong></span> <span class='ocrx_word' id='word_1_321' title='bbox 161 2547 226 2569; x_wconf 90' lang='lat' dir='ltr'><strong>non</strong></span> <span class='ocrx_word' id='word_1_322' title='bbox 242 2539 394 2577; x_wconf 84' lang='lat' dir='ltr'><strong>haberet,</strong></span> <span class='ocrx_word' id='word_1_323' title='bbox 412 2543 520 2581; x_wconf 87' lang='lat' dir='ltr'><strong>ipsum</strong></span> <span class='ocrx_word' id='word_1_324' title='bbox 541 2544 581 2574; x_wconf 87' lang='lat' dir='ltr'><strong>ab</strong></span> <span class='ocrx_word' id='word_1_325' title='bbox 601 2545 706 2576; x_wconf 85' lang='lat' dir='ltr'><strong>officio</strong></span> <span class='ocrx_word' id='word_1_326' title='bbox 725 2547 950 2589; x_wconf 84' lang='lat' dir='ltr'><strong>beneficioque</strong></span> <span class='ocrx_word' id='word_1_327' title='bbox 969 2561 1044 2583; x_wconf 89' lang='lat' dir='ltr'><strong>sus-</strong></span> 
     </span>
     <span class='ocr_line' id='line_1_44' title="bbox 44 2590 1042 2636; baseline 0.016 -17"><span class='ocrx_word' id='word_1_328' title='bbox 44 2590 172 2628; x_wconf 82' lang='lat' dir='ltr'><strong>pendit,</strong></span> <span class='ocrx_word' id='word_1_329' title='bbox 191 2593 331 2631; x_wconf 88' lang='lat' dir='ltr'><strong>quodam</strong></span> <span class='ocrx_word' id='word_1_330' title='bbox 350 2595 497 2634; x_wconf 78' lang='lat' dir='ltr'><strong>eJusdem</strong></span> <span class='ocrx_word' id='word_1_331' title='bbox 513 2605 596 2636; x_wconf 82' lang='lat' dir='ltr'><strong>equo</strong></span> <span class='ocrx_word' id='word_1_332' title='bbox 613 2603 754 2635; x_wconf 83' lang='lat' dir='ltr'><strong>retento,</strong></span> <span class='ocrx_word' id='word_1_333' title='bbox 773 2605 803 2630; x_wconf 88' lang='lat' dir='ltr'><strong>et</strong></span> <span class='ocrx_word' id='word_1_334' title='bbox 821 2602 886 2632; x_wconf 86' lang='lat' dir='ltr'><strong>sibi</strong></span> <span class='ocrx_word' id='word_1_335' title='bbox 901 2603 1042 2636; x_wconf 79' lang='lat' dir='ltr'><strong>diversis</strong></span> 
     </span>
     <span class='ocr_line' id='line_1_45' title="bbox 44 2642 1042 2692; baseline 0.015 -20"><span class='ocrx_word' id='word_1_336' title='bbox 44 2642 178 2682; x_wconf 89' lang='lat' dir='ltr'><strong>injuriis</strong></span> <span class='ocrx_word' id='word_1_337' title='bbox 193 2644 365 2684; x_wconf 82' lang='lat' dir='ltr'><strong>irrogatis3</strong></span> <span class='ocrx_word' id='word_1_338' title='bbox 383 2648 451 2687; x_wconf 86' lang='lat' dir='ltr'><strong>qui,</strong></span> <span class='ocrx_word' id='word_1_339' title='bbox 469 2653 578 2687; x_wconf 89' lang='lat' dir='ltr'><strong>preter</strong></span> <span class='ocrx_word' id='word_1_340' title='bbox 593 2659 751 2689; x_wconf 87' lang='lat' dir='ltr'><strong>expensas</strong></span> <span class='ocrx_word' id='word_1_341' title='bbox 768 2662 849 2692; x_wconf 86' lang='lat' dir='ltr'><strong>quas</strong></span> <span class='ocrx_word' id='word_1_342' title='bbox 865 2655 951 2686; x_wconf 87' lang='lat' dir='ltr'><strong>circa</strong></span> <span class='ocrx_word' id='word_1_343' title='bbox 967 2666 1042 2688; x_wconf 92' lang='lat' dir='ltr'><strong>cus-</strong></span> 
     </span>
     <span class='ocr_line' id='line_1_46' title="bbox 44 2694 1042 2743; baseline 0.015 -19"><span class='ocrx_word' id='word_1_344' title='bbox 44 2694 134 2725; x_wconf 85' lang='lat' dir='ltr'><strong>todes</strong></span> <span class='ocrx_word' id='word_1_345' title='bbox 150 2698 291 2728; x_wconf 87' lang='lat' dir='ltr'><strong>carceris</strong></span> <span class='ocrx_word' id='word_1_346' title='bbox 307 2703 338 2728; x_wconf 89' lang='lat' dir='ltr'><strong>et</strong></span> <span class='ocrx_word' id='word_1_347' title='bbox 355 2698 438 2730; x_wconf 85' lang='lat' dir='ltr'><strong>alias</strong></span> <span class='ocrx_word' id='word_1_348' title='bbox 454 2700 593 2738; x_wconf 83' lang='lat' dir='ltr'><strong>fecerat,</strong></span> <span class='ocrx_word' id='word_1_349' title='bbox 613 2702 753 2742; x_wconf 87' lang='lat' dir='ltr'><strong>dampna</strong></span> <span class='ocrx_word' id='word_1_350' title='bbox 772 2707 883 2743; x_wconf 79' lang='lat' dir='ltr'><strong>gravia</strong></span> <span class='ocrx_word' id='word_1_351' title='bbox 901 2707 1042 2740; x_wconf 83' lang='lat' dir='ltr'><strong>incurrit</strong></span> 
     </span>
     <span class='ocr_line' id='line_1_47' title="bbox 43 2747 1040 2796; baseline 0.016 -21"><span class='ocrx_word' id='word_1_352' title='bbox 43 2747 215 2779; x_wconf 86' lang='lat' dir='ltr'><strong>occasione</strong></span> <span class='ocrx_word' id='word_1_353' title='bbox 230 2749 438 2789; x_wconf 80' lang='lat' dir='ltr'><strong>hujusmodi,</strong></span> <span class='ocrx_word' id='word_1_354' title='bbox 460 2755 649 2792; x_wconf 86' lang='lat' dir='ltr'><strong>postpositis</strong></span> <span class='ocrx_word' id='word_1_355' title='bbox 665 2764 743 2794; x_wconf 76' lang='lat' dir='ltr'><strong>erga</strong></span> <span class='ocrx_word' id='word_1_356' title='bbox 757 2757 865 2796; x_wconf 89' lang='lat' dir='ltr'><strong>ipsum</strong></span> <span class='ocrx_word' id='word_1_357' title='bbox 886 2761 1040 2792; x_wconf 89' lang='lat' dir='ltr'><strong>omnibus</strong></span> 
     </span>
     <span class='ocr_line' id='line_1_48' title="bbox 42 2802 1040 2847; baseline 0.016 -19"><span class='ocrx_word' id='word_1_358' title='bbox 42 2807 106 2836; x_wconf 83' lang='lat' dir='ltr'><strong>que</strong></span> <span class='ocrx_word' id='word_1_359' title='bbox 115 2802 316 2834; x_wconf 85' lang='lat' dir='ltr'><strong>conveniunt</strong></span> <span class='ocrx_word' id='word_1_360' title='bbox 327 2805 476 2843; x_wconf 86' lang='lat' dir='ltr'><strong>equitati.</strong></span> <span class='ocrx_word' id='word_1_361' title='bbox 491 2806 610 2843; x_wconf 86' lang='lat' dir='ltr'><strong>Quare,</strong></span> <span class='ocrx_word' id='word_1_362' title='bbox 624 2816 819 2847; x_wconf 88' lang='lat' dir='ltr'><strong>conspersus</strong></span> <span class='ocrx_word' id='word_1_363' title='bbox 829 2812 1040 2845; x_wconf 87' lang='lat' dir='ltr'><strong>multitudine</strong></span> 
     </span>
    </p>
   </div>
   <div class='ocr_carea' id='block_1_4' title="bbox 74 2928 920 3020">
    <p class='ocr_par' dir='ltr' id='par_1_4' title="bbox 74 2928 920 3020">
     <span class='ocr_line' id='line_1_49' title="bbox 74 2928 920 2971; baseline 0.017 -19"><span class='ocrx_word' id='word_1_364' title='bbox 74 2928 96 2952; x_wconf 82' lang='lat'><strong>1.</strong></span> <span class='ocrx_word' id='word_1_365' title='bbox 111 2931 183 2954; x_wconf 79' lang='lat' dir='ltr'><strong>Eum</strong></span> <span class='ocrx_word' id='word_1_366' title='bbox 199 2931 248 2956; x_wconf 75' lang='lat' dir='ltr'><strong>tait</strong></span> <span class='ocrx_word' id='word_1_367' title='bbox 262 2932 297 2956; x_wconf 87' lang='lat' dir='ltr'><strong>ici</strong></span> <span class='ocrx_word' id='word_1_368' title='bbox 313 2933 413 2959; x_wconf 85' lang='lat' dir='ltr'><strong>double</strong></span> <span class='ocrx_word' id='word_1_369' title='bbox 429 2936 528 2966; x_wconf 85' lang='lat' dir='ltr'><strong>emploi</strong></span> <span class='ocrx_word' id='word_1_370' title='bbox 543 2944 609 2961; x_wconf 82' lang='lat' dir='ltr'><strong>avec</strong></span> <span class='ocrx_word' id='word_1_371' title='bbox 624 2945 717 2970; x_wconf 76' lang='lat' dir='ltr'><strong>quern,</strong></span> <span class='ocrx_word' id='word_1_372' title='bbox 733 2941 779 2971; x_wconf 88' lang='lat' dir='ltr'><strong>qui</strong></span> <span class='ocrx_word' id='word_1_373' title='bbox 796 2941 920 2971; x_wconf 73' lang='lat' dir='ltr'><strong>precede.</strong></span> 
     </span>
     <span class='ocr_line' id='line_1_50' title="bbox 164 2981 508 3020; baseline 0.015 -8"><span class='ocrx_word' id='word_1_374' title='bbox 164 2981 349 3014; x_wconf 66' lang='lat' dir='ltr'><strong>onseomn</strong></span> <span class='ocrx_word' id='word_1_375' title='bbox 367 2990 418 3020; x_wconf 81' lang='lat' dir='ltr'><strong>1x,</strong></span> <span class='ocrx_word' id='word_1_376' title='bbox 436 2994 455 3016; x_wconf 87' lang='lat' dir='ltr'><strong>t.</strong></span> <span class='ocrx_word' id='word_1_377' title='bbox 473 2992 508 3017; x_wconf 89' lang='lat'><strong>11.</strong></span> 
     </span>
    </p>
   </div>
   <div class='ocr_carea' id='block_1_5' title="bbox 1142 375 2151 1313">
    <p class='ocr_par' dir='ltr' id='par_1_5' title="bbox 1142 375 2151 1313">
     <span class='ocr_line' id='line_1_51' title="bbox 1154 375 2150 429; baseline 0.021 -24"><span class='ocrx_word' id='word_1_378' title='bbox 1154 375 1374 417; x_wconf 86' lang='lat' dir='ltr'><strong>lacrimarum,</strong></span> <span class='ocrx_word' id='word_1_379' title='bbox 1390 383 1484 414; x_wconf 87' lang='lat' dir='ltr'><strong>nobis</strong></span> <span class='ocrx_word' id='word_1_380' title='bbox 1500 384 1671 417; x_wconf 87' lang='lat' dir='ltr'><strong>humiliter</strong></span> <span class='ocrx_word' id='word_1_381' title='bbox 1687 388 1881 427; x_wconf 83' lang='lat' dir='ltr'><strong>supplicavit</strong></span> <span class='ocrx_word' id='word_1_382' title='bbox 1896 396 1941 425; x_wconf 83' lang='lat' dir='ltr'><strong>ut,</strong></span> <span class='ocrx_word' id='word_1_383' title='bbox 1955 402 2039 429; x_wconf 88' lang='lat' dir='ltr'><strong>cum,</strong></span> <span class='ocrx_word' id='word_1_384' title='bbox 2056 395 2150 427; x_wconf 79' lang='lat' dir='ltr'><strong>bonis</strong></span> 
     </span>
     <span class='ocr_line' id='line_1_52' title="bbox 1153 429 2150 486; baseline 0.021 -28"><span class='ocrx_word' id='word_1_385' title='bbox 1153 429 1223 459; x_wconf 83' lang='lat' dir='ltr'><strong>suis</strong></span> <span class='ocrx_word' id='word_1_386' title='bbox 1246 431 1480 466; x_wconf 82' lang='lat' dir='ltr'><strong>ecclesiasticis</strong></span> <span class='ocrx_word' id='word_1_387' title='bbox 1501 441 1532 466; x_wconf 82' lang='lat' dir='ltr'><strong>et</strong></span> <span class='ocrx_word' id='word_1_388' title='bbox 1551 438 1727 470; x_wconf 88' lang='lat' dir='ltr'><strong>mundanis</strong></span> <span class='ocrx_word' id='word_1_389' title='bbox 1747 441 1942 479; x_wconf 78' lang='lat' dir='ltr'><strong>exhaustus,</strong></span> <span class='ocrx_word' id='word_1_390' title='bbox 1967 446 2074 484; x_wconf 88' lang='lat' dir='ltr'><strong>potius</strong></span> <span class='ocrx_word' id='word_1_391' title='bbox 2092 457 2150 486; x_wconf 90' lang='lat' dir='ltr'><strong>pro</strong></span> 
     </span>
     <span class='ocr_line' id='line_1_53' title="bbox 1152 484 2151 531; baseline 0.021 -22"><span class='ocrx_word' id='word_1_392' title='bbox 1152 484 1358 519; x_wconf 86' lang='lat' dir='ltr'><strong>reparatione</strong></span> <span class='ocrx_word' id='word_1_393' title='bbox 1379 486 1477 523; x_wconf 79' lang='lat' dir='ltr'><strong>same,</strong></span> <span class='ocrx_word' id='word_1_394' title='bbox 1501 489 1564 518; x_wconf 85' lang='lat' dir='ltr'><strong>sibi</strong></span> <span class='ocrx_word' id='word_1_395' title='bbox 1586 492 1675 520; x_wconf 87' lang='lat' dir='ltr'><strong>omni</strong></span> <span class='ocrx_word' id='word_1_396' title='bbox 1699 494 1867 531; x_wconf 89' lang='lat' dir='ltr'><strong>temporali</strong></span> <span class='ocrx_word' id='word_1_397' title='bbox 1891 496 2076 529; x_wconf 84' lang='lat' dir='ltr'><strong>substantia</strong></span> <span class='ocrx_word' id='word_1_398' title='bbox 2095 510 2151 530; x_wconf 85' lang='lat' dir='ltr'><strong>ca-</strong></span> 
     </span>
     <span class='ocr_line' id='line_1_54' title="bbox 1151 532 2149 581; baseline 0.02 -20"><span class='ocrx_word' id='word_1_399' title='bbox 1151 532 1267 569; x_wconf 87' lang='lat' dir='ltr'><strong>rioris,</strong></span> <span class='ocrx_word' id='word_1_400' title='bbox 1291 545 1389 574; x_wconf 86' lang='lat' dir='ltr'><strong>quam</strong></span> <span class='ocrx_word' id='word_1_401' title='bbox 1410 547 1467 577; x_wconf 89' lang='lat' dir='ltr'><strong>pro</strong></span> <span class='ocrx_word' id='word_1_402' title='bbox 1492 543 1732 574; x_wconf 87' lang='lat' dir='ltr'><strong>restauratione</strong></span> <span class='ocrx_word' id='word_1_403' title='bbox 1756 545 1942 579; x_wconf 82' lang='lat' dir='ltr'><strong>mobilium.</strong></span> <span class='ocrx_word' id='word_1_404' title='bbox 1967 549 2006 579; x_wconf 87' lang='lat' dir='ltr'><strong>ad</strong></span> <span class='ocrx_word' id='word_1_405' title='bbox 2032 551 2149 581; x_wconf 86' lang='lat' dir='ltr'><strong>Sedem</strong></span> 
     </span>
     <span class='ocr_line' id='line_1_55' title="bbox 1150 585 2149 642; baseline 0.02 -28"><span class='ocrx_word' id='word_1_406' title='bbox 1150 585 1372 623; x_wconf 83' lang='lat' dir='ltr'><strong>Apostolicam</strong></span> <span class='ocrx_word' id='word_1_407' title='bbox 1388 590 1516 622; x_wconf 81' lang='lat' dir='ltr'><strong>duxerit</strong></span> <span class='ocrx_word' id='word_1_408' title='bbox 1532 596 1785 632; x_wconf 86' lang='lat' dir='ltr'><strong>recurrendum,</strong></span> <span class='ocrx_word' id='word_1_409' title='bbox 1803 607 1902 637; x_wconf 84' lang='lat' dir='ltr'><strong>super</strong></span> <span class='ocrx_word' id='word_1_410' title='bbox 1917 600 1976 631; x_wconf 87' lang='lat' dir='ltr'><strong>hoc</strong></span> <span class='ocrx_word' id='word_1_411' title='bbox 1993 602 2056 632; x_wconf 87' lang='lat' dir='ltr'><strong>sibi</strong></span> <span class='ocrx_word' id='word_1_412' title='bbox 2073 613 2149 642; x_wconf 90' lang='lat' dir='ltr'><strong>pro-</strong></span> 
     </span>
     <span class='ocr_line' id='line_1_56' title="bbox 1151 637 2147 687; baseline 0.021 -21"><span class='ocrx_word' id='word_1_413' title='bbox 1151 637 1260 669; x_wconf 85' lang='lat' dir='ltr'><strong>videre</strong></span> <span class='ocrx_word' id='word_1_414' title='bbox 1277 640 1535 674; x_wconf 89' lang='lat' dir='ltr'><strong>misericorditer</strong></span> <span class='ocrx_word' id='word_1_415' title='bbox 1545 645 1767 684; x_wconf 78' lang='lat' dir='ltr'><strong>dignaremur.</strong></span> <span class='ocrx_word' id='word_1_416' title='bbox 1780 650 1939 686; x_wconf 84' lang='lat' dir='ltr'><strong>Quocirca</strong></span> <span class='ocrx_word' id='word_1_417' title='bbox 1953 655 2147 687; x_wconf 86' lang='lat' dir='ltr'><strong>mandamus</strong></span> 
     </span>
     <span class='ocr_line' id='line_1_57' title="bbox 1149 694 2146 744; baseline 0.02 -25"><span class='ocrx_word' id='word_1_418' title='bbox 1149 694 1328 728; x_wconf 82' lang='lat' dir='ltr'><strong>quatenus,</strong></span> <span class='ocrx_word' id='word_1_419' title='bbox 1349 694 1376 723; x_wconf 87' lang='lat' dir='ltr'><strong>si</strong></span> <span class='ocrx_word' id='word_1_420' title='bbox 1398 700 1445 725; x_wconf 89' lang='lat' dir='ltr'><strong>est</strong></span> <span class='ocrx_word' id='word_1_421' title='bbox 1464 697 1526 731; x_wconf 88' lang='lat' dir='ltr'><strong>ita,</strong></span> <span class='ocrx_word' id='word_1_422' title='bbox 1553 699 1616 728; x_wconf 86' lang='lat' dir='ltr'><strong>nisi</strong></span> <span class='ocrx_word' id='word_1_423' title='bbox 1638 699 1725 730; x_wconf 81' lang='lat' dir='ltr'><strong>infra</strong></span> <span class='ocrx_word' id='word_1_424' title='bbox 1750 706 1813 732; x_wconf 87' lang='lat' dir='ltr'><strong>tres</strong></span> <span class='ocrx_word' id='word_1_425' title='bbox 1833 712 1962 735; x_wconf 85' lang='lat' dir='ltr'><strong>menses</strong></span> <span class='ocrx_word' id='word_1_426' title='bbox 1982 711 2053 744; x_wconf 87' lang='lat' dir='ltr'><strong>post</strong></span> <span class='ocrx_word' id='word_1_427' title='bbox 2073 717 2146 738; x_wconf 90' lang='lat' dir='ltr'><strong>sus-</strong></span> 
     </span>
     <span class='ocr_line' id='line_1_58' title="bbox 1149 743 2148 798; baseline 0.019 -27"><span class='ocrx_word' id='word_1_428' title='bbox 1149 743 1331 780; x_wconf 86' lang='lat' dir='ltr'><strong>ceptionem</strong></span> <span class='ocrx_word' id='word_1_429' title='bbox 1342 749 1556 785; x_wconf 85' lang='lat' dir='ltr'><strong>presentium,</strong></span> <span class='ocrx_word' id='word_1_430' title='bbox 1571 756 1683 781; x_wconf 87' lang='lat' dir='ltr'><strong>contra</strong></span> <span class='ocrx_word' id='word_1_431' title='bbox 1695 752 1815 783; x_wconf 86' lang='lat' dir='ltr'><strong>dictum</strong></span> <span class='ocrx_word' id='word_1_432' title='bbox 1831 756 2046 793; x_wconf 79' lang='lat' dir='ltr'><strong>presbiterum</strong></span> <span class='ocrx_word' id='word_1_433' title='bbox 2065 759 2148 798; x_wconf 75' lang='lat' dir='ltr'><strong>legi-</strong></span> 
     </span>
     <span class='ocr_line' id='line_1_59' title="bbox 1148 794 2145 847; baseline 0.02 -25"><span class='ocrx_word' id='word_1_434' title='bbox 1148 794 1248 825; x_wconf 87' lang='lat' dir='ltr'><strong>timus</strong></span> <span class='ocrx_word' id='word_1_435' title='bbox 1265 804 1448 836; x_wconf 86' lang='lat' dir='ltr'><strong>compareat</strong></span> <span class='ocrx_word' id='word_1_436' title='bbox 1464 807 1649 836; x_wconf 80' lang='lat' dir='ltr'><strong>accusator,</strong></span> <span class='ocrx_word' id='word_1_437' title='bbox 1667 804 1707 833; x_wconf 86' lang='lat' dir='ltr'><strong>ah</strong></span> <span class='ocrx_word' id='word_1_438' title='bbox 1724 814 1760 835; x_wconf 90' lang='lat' dir='ltr'><strong>eo</strong></span> <span class='ocrx_word' id='word_1_439' title='bbox 1779 808 1935 838; x_wconf 85' lang='lat' dir='ltr'><strong>canonica</strong></span> <span class='ocrx_word' id='word_1_440' title='bbox 1952 812 2145 847; x_wconf 73' lang='lat' dir='ltr'><strong>purgatione</strong></span> 
     </span>
     <span class='ocr_line' id='line_1_60' title="bbox 1147 851 2146 896; baseline 0.019 -21"><span class='ocrx_word' id='word_1_441' title='bbox 1147 852 1292 886; x_wconf 86' lang='lat' dir='ltr'><strong>recepta,</strong></span> <span class='ocrx_word' id='word_1_442' title='bbox 1321 851 1348 879; x_wconf 93' lang='lat' dir='ltr'><strong>si</strong></span> <span class='ocrx_word' id='word_1_443' title='bbox 1379 853 1532 890; x_wconf 86' lang='lat' dir='ltr'><strong>reperitis</strong></span> <span class='ocrx_word' id='word_1_444' title='bbox 1560 856 1644 893; x_wconf 83' lang='lat' dir='ltr'><strong>quod</strong></span> <span class='ocrx_word' id='word_1_445' title='bbox 1673 857 1713 885; x_wconf 82' lang='lat' dir='ltr'><strong>ab</strong></span> <span class='ocrx_word' id='word_1_446' title='bbox 1740 858 1903 896; x_wconf 86' lang='lat' dir='ltr'><strong>impositis</strong></span> <span class='ocrx_word' id='word_1_447' title='bbox 1933 863 2071 893; x_wconf 82' lang='lat' dir='ltr'><strong>maculis</strong></span> <span class='ocrx_word' id='word_1_448' title='bbox 2102 865 2146 894; x_wconf 85' lang='lat' dir='ltr'><strong>sit</strong></span> 
     </span>
     <span class='ocr_line' id='line_1_61' title="bbox 1146 898 2145 947; baseline 0.019 -20"><span class='ocrx_word' id='word_1_449' title='bbox 1146 898 1322 935; x_wconf 89' lang='lat' dir='ltr'><strong>immunis,</strong></span> <span class='ocrx_word' id='word_1_450' title='bbox 1354 905 1516 941; x_wconf 82' lang='lat' dir='ltr'><strong>prefatum</strong></span> <span class='ocrx_word' id='word_1_451' title='bbox 1553 908 1739 947; x_wconf 77' lang='lat' dir='ltr'><strong>episcopum</strong></span> <span class='ocrx_word' id='word_1_452' title='bbox 1773 911 1812 940; x_wconf 86' lang='lat' dir='ltr'><strong>ad</strong></span> <span class='ocrx_word' id='word_1_453' title='bbox 1851 914 2081 945; x_wconf 85' lang='lat' dir='ltr'><strong>remittendum</strong></span> <span class='ocrx_word' id='word_1_454' title='bbox 2114 917 2145 947; x_wconf 91' lang='lat' dir='ltr'><strong>ei</strong></span> 
     </span>
     <span class='ocr_line' id='line_1_62' title="bbox 1142 950 2146 1003; baseline 0.02 -24"><span class='ocrx_word' id='word_1_455' title='bbox 1142 950 1354 989; x_wconf 83' lang='lat' dir='ltr'><strong>juratoriam,</strong></span> <span class='ocrx_word' id='word_1_456' title='bbox 1374 960 1405 985; x_wconf 89' lang='lat' dir='ltr'><strong>et</strong></span> <span class='ocrx_word' id='word_1_457' title='bbox 1427 959 1563 994; x_wconf 81' lang='lat' dir='ltr'><strong>prefatis</strong></span> <span class='ocrx_word' id='word_1_458' title='bbox 1583 961 1698 991; x_wconf 85' lang='lat' dir='ltr'><strong>amicis</strong></span> <span class='ocrx_word' id='word_1_459' title='bbox 1719 963 1790 1001; x_wconf 74' lang='lat' dir='ltr'><strong>eJus</strong></span> <span class='ocrx_word' id='word_1_460' title='bbox 1807 964 2047 1003; x_wconf 78' lang='lat' dir='ltr'><strong>fidejussoriam</strong></span> <span class='ocrx_word' id='word_1_461' title='bbox 2066 978 2146 999; x_wconf 87' lang='lat' dir='ltr'><strong>cau-</strong></span> 
     </span>
     <span class='ocr_line' id='line_1_63' title="bbox 1145 1003 2143 1060; baseline 0.02 -29"><span class='ocrx_word' id='word_1_462' title='bbox 1145 1003 1262 1035; x_wconf 82' lang='lat' dir='ltr'><strong>tiones.</strong></span> <span class='ocrx_word' id='word_1_463' title='bbox 1282 1015 1341 1036; x_wconf 88' lang='lat' dir='ltr'><strong>nec</strong></span> <span class='ocrx_word' id='word_1_464' title='bbox 1357 1016 1421 1037; x_wconf 88' lang='lat' dir='ltr'><strong>non</strong></span> <span class='ocrx_word' id='word_1_465' title='bbox 1439 1014 1473 1038; x_wconf 90' lang='lat' dir='ltr'><strong>ut</strong></span> <span class='ocrx_word' id='word_1_466' title='bbox 1490 1011 1553 1040; x_wconf 85' lang='lat' dir='ltr'><strong>sibi</strong></span> <span class='ocrx_word' id='word_1_467' title='bbox 1570 1012 1608 1041; x_wconf 91' lang='lat' dir='ltr'><strong>de</strong></span> <span class='ocrx_word' id='word_1_468' title='bbox 1624 1013 1775 1052; x_wconf 82' lang='lat' dir='ltr'><strong>dampnis</strong></span> <span class='ocrx_word' id='word_1_469' title='bbox 1793 1021 1823 1045; x_wconf 86' lang='lat' dir='ltr'><strong>et</strong></span> <span class='ocrx_word' id='word_1_470' title='bbox 1840 1017 1993 1055; x_wconf 77' lang='lat' dir='ltr'><strong>irrogatis</strong></span> <span class='ocrx_word' id='word_1_471' title='bbox 2009 1020 2143 1060; x_wconf 86' lang='lat' dir='ltr'><strong>injuriis</strong></span> 
     </span>
     <span class='ocr_line' id='line_1_64' title="bbox 1145 1055 2141 1109; baseline 0.019 -25"><span class='ocrx_word' id='word_1_472' title='bbox 1145 1055 1288 1086; x_wconf 83' lang='lat' dir='ltr'><strong>debitam</strong></span> <span class='ocrx_word' id='word_1_473' title='bbox 1303 1059 1562 1092; x_wconf 84' lang='lat' dir='ltr'><strong>satisfactionem</strong></span> <span class='ocrx_word' id='word_1_474' title='bbox 1580 1064 1756 1103; x_wconf 82' lang='lat' dir='ltr'><strong>impendat,</strong></span> <span class='ocrx_word' id='word_1_475' title='bbox 1772 1069 1952 1100; x_wconf 88' lang='lat' dir='ltr'><strong>monitione</strong></span> <span class='ocrx_word' id='word_1_476' title='bbox 1969 1073 2141 1109; x_wconf 88' lang='lat' dir='ltr'><strong>premissa.</strong></span> 
     </span>
     <span class='ocr_line' id='line_1_65' title="bbox 1145 1110 2139 1162; baseline 0.02 -25"><span class='ocrx_word' id='word_1_477' title='bbox 1145 1110 1339 1141; x_wconf 88' lang='lat' dir='ltr'><strong>auctoritate</strong></span> <span class='ocrx_word' id='word_1_478' title='bbox 1362 1118 1489 1149; x_wconf 81' lang='lat' dir='ltr'><strong>nostra,</strong></span> <span class='ocrx_word' id='word_1_479' title='bbox 1512 1116 1595 1146; x_wconf 89' lang='lat' dir='ltr'><strong>sicut</strong></span> <span class='ocrx_word' id='word_1_480' title='bbox 1613 1118 1739 1156; x_wconf 79' lang='lat' dir='ltr'><strong>jtistum</strong></span> <span class='ocrx_word' id='word_1_481' title='bbox 1760 1121 1876 1157; x_wconf 80' lang='lat' dir='ltr'><strong>fuerit,</strong></span> <span class='ocrx_word' id='word_1_482' title='bbox 1896 1124 2139 1162; x_wconf 84' lang='lat' dir='ltr'><strong>compellentes,</strong></span> 
     </span>
     <span class='ocr_line' id='line_1_66' title="bbox 1144 1164 2138 1214; baseline 0.02 -25"><span class='ocrx_word' id='word_1_483' title='bbox 1144 1164 1396 1200; x_wconf 86' lang='lat' dir='ltr'><strong>suspensionem</strong></span> <span class='ocrx_word' id='word_1_484' title='bbox 1420 1167 1617 1204; x_wconf 86' lang='lat' dir='ltr'><strong>predictam.</strong></span> <span class='ocrx_word' id='word_1_485' title='bbox 1647 1171 1775 1202; x_wconf 83' lang='lat' dir='ltr'><strong>sublato</strong></span> <span class='ocrx_word' id='word_1_486' title='bbox 1800 1174 1929 1212; x_wconf 73' lang='lat' dir='ltr'><strong>diffugii</strong></span> <span class='ocrx_word' id='word_1_487' title='bbox 1954 1176 2138 1214; x_wconf 83' lang='lat' dir='ltr'><strong>obstaculo,</strong></span> 
     </span>
     <span class='ocr_line' id='line_1_67' title="bbox 1142 1212 2141 1268; baseline 0.019 -27"><span class='ocrx_word' id='word_1_488' title='bbox 1142 1212 1309 1245; x_wconf 82' lang='lat' dir='ltr'><strong>relaxetis.</strong></span> <span class='ocrx_word' id='word_1_489' title='bbox 1326 1216 1418 1252; x_wconf 89' lang='lat' dir='ltr'><strong>Quod</strong></span> <span class='ocrx_word' id='word_1_490' title='bbox 1434 1218 1542 1249; x_wconf 89' lang='lat' dir='ltr'><strong>sinon</strong></span> <span class='ocrx_word' id='word_1_491' title='bbox 1560 1229 1674 1252; x_wconf 89' lang='lat' dir='ltr'><strong>omnes</strong></span> <span class='ocrx_word' id='word_1_492' title='bbox 1690 1228 1763 1259; x_wconf 78' lang='lat' dir='ltr'><strong>etc.‚</strong></span> <span class='ocrx_word' id='word_1_493' title='bbox 1783 1229 1827 1260; x_wconf 89' lang='lat' dir='ltr'><strong>tu,</strong></span> <span class='ocrx_word' id='word_1_494' title='bbox 1845 1226 1947 1257; x_wconf 82' lang='lat' dir='ltr'><strong>frater</strong></span> <span class='ocrx_word' id='word_1_495' title='bbox 1964 1229 2141 1268; x_wconf 87' lang='lat' dir='ltr'><strong>archiepis-</strong></span> 
     </span>
     <span class='ocr_line' id='line_1_68' title="bbox 1143 1269 2138 1313; baseline 0.019 -19"><span class='ocrx_word' id='word_1_496' title='bbox 1143 1273 1220 1303; x_wconf 86' lang='lat' dir='ltr'><strong>cope</strong></span> <span class='ocrx_word' id='word_1_497' title='bbox 1236 1271 1297 1296; x_wconf 86' lang='lat' dir='ltr'><strong>etc.</strong></span> <span class='ocrx_word' id='word_1_498' title='bbox 1315 1269 1388 1298; x_wconf 88' lang='lat' dir='ltr'><strong>Dat.</strong></span> <span class='ocrx_word' id='word_1_499' title='bbox 1400 1271 1559 1307; x_wconf 71' lang='lat' dir='ltr'><strong>viterbii,</strong></span> <span class='ocrx_word' id='word_1_500' title='bbox 1578 1275 1674 1304; x_wconf 86' lang='lat' dir='ltr'><strong>nonis</strong></span> <span class='ocrx_word' id='word_1_501' title='bbox 1690 1275 1890 1313; x_wconf 80' lang='lat' dir='ltr'><strong>decembris,</strong></span> <span class='ocrx_word' id='word_1_502' title='bbox 1908 1289 1994 1310; x_wconf 88' lang='lat' dir='ltr'><strong>anno</strong></span> <span class='ocrx_word' id='word_1_503' title='bbox 2011 1290 2108 1313; x_wconf 88' lang='lat' dir='ltr'><strong>nono.</strong></span> <span class='ocrx_word' id='word_1_504' title='bbox 2126 1296 2138 1310; x_wconf 76' lang='lat' dir='ltr'><strong>n</strong></span> 
     </span>
    </p>
   </div>
   <div class='ocr_carea' id='block_1_6' title="bbox 1212 1437 2066 1479">
    <p class='ocr_par' dir='ltr' id='par_1_6' title="bbox 1212 1437 2066 1479">
     <span class='ocr_line' id='line_1_69' title="bbox 1212 1437 2066 1479; baseline 0.019 -16"><span class='ocrx_word' id='word_1_505' title='bbox 1212 1437 1332 1465; x_wconf 70' lang='lat'><strong>2855</strong></span> <span class='ocrx_word' id='word_1_506' title='bbox 1625 1445 1757 1479; x_wconf 76' lang='lat' dir='ltr'><strong>Viterbe,</strong></span> <span class='ocrx_word' id='word_1_507' title='bbox 1772 1448 1807 1474; x_wconf 70' lang='lat'><strong>1⁹¹</strong></span> <span class='ocrx_word' id='word_1_508' title='bbox 1821 1448 1974 1477; x_wconf 77' lang='lat' dir='ltr'><strong>decembre</strong></span> <span class='ocrx_word' id='word_1_509' title='bbox 1989 1452 2066 1479; x_wconf 80' lang='lat'>1235.</span> 
     </span>
    </p>
   </div>
   <div class='ocr_carea' id='block_1_7' title="bbox 1139 1497 2138 1684">
    <p class='ocr_par' dir='ltr' id='par_1_7' title="bbox 1139 1497 2138 1684">
     <span class='ocr_line' id='line_1_70' title="bbox 1176 1497 2138 1544; baseline 0.019 -21"><span class='ocrx_word' id='word_1_510' title='bbox 1176 1497 1346 1533; x_wconf 85' lang='lat' dir='ltr'><strong>Praeposito</strong></span> <span class='ocrx_word' id='word_1_511' title='bbox 1361 1504 1389 1528; x_wconf 89' lang='lat' dir='ltr'><strong>et</strong></span> <span class='ocrx_word' id='word_1_512' title='bbox 1405 1502 1534 1536; x_wconf 88' lang='lat' dir='ltr'><strong>capitulo</strong></span> <span class='ocrx_word' id='word_1_513' title='bbox 1548 1504 1821 1543; x_wconf 76' lang='lat' dir='ltr'><strong>North[usensibus]</strong></span> <span class='ocrx_word' id='word_1_514' title='bbox 1841 1510 1985 1544; x_wconf 80' lang='lat' dir='ltr'><strong>significat</strong></span> <span class='ocrx_word' id='word_1_515' title='bbox 2006 1521 2035 1539; x_wconf 89' lang='lat' dir='ltr'><strong>se</strong></span> <span class='ocrx_word' id='word_1_516' title='bbox 2051 1514 2138 1541; x_wconf 85' lang='lat' dir='ltr'><strong>insti-</strong></span> 
     </span>
     <span class='ocr_line' id='line_1_71' title="bbox 1141 1545 2137 1592; baseline 0.019 -21"><span class='ocrx_word' id='word_1_517' title='bbox 1141 1545 1284 1573; x_wconf 86' lang='lat' dir='ltr'><strong>tutionem</strong></span> <span class='ocrx_word' id='word_1_518' title='bbox 1307 1547 1343 1574; x_wconf 89' lang='lat' dir='ltr'><strong>de</strong></span> <span class='ocrx_word' id='word_1_519' title='bbox 1366 1548 1437 1583; x_wconf 89' lang='lat' dir='ltr'><strong>ipsis</strong></span> <span class='ocrx_word' id='word_1_520' title='bbox 1460 1550 1490 1576; x_wconf 92' lang='lat' dir='ltr'><strong>in</strong></span> <span class='ocrx_word' id='word_1_521' title='bbox 1511 1553 1633 1579; x_wconf 88' lang='lat' dir='ltr'><strong>ecelesia</strong></span> <span class='ocrx_word' id='word_1_522' title='bbox 1655 1553 1874 1592; x_wconf 60' lang='lat' dir='ltr'><strong>Northsusensi]</strong></span> <span class='ocrx_word' id='word_1_523' title='bbox 1896 1558 1932 1586; x_wconf 87' lang='lat' dir='ltr'><strong>ab</strong></span> <span class='ocrx_word' id='word_1_524' title='bbox 1953 1559 2082 1587; x_wconf 72' lang='lat' dir='ltr'><strong>Honorio</strong></span> <span class='ocrx_word' id='word_1_525' title='bbox 2098 1563 2137 1590; x_wconf 87' lang='lat'><strong>111</strong></span> 
     </span>
     <span class='ocr_line' id='line_1_72' title="bbox 1141 1596 2135 1643; baseline 0.019 -25"><span class='ocrx_word' id='word_1_526' title='bbox 1141 1600 1216 1627; x_wconf 90' lang='lat' dir='ltr'><strong>papa</strong></span> <span class='ocrx_word' id='word_1_527' title='bbox 1227 1615 1234 1625; x_wconf 88' lang='lat'><strong>,</strong></span> <span class='ocrx_word' id='word_1_528' title='bbox 1257 1596 1476 1628; x_wconf 85' lang='lat' dir='ltr'><strong>praedecessore</strong></span> <span class='ocrx_word' id='word_1_529' title='bbox 1491 1603 1576 1633; x_wconf 81' lang='lat' dir='ltr'><strong>su01,</strong></span> <span class='ocrx_word' id='word_1_530' title='bbox 1597 1602 1702 1629; x_wconf 82' lang='lat' dir='ltr'><strong>factam</strong></span> <span class='ocrx_word' id='word_1_531' title='bbox 1715 1625 1721 1635; x_wconf 90' lang='lat'><strong>,</strong></span> <span class='ocrx_word' id='word_1_532' title='bbox 1738 1605 1919 1633; x_wconf 85' lang='lat' dir='ltr'><strong>confirmare.</strong></span> <span class='ocrx_word' id='word_1_533' title='bbox 1935 1622 1965 1626; x_wconf 90' lang='lat'><strong>—</strong></span> <span class='ocrx_word' id='word_1_534' title='bbox 1985 1609 2070 1640; x_wconf 67' lang='lat' dir='ltr'><strong>(Rea.</strong></span> <span class='ocrx_word' id='word_1_535' title='bbox 2088 1610 2135 1643; x_wconf 77' lang='lat'><strong>18,</strong></span> 
     </span>
     <span class='ocr_line' id='line_1_73' title="bbox 1139 1641 1891 1684; baseline 0.019 -17"><span class='ocrx_word' id='word_1_536' title='bbox 1139 1642 1159 1667; x_wconf 86' lang='lat' dir='ltr'><strong>f.</strong></span> <span class='ocrx_word' id='word_1_537' title='bbox 1174 1641 1208 1668; x_wconf 76' lang='lat'><strong>87</strong></span> <span class='ocrx_word' id='word_1_538' title='bbox 1224 1645 1268 1675; x_wconf 63' lang='lat' dir='ltr'><strong>x·‘’;</strong></span> <span class='ocrx_word' id='word_1_539' title='bbox 1285 1652 1354 1670; x_wconf 90' lang='lat' dir='ltr'><strong>ann.</strong></span> <span class='ocrx_word' id='word_1_540' title='bbox 1375 1645 1431 1677; x_wconf 81' lang='lat' dir='ltr'><strong>lx,</strong></span> <span class='ocrx_word' id='word_1_541' title='bbox 1446 1654 1470 1672; x_wconf 93' lang='lat' dir='ltr'><strong>c.</strong></span> <span class='ocrx_word' id='word_1_542' title='bbox 1485 1646 1552 1679; x_wconf 74' lang='lat'>299:</span> <span class='ocrx_word' id='word_1_543' title='bbox 1570 1663 1601 1667; x_wconf 89' lang='lat'><strong>—</strong></span> <span class='ocrx_word' id='word_1_544' title='bbox 1618 1650 1800 1680; x_wconf 68' lang='lat' dir='ltr'><strong>Roonxnenc</strong></span> <span class='ocrx_word' id='word_1_545' title='bbox 1817 1653 1891 1684; x_wconf 83' lang='lat'>669.)</span> 
     </span>
    </p>
   </div>
   <div class='ocr_carea' id='block_1_8' title="bbox 1137 1746 2134 1840">
    <p class='ocr_par' dir='ltr' id='par_1_8' title="bbox 1137 1746 2134 1840">
     <span class='ocr_line' id='line_1_74' title="bbox 1179 1746 2134 1792; baseline 0.02 -23"><span class='ocrx_word' id='word_1_546' title='bbox 1179 1754 1192 1767; x_wconf 87' lang='lat'>«</span> <span class='ocrx_word' id='word_1_547' title='bbox 1222 1765 1241 1770; x_wconf 94' lang='lat'><strong>..</strong></span> <span class='ocrx_word' id='word_1_548' title='bbox 1261 1746 1411 1781; x_wconf 80' lang='lat' dir='ltr'><strong>preposito</strong></span> <span class='ocrx_word' id='word_1_549' title='bbox 1432 1751 1457 1774; x_wconf 79' lang='lat' dir='ltr'><strong>cl</strong></span> <span class='ocrx_word' id='word_1_550' title='bbox 1480 1749 1614 1784; x_wconf 79' lang='lat' dir='ltr'><strong>capitulo</strong></span> <span class='ocrx_word' id='word_1_551' title='bbox 1634 1751 1924 1792; x_wconf 57' lang='lat' dir='ltr'><strong>Norlliffusrnsibus}</strong></span> <span class='ocrx_word' id='word_1_552' title='bbox 1951 1756 2031 1786; x_wconf 87' lang='lat' dir='ltr'><strong>Cum</strong></span> <span class='ocrx_word' id='word_1_553' title='bbox 2057 1758 2134 1787; x_wconf 86' lang='lat' dir='ltr'><strong>olim</strong></span> 
     </span>
     <span class='ocr_line' id='line_1_75' title="bbox 1137 1796 2132 1840; baseline 0.017 -19"><span class='ocrx_word' id='word_1_554' title='bbox 1137 1797 1202 1822; x_wconf 86' lang='lat' dir='ltr'><strong>tam</strong></span> <span class='ocrx_word' id='word_1_555' title='bbox 1216 1811 1264 1823; x_wconf 83' lang='lat'><strong>—.</strong></span> <span class='ocrx_word' id='word_1_556' title='bbox 1280 1796 1352 1825; x_wconf 88' lang='lat' dir='ltr'><strong>Dat.</strong></span> <span class='ocrx_word' id='word_1_557' title='bbox 1366 1797 1520 1834; x_wconf 61' lang='lat' dir='ltr'><strong>viterbii,</strong></span> <span class='ocrx_word' id='word_1_558' title='bbox 1536 1800 1686 1832; x_wconf 83' lang='lat' dir='ltr'><strong>kalendis</strong></span> <span class='ocrx_word' id='word_1_559' title='bbox 1701 1803 1894 1836; x_wconf 78' lang='lat' dir='ltr'><strong>decembris.</strong></span> <span class='ocrx_word' id='word_1_560' title='bbox 1909 1817 1995 1838; x_wconf 87' lang='lat' dir='ltr'><strong>anno</strong></span> <span class='ocrx_word' id='word_1_561' title='bbox 2008 1818 2103 1840; x_wconf 81' lang='lat' dir='ltr'><strong>nono.</strong></span> <span class='ocrx_word' id='word_1_562' title='bbox 2119 1823 2132 1838; x_wconf 70' lang='lat' dir='ltr'>n</span> 
     </span>
    </p>
   </div>
   <div class='ocr_carea' id='block_1_9' title="bbox 1205 1964 1321 1993">
    <p class='ocr_par' dir='ltr' id='par_1_9' title="bbox 1205 1964 1321 1993">
     <span class='ocr_line' id='line_1_76' title="bbox 1205 1964 1321 1993; baseline 0.017 -2"><span class='ocrx_word' id='word_1_563' title='bbox 1205 1964 1321 1993; x_wconf 71' lang='lat' dir='ltr'><strong>285ss</strong></span> 
     </span>
    </p>
   </div>
   <div class='ocr_carea' id='block_1_10' title="bbox 1129 2025 2131 2361">
    <p class='ocr_par' dir='ltr' id='par_1_10' title="bbox 1129 2025 2131 2361">
     <span class='ocr_line' id='line_1_77' title="bbox 1169 2025 2131 2075; baseline 0.019 -24"><span class='ocrx_word' id='word_1_564' title='bbox 1169 2025 1278 2053; x_wconf 83' lang='lat' dir='ltr'><strong>Abbati</strong></span> <span class='ocrx_word' id='word_1_565' title='bbox 1294 2027 1330 2054; x_wconf 88' lang='lat' dir='ltr'><strong>de</strong></span> <span class='ocrx_word' id='word_1_566' title='bbox 1345 2028 1469 2057; x_wconf 79' lang='lat' dir='ltr'><strong>lrantio.</strong></span> <span class='ocrx_word' id='word_1_567' title='bbox 1486 2034 1513 2057; x_wconf 87' lang='lat' dir='ltr'><strong>et</strong></span> <span class='ocrx_word' id='word_1_568' title='bbox 1532 2031 1672 2059; x_wconf 82' lang='lat' dir='ltr'><strong>Roscidae</strong></span> <span class='ocrx_word' id='word_1_569' title='bbox 1688 2034 1784 2062; x_wconf 79' lang='lat' dir='ltr'><strong>Vallis</strong></span> <span class='ocrx_word' id='word_1_570' title='bbox 1804 2040 1831 2062; x_wconf 85' lang='lat' dir='ltr'><strong>et</strong></span> <span class='ocrx_word' id='word_1_571' title='bbox 1851 2037 1886 2064; x_wconf 88' lang='lat' dir='ltr'><strong>(le</strong></span> <span class='ocrx_word' id='word_1_572' title='bbox 1902 2038 2005 2066; x_wconf 88' lang='lat' dir='ltr'><strong>Tutela</strong></span> <span class='ocrx_word' id='word_1_573' title='bbox 2026 2042 2131 2075; x_wconf 77' lang='lat' dir='ltr'><strong>priori-</strong></span> 
     </span>
     <span class='ocr_line' id='line_1_78' title="bbox 1133 2072 2129 2118; baseline 0.019 -20"><span class='ocrx_word' id='word_1_574' title='bbox 1133 2072 1200 2105; x_wconf 88' lang='lat' dir='ltr'><strong>bus,</strong></span> <span class='ocrx_word' id='word_1_575' title='bbox 1229 2074 1468 2109; x_wconf 82' lang='lat' dir='ltr'><strong>Pampilouensis</strong></span> <span class='ocrx_word' id='word_1_576' title='bbox 1494 2078 1649 2112; x_wconf 73' lang='lat' dir='ltr'><strong>dioecesis,</strong></span> <span class='ocrx_word' id='word_1_577' title='bbox 1676 2083 1795 2110; x_wconf 84' lang='lat' dir='ltr'><strong>mandat</strong></span> <span class='ocrx_word' id='word_1_578' title='bbox 1821 2089 1963 2118; x_wconf 83' lang='lat' dir='ltr'><strong>quatenus</strong></span> <span class='ocrx_word' id='word_1_579' title='bbox 1988 2088 2129 2118; x_wconf 81' lang='lat' dir='ltr'><strong>inducant</strong></span> 
     </span>
     <span class='ocr_line' id='line_1_79' title="bbox 1131 2121 2130 2169; baseline 0.019 -23"><span class='ocrx_word' id='word_1_580' title='bbox 1131 2121 1244 2148; x_wconf 88' lang='lat' dir='ltr'><strong>nobiles</strong></span> <span class='ocrx_word' id='word_1_581' title='bbox 1262 2123 1344 2157; x_wconf 79' lang='lat' dir='ltr'><strong>regni</strong></span> <span class='ocrx_word' id='word_1_582' title='bbox 1369 2124 1521 2152; x_wconf 71' lang='lat' dir='ltr'><strong>Navarrae</strong></span> <span class='ocrx_word' id='word_1_583' title='bbox 1543 2131 1573 2154; x_wconf 91' lang='lat' dir='ltr'><strong>ut</strong></span> <span class='ocrx_word' id='word_1_584' title='bbox 1597 2128 1718 2156; x_wconf 84' lang='lat' dir='ltr'><strong>illicitas</strong></span> <span class='ocrx_word' id='word_1_585' title='bbox 1739 2132 1940 2166; x_wconf 72' lang='lat' dir='ltr'><strong>colligationes</strong></span> <span class='ocrx_word' id='word_1_586' title='bbox 1961 2144 2031 2169; x_wconf 82' lang='lat' dir='ltr'><strong>quas</strong></span> <span class='ocrx_word' id='word_1_587' title='bbox 2054 2137 2130 2165; x_wconf 91' lang='lat' dir='ltr'><strong>inire</strong></span> 
     </span>
     <span class='ocr_line' id='line_1_80' title="bbox 1131 2173 2128 2217; baseline 0.018 -22"><span class='ocrx_word' id='word_1_588' title='bbox 1131 2176 1397 2205; x_wconf 76' lang='lat' dir='ltr'><strong>praesumpserant,</strong></span> <span class='ocrx_word' id='word_1_589' title='bbox 1420 2173 1450 2200; x_wconf 94' lang='lat' dir='ltr'><strong>in</strong></span> <span class='ocrx_word' id='word_1_590' title='bbox 1474 2175 1688 2208; x_wconf 85' lang='lat' dir='ltr'><strong>praejudicium</strong></span> <span class='ocrx_word' id='word_1_591' title='bbox 1705 2176 1889 2215; x_wconf 73' lang='lat' dir='ltr'><strong>[Theobaldi]</strong></span> <span class='ocrx_word' id='word_1_592' title='bbox 1905 2183 1994 2217; x_wconf 81' lang='lat' dir='ltr'><strong>regis,</strong></span> <span class='ocrx_word' id='word_1_593' title='bbox 2012 2186 2128 2213; x_wconf 67' lang='lat' dir='ltr'><strong>cernitis</strong></span> 
     </span>
     <span class='ocr_line' id='line_1_81' title="bbox 1131 2216 2127 2268; baseline 0.018 -25"><span class='ocrx_word' id='word_1_594' title='bbox 1131 2216 1322 2252; x_wconf 81' lang='lat' dir='ltr'><strong>Campaniae,</strong></span> <span class='ocrx_word' id='word_1_595' title='bbox 1345 2220 1376 2246; x_wconf 90' lang='lat' dir='ltr'><strong>in</strong></span> <span class='ocrx_word' id='word_1_596' title='bbox 1400 2221 1563 2249; x_wconf 88' lang='lat' dir='ltr'><strong>subsidium</strong></span> <span class='ocrx_word' id='word_1_597' title='bbox 1583 2224 1688 2252; x_wconf 85' lang='lat' dir='ltr'><strong>Terrae</strong></span> <span class='ocrx_word' id='word_1_598' title='bbox 1711 2226 1837 2255; x_wconf 82' lang='lat' dir='ltr'><strong>Sanctae</strong></span> <span class='ocrx_word' id='word_1_599' title='bbox 1858 2232 2046 2259; x_wconf 77' lang='lat' dir='ltr'><strong>transfretare</strong></span> <span class='ocrx_word' id='word_1_600' title='bbox 2062 2242 2127 2268; x_wconf 77' lang='lat' dir='ltr'><strong>prn-</strong></span> 
     </span>
     <span class='ocr_line' id='line_1_82' title="bbox 1129 2266 2126 2315; baseline 0.018 -24"><span class='ocrx_word' id='word_1_601' title='bbox 1129 2266 1275 2299; x_wconf 83' lang='lat' dir='ltr'><strong>ponentis,</strong></span> <span class='ocrx_word' id='word_1_602' title='bbox 1292 2267 1466 2296; x_wconf 75' lang='lat' dir='ltr'><strong>dissolvant.</strong></span> <span class='ocrx_word' id='word_1_603' title='bbox 1484 2285 1515 2289; x_wconf 87' lang='lat'><strong>—</strong></span> <span class='ocrx_word' id='word_1_604' title='bbox 1532 2272 1618 2302; x_wconf 69' lang='lat' dir='ltr'><strong>(Rea.</strong></span> <span class='ocrx_word' id='word_1_605' title='bbox 1640 2273 1683 2306; x_wconf 82' lang='lat'><strong>18,</strong></span> <span class='ocrx_word' id='word_1_606' title='bbox 1703 2275 1723 2300; x_wconf 78' lang='lat' dir='ltr'><strong>f.</strong></span> <span class='ocrx_word' id='word_1_607' title='bbox 1740 2275 1774 2302; x_wconf 88' lang='grc'><strong>88</strong></span> <span class='ocrx_word' id='word_1_608' title='bbox 1791 2280 1831 2307; x_wconf 79' lang='grc' dir='ltr'>ι-”;</span> <span class='ocrx_word' id='word_1_609' title='bbox 1851 2286 1919 2304; x_wconf 86' lang='lat' dir='ltr'><strong>ann.</strong></span> <span class='ocrx_word' id='word_1_610' title='bbox 1938 2279 1994 2308; x_wconf 81' lang='lat' dir='ltr'><strong>IX.</strong></span> <span class='ocrx_word' id='word_1_611' title='bbox 2014 2290 2038 2307; x_wconf 89' lang='lat' dir='ltr'><strong>c.</strong></span> <span class='ocrx_word' id='word_1_612' title='bbox 2057 2282 2126 2315; x_wconf 78' lang='lat'>300;</span> 
     </span>
     <span class='ocr_line' id='line_1_83' title="bbox 1129 2312 2126 2361; baseline 0.019 -22"><span class='ocrx_word' id='word_1_613' title='bbox 1129 2326 1160 2331; x_wconf 87' lang='lat'>—</span> <span class='ocrx_word' id='word_1_614' title='bbox 1174 2312 1307 2343; x_wconf 63' lang='lat' dir='ltr'><strong>Momm</strong></span> <span class='ocrx_word' id='word_1_615' title='bbox 1322 2316 1401 2349; x_wconf 82' lang='lat'><strong>1190,</strong></span> <span class='ocrx_word' id='word_1_616' title='bbox 1419 2318 1438 2344; x_wconf 82' lang='lat' dir='ltr'><strong>f.</strong></span> <span class='ocrx_word' id='word_1_617' title='bbox 1456 2317 1503 2345; x_wconf 85' lang='lat'><strong>181</strong></span> <span class='ocrx_word' id='word_1_618' title='bbox 1517 2327 1523 2350; x_wconf 84' lang='lat'>;</span> <span class='ocrx_word' id='word_1_619' title='bbox 1540 2320 1577 2346; x_wconf 81' lang='lat' dir='ltr'><strong>cf.</strong></span> <span class='ocrx_word' id='word_1_620' title='bbox 1592 2320 1669 2353; x_wconf 61' lang='lat' dir='ltr'><strong>ibid„</strong></span> <span class='ocrx_word' id='word_1_621' title='bbox 1682 2323 1701 2348; x_wconf 77' lang='grc' dir='ltr'><strong>ι’.</strong></span> <span class='ocrx_word' id='word_1_622' title='bbox 1719 2322 1785 2355; x_wconf 90' lang='grc'>180;</span> <span class='ocrx_word' id='word_1_623' title='bbox 1804 2339 1834 2342; x_wconf 94' lang='grc'>-</span> <span class='ocrx_word' id='word_1_624' title='bbox 1847 2325 2003 2355; x_wconf 66' lang='lat' dir='ltr'><strong>Por-masi·</strong></span> <span class='ocrx_word' id='word_1_625' title='bbox 2018 2329 2126 2361; x_wconf 85' lang='lat'>10059.)</span> 
     </span>
    </p>
   </div>
   <div class='ocr_carea' id='block_1_11' title="bbox 1635 1972 2059 2007">
    <p class='ocr_par' dir='ltr' id='par_1_11' title="bbox 1635 1972 2059 2007">
     <span class='ocr_line' id='line_1_84' title="bbox 1635 1972 2059 2007; baseline 0.024 -10"><span class='ocrx_word' id='word_1_626' title='bbox 1635 1972 1766 2006; x_wconf 70' lang='lat' dir='ltr'><strong>Vsterbe,</strong></span> <span class='ocrx_word' id='word_1_627' title='bbox 1782 1975 1799 2001; x_wconf 87' lang='lat'>5</span> <span class='ocrx_word' id='word_1_628' title='bbox 1814 1976 1967 2005; x_wconf 78' lang='lat' dir='ltr'><strong>decembre</strong></span> <span class='ocrx_word' id='word_1_629' title='bbox 1983 1980 2059 2007; x_wconf 74' lang='lat'>1235.</span> 
     </span>
    </p>
   </div>
   <div class='ocr_carea' id='block_1_12' title="bbox 1121 2415 2125 2827">
    <p class='ocr_par' dir='ltr' id='par_1_12' title="bbox 1121 2415 2125 2827">
     <span class='ocr_line' id='line_1_85' title="bbox 1168 2415 2124 2463; baseline 0.018 -22"><span class='ocrx_word' id='word_1_630' title='bbox 1168 2425 1181 2439; x_wconf 84' lang='lat'>«</span> <span class='ocrx_word' id='word_1_631' title='bbox 1201 2436 1220 2442; x_wconf 85' lang='lat'><strong>..</strong></span> <span class='ocrx_word' id='word_1_632' title='bbox 1238 2415 1339 2444; x_wconf 80' lang='lat' dir='ltr'><strong>abbati</strong></span> <span class='ocrx_word' id='word_1_633' title='bbox 1356 2416 1389 2445; x_wconf 82' lang='lat' dir='ltr'><strong>de</strong></span> <span class='ocrx_word' id='word_1_634' title='bbox 1404 2417 1534 2453; x_wconf 66' lang='lat' dir='ltr'><strong>nuntio,</strong></span> <span class='ocrx_word' id='word_1_635' title='bbox 1555 2442 1572 2447; x_wconf 87' lang='lat'><strong>..</strong></span> <span class='ocrx_word' id='word_1_636' title='bbox 1594 2421 1737 2460; x_wconf 73' lang='lat' dir='ltr'><strong>Roscid[e]</strong></span> <span class='ocrx_word' id='word_1_637' title='bbox 1758 2424 1872 2463; x_wconf 60' lang='lat' dir='ltr'><strong>ramis]</strong></span> <span class='ocrx_word' id='word_1_638' title='bbox 1891 2431 1916 2454; x_wconf 87' lang='lat' dir='ltr'><strong>cl</strong></span> <span class='ocrx_word' id='word_1_639' title='bbox 1936 2449 1955 2454; x_wconf 93' lang='lat'><strong>..</strong></span> <span class='ocrx_word' id='word_1_640' title='bbox 1973 2427 2005 2456; x_wconf 82' lang='lat' dir='ltr'><strong>de</strong></span> <span class='ocrx_word' id='word_1_641' title='bbox 2023 2429 2124 2458; x_wconf 74' lang='lat' dir='ltr'><strong>Tutela</strong></span> 
     </span>
     <span class='ocr_line' id='line_1_86' title="bbox 1121 2467 2125 2519; baseline 0.019 -26"><span class='ocrx_word' id='word_1_642' title='bbox 1121 2467 1293 2502; x_wconf 79' lang='lat' dir='ltr'><strong>prioribus,</strong></span> <span class='ocrx_word' id='word_1_643' title='bbox 1322 2469 1563 2506; x_wconf 81' lang='lat' dir='ltr'><strong>Pampilonensis</strong></span> <span class='ocrx_word' id='word_1_644' title='bbox 1590 2472 1722 2502; x_wconf 81' lang='lat' dir='ltr'><strong>diocesis.</strong></span> <span class='ocrx_word' id='word_1_645' title='bbox 1754 2476 1874 2506; x_wconf 78' lang='lat' dir='ltr'><strong>Audito</strong></span> <span class='ocrx_word' id='word_1_646' title='bbox 1906 2487 2010 2517; x_wconf 90' lang='lat' dir='ltr'><strong>nuper</strong></span> <span class='ocrx_word' id='word_1_647' title='bbox 2039 2481 2125 2519; x_wconf 83' lang='lat' dir='ltr'><strong>quod</strong></span> 
     </span>
     <span class='ocr_line' id='line_1_87' title="bbox 1125 2518 2123 2563; baseline 0.017 -17"><span class='ocrx_word' id='word_1_648' title='bbox 1125 2518 1334 2549; x_wconf 86' lang='lat' dir='ltr'><strong>carissimum</strong></span> <span class='ocrx_word' id='word_1_649' title='bbox 1351 2521 1387 2550; x_wconf 89' lang='lat' dir='ltr'><strong>in</strong></span> <span class='ocrx_word' id='word_1_650' title='bbox 1407 2521 1539 2552; x_wconf 89' lang='lat' dir='ltr'><strong>Christo</strong></span> <span class='ocrx_word' id='word_1_651' title='bbox 1556 2524 1660 2554; x_wconf 83' lang='lat' dir='ltr'><strong>filium</strong></span> <span class='ocrx_word' id='word_1_652' title='bbox 1678 2531 1825 2556; x_wconf 83' lang='lat' dir='ltr'><strong>nostrum</strong></span> <span class='ocrx_word' id='word_1_653' title='bbox 1847 2552 1866 2557; x_wconf 89' lang='lat'><strong>..</strong></span> <span class='ocrx_word' id='word_1_654' title='bbox 1890 2529 2051 2562; x_wconf 86' lang='lat' dir='ltr'><strong>illustrem</strong></span> <span class='ocrx_word' id='word_1_655' title='bbox 2073 2543 2123 2563; x_wconf 85' lang='lat' dir='ltr'><strong>re-</strong></span> 
     </span>
     <span class='ocr_line' id='line_1_88' title="bbox 1125 2571 2121 2622; baseline 0.017 -24"><span class='ocrx_word' id='word_1_656' title='bbox 1125 2578 1197 2607; x_wconf 84' lang='lat' dir='ltr'><strong>gem</strong></span> <span class='ocrx_word' id='word_1_657' title='bbox 1216 2571 1375 2607; x_wconf 83' lang='lat' dir='ltr'><strong>Navarre,</strong></span> <span class='ocrx_word' id='word_1_658' title='bbox 1400 2575 1553 2605; x_wconf 86' lang='lat' dir='ltr'><strong>comitem</strong></span> <span class='ocrx_word' id='word_1_659' title='bbox 1573 2576 1762 2615; x_wconf 69' lang='lat' dir='ltr'><strong>Campanie.</strong></span> <span class='ocrx_word' id='word_1_660' title='bbox 1788 2588 1891 2619; x_wconf 77' lang='lat' dir='ltr'><strong>usque</strong></span> <span class='ocrx_word' id='word_1_661' title='bbox 1915 2582 1994 2613; x_wconf 84' lang='lat' dir='ltr'><strong>adeo</strong></span> <span class='ocrx_word' id='word_1_662' title='bbox 2016 2585 2121 2622; x_wconf 66' lang='lat' dir='ltr'><strong>tetis-*it</strong></span> 
     </span>
     <span class='ocr_line' id='line_1_89' title="bbox 1123 2622 2119 2672; baseline 0.016 -21"><span class='ocrx_word' id='word_1_663' title='bbox 1123 2622 1247 2661; x_wconf 83' lang='lat' dir='ltr'><strong>injuria</strong></span> <span class='ocrx_word' id='word_1_664' title='bbox 1257 2623 1413 2655; x_wconf 84' lang='lat' dir='ltr'><strong>Crucifixi</strong></span> <span class='ocrx_word' id='word_1_665' title='bbox 1425 2631 1455 2656; x_wconf 84' lang='lat' dir='ltr'><strong>et</strong></span> <span class='ocrx_word' id='word_1_666' title='bbox 1467 2627 1554 2658; x_wconf 87' lang='lat' dir='ltr'><strong>zelus</strong></span> <span class='ocrx_word' id='word_1_667' title='bbox 1563 2629 1660 2659; x_wconf 86' lang='lat' dir='ltr'><strong>Terre</strong></span> <span class='ocrx_word' id='word_1_668' title='bbox 1673 2631 1862 2661; x_wconf 75' lang='lat' dir='ltr'><strong>Nativitatis</strong></span> <span class='ocrx_word' id='word_1_669' title='bbox 1872 2634 1942 2672; x_wconf 85' lang='lat' dir='ltr'><strong>ejus</strong></span> <span class='ocrx_word' id='word_1_670' title='bbox 1952 2636 2119 2668; x_wconf 54' lang='lat' dir='ltr'><strong>comedit?v</strong></span> 
     </span>
     <span class='ocr_line' id='line_1_90' title="bbox 1122 2678 2119 2719; baseline 0.015 -15"><span class='ocrx_word' id='word_1_671' title='bbox 1122 2678 1169 2710; x_wconf 76' lang='lat' dir='ltr'><strong>ut,</strong></span> <span class='ocrx_word' id='word_1_672' title='bbox 1182 2678 1373 2715; x_wconf 87' lang='lat' dir='ltr'><strong>postpositis</strong></span> <span class='ocrx_word' id='word_1_673' title='bbox 1385 2679 1665 2711; x_wconf 85' lang='lat' dir='ltr'><strong>sollicitudinibus</strong></span> <span class='ocrx_word' id='word_1_674' title='bbox 1680 2682 1764 2718; x_wconf 83' lang='lat' dir='ltr'><strong>aliis,</strong></span> <span class='ocrx_word' id='word_1_675' title='bbox 1780 2685 1812 2712; x_wconf 92' lang='lat' dir='ltr'><strong>in</strong></span> <span class='ocrx_word' id='word_1_676' title='bbox 1828 2685 2011 2716; x_wconf 74' lang='lat' dir='ltr'><strong>subsidium</strong></span> <span class='ocrx_word' id='word_1_677' title='bbox 2022 2689 2119 2719; x_wconf 86' lang='lat' dir='ltr'><strong>Terre</strong></span> 
     </span>
     <span class='ocr_line' id='line_1_91' title="bbox 1121 2725 2119 2774; baseline 0.014 -18"><span class='ocrx_word' id='word_1_678' title='bbox 1121 2725 1228 2764; x_wconf 86' lang='lat' dir='ltr'><strong>ipsius</strong></span> <span class='ocrx_word' id='word_1_679' title='bbox 1250 2731 1456 2768; x_wconf 89' lang='lat' dir='ltr'><strong>proposuerit</strong></span> <span class='ocrx_word' id='word_1_680' title='bbox 1480 2733 1708 2763; x_wconf 83' lang='lat' dir='ltr'><strong>transfretare.</strong></span> <span class='ocrx_word' id='word_1_681' title='bbox 1733 2739 1822 2765; x_wconf 85' lang='lat' dir='ltr'><strong>tanto</strong></span> <span class='ocrx_word' id='word_1_682' title='bbox 1847 2737 2025 2774; x_wconf 74' lang='lat' dir='ltr'><strong>gaudemus</strong></span> <span class='ocrx_word' id='word_1_683' title='bbox 2050 2749 2119 2769; x_wconf 90' lang='lat' dir='ltr'><strong>am-</strong></span> 
     </span>
     <span class='ocr_line' id='line_1_92' title="bbox 1121 2778 2116 2827; baseline 0.014 -19"><span class='ocrx_word' id='word_1_684' title='bbox 1121 2778 1221 2816; x_wconf 77' lang='lat' dir='ltr'><strong>plius,</strong></span> <span class='ocrx_word' id='word_1_685' title='bbox 1239 2790 1303 2819; x_wconf 82' lang='lat' dir='ltr'><strong>quo</strong></span> <span class='ocrx_word' id='word_1_686' title='bbox 1319 2783 1483 2814; x_wconf 88' lang='lat' dir='ltr'><strong>credimus</strong></span> <span class='ocrx_word' id='word_1_687' title='bbox 1500 2793 1537 2814; x_wconf 86' lang='lat' dir='ltr'><strong>ex</strong></span> <span class='ocrx_word' id='word_1_688' title='bbox 1556 2786 1669 2824; x_wconf 82' lang='lat' dir='ltr'><strong>majori</strong></span> <span class='ocrx_word' id='word_1_689' title='bbox 1687 2786 1857 2818; x_wconf 79' lang='lat' dir='ltr'><strong>devotione</strong></span> <span class='ocrx_word' id='word_1_690' title='bbox 1877 2790 2050 2827; x_wconf 84' lang='lat' dir='ltr'><strong>procedere</strong></span> <span class='ocrx_word' id='word_1_691' title='bbox 2071 2797 2116 2823; x_wconf 88' lang='lat' dir='ltr'><strong>ut.</strong></span> 
     </span>
    </p>
   </div>
   <div class='ocr_carea' id='block_1_13' title="bbox 1150 2903 1750 2982">
    <p class='ocr_par' dir='ltr' id='par_1_13' title="bbox 1150 2903 1750 2982">
     <span class='ocr_line' id='line_1_93' title="bbox 1155 2903 1430 2932; baseline 0.018 -6"><span class='ocrx_word' id='word_1_692' title='bbox 1155 2903 1175 2926; x_wconf 84' lang='lat' dir='ltr'><strong>l.</strong></span> <span class='ocrx_word' id='word_1_693' title='bbox 1191 2903 1346 2930; x_wconf 73' lang='lat' dir='ltr'><strong>Pnssscrrt</strong></span> <span class='ocrx_word' id='word_1_694' title='bbox 1362 2906 1430 2932; x_wconf 68' lang='lat'>3:07.</span> 
     </span>
     <span class='ocr_line' id='line_1_94' title="bbox 1150 2946 1750 2982; baseline 0.01 -12"><span class='ocrx_word' id='word_1_695' title='bbox 1150 2946 1172 2970; x_wconf 66' lang='lat'><strong>2¹.</strong></span> <span class='ocrx_word' id='word_1_696' title='bbox 1189 2947 1230 2972; x_wconf 80' lang='lat' dir='ltr'><strong>Cf.</strong></span> <span class='ocrx_word' id='word_1_697' title='bbox 1248 2947 1330 2973; x_wconf 65' lang='lat' dir='ltr'><strong>Psan.</strong></span> <span class='ocrx_word' id='word_1_698' title='bbox 1349 2949 1469 2979; x_wconf 81' lang='lat' dir='ltr'><strong>vam,</strong></span> <span class='ocrx_word' id='word_1_699' title='bbox 1488 2951 1528 2979; x_wconf 85' lang='lat'><strong>10;</strong></span> <span class='ocrx_word' id='word_1_700' title='bbox 1546 2951 1645 2976; x_wconf 66' lang='lat' dir='ltr'><strong>Joxxx.</strong></span> <span class='ocrx_word' id='word_1_701' title='bbox 1663 2953 1696 2982; x_wconf 89' lang='lat' dir='ltr'><strong>ll,</strong></span> <span class='ocrx_word' id='word_1_702' title='bbox 1715 2954 1750 2976; x_wconf 74' lang='lat'><strong>17.</strong></span> 
     </span>
    </p>
   </div>
   <div class='ocr_carea' id='block_1_14' title="bbox 1967 3014 1993 3037">
    <p class='ocr_par' dir='ltr' id='par_1_14' title="bbox 1967 3014 1993 3037">
     <span class='ocr_line' id='line_1_95' title="bbox 1967 3014 1993 3037; baseline 0 0"><span class='ocrx_word' id='word_1_703' title='bbox 1967 3014 1993 3037; x_wconf 66' lang='lat' dir='ltr'><strong>tt</strong></span> 
     </span>
    </p>
   </div>
  </div>
 </body>
</html>
