2423 3487
224 282 280 312 ‘243
943 271 1180 303 REGISTm-:s
1204 269 1257 298 DE
1280 263 1501 299 GREGOIRE
1525 269 1583 298 ix.
2249 267 2306 298 244

225 347 406 376 chidiacono,
424 349 451 370 et
471 343 603 376 Roget-io,
625 341 844 369 Constantiensi
864 339 1081 367 archidiacono,
1103 336 1223 363 mandat

226 398 368 429 quatenus
382 401 482 419 causas
494 392 570 418 inter
581 390 793 417 Abrineenseui
809 388 961 414 ecelesiam
975 389 1002 413 et
1014 384 1223 412 monasterium

226 442 337 469 Montis
359 440 461 466 Sancti
480 438 639 465 Michaelis
653 438 683 463 in
705 437 841 463 Perieulo
856 435 949 462 Maris
965 443 980 461 a
996 435 1079 465 longo
1096 436 1225 465 tempore

226 493 397 524 protractas,
408 491 524 522 propter
535 486 721 513 visitationes
733 485 763 511 in
774 485 873 511 eodem
885 483 1060 509 nwnastcrio
1069 482 1105 508 ab
1116 480 1226 507 Abrin-

227 537 305 564 eensi
332 536 465 570 episcopo
491 536 582 561 factas
606 536 633 559 et
658 534 750 559 multa
777 532 850 563 alia,
874 530 1028 557 concordia
1049 530 1094 555 vel
1116 527 1227 561 judicio

227 585 404 615 terminent;
429 582 560 616 alioquin
581 582 660 615 ipsas
676 577 858 607 sufficienter
875 579 1033 604 instructas
1054 577 1089 603 ad
1112 578 1227 609 aposto-

229 634 318 660 licum
339 640 461 658 examen
483 630 647 656 remittant.
673 643 703 646 —
728 629 813 660 (um.
834 627 880 659 18,
904 628 923 653 f.
946 626 996 652 102
1018 629 1056 656 r'';
1078 633 1146 651 ann.
1168 623 1227 654 tx,

227 690 251 709 c.
269 681 342 710 362.)

271 826 283 839 «
306 814 377 847 Ade,
403 812 579 841 Redonenst'.
605 810 767 845 (lanfrido.
791 809 999 838 Maeloricnst'.
1023 813 1048 836 el
1070 805 1226 844 Roy[r›'t'o],

230 867 454 897 Constantirnsi
468 864 707 893 archidiaconis.
725 861 934 891 Transmissa
952 860 1046 889 nobis
1064 858 1232 889 venerabi-

232 920 272 949 lis
297 920 398 948 frater
424 921 534 946 noster
557 939 578 944 ..
603 915 819 944 Abx-incensis
843 914 1016 952 episcopus
1040 912 1122 951 [sua]
1149 911 1234 949 peti—

233 973 320 1002 tione
339 970 533 1000 monstravit
551 969 652 1007 quod,
673 977 746 997 cum
770 967 847 997 olim
870 971 999 996 nostras
1023 966 1051 995 ei
1075 965 1234 995 direxeri-

233 1034 305 1054 mus
327 1024 470 1057 litteras,
501 1022 708 1051 continentes
731 1024 781 1049 ut.
809 1024 874 1049 tam
903 1019 1097 1048 auctoritate
1123 1021 1235 1046 nostra

234 1086 331 1116 quam
349 1085 418 1105 sua.
439 1075 478 1104 ad
497 1074 731 1103 correctionem
753 1081 886 1102 suorum
910 1071 1099 1110 procederet
1122 1070 1237 1100 subdi-

237 1135 358 1164 torum,
379 1129 463 1158 idem
482 1128 669 1165 episcopus,
687 1125 888 1155 monasterio
905 1125 1026 1154 Montis
1043 1123 1155 1153 Sancti
1174 1122 1238 1152 Mi-

236 1182 360 1212 chaelis
377 1181 414 1210 de
429 1180 579 1210 Perirulo
594 1179 707 1208 Maris.
722 1178 793 1216 lege
811 1178 874 1206 sibi
889 1178 1062 1206 diocesana
1079 1176 1236 1215 subjecto,

236 1240 374 1272 utraque
403 1233 597 1262 auctoritate
620 1232 764 1261 officium
794 1230 996 1260 visitationis
1025 1229 1237 1267 impendens,

237 1287 444 1317 considerato
463 1285 639 1322 diligenter
656 1288 742 1313 statu
760 1283 876 1321 capitis
893 1287 923 1312 et
940 1282 1173 1315 membrorum,
1189 1290 1240 1310 su-

239 1349 295 1378 per
313 1338 484 1368 monachis
503 1337 536 1366 in
556 1336 757 1374 prioratibus
774 1336 808 1364 in
826 1335 946 1374 quibus
966 1344 1037 1364 esse
1061 1342 1241 1376 consueve-

239 1396 324 1426 rant,
343 1390 550 1428 reponendis,
569 1388 785 1427 pensionibus
802 1388 840 1417 de
858 1396 940 1417 novo
957 1387 1122 1425 impositis
1138 1390 1166 1416 et
1186 1394 1242 1415 ve—

241 1444 366 1474 teribus
382 1444 416 1472 in
434 1442 630 1481 quibusdam
647 1450 760 1471 eorum
776 1440 976 1479 prioratibus
993 1444 1104 1469 contra
1121 1442 1244 1469 statuta

242 1496 406 1534 generalis
423 1494 556 1524 concilii
575 1493 815 1532 augmentatis,
834 1502 868 1522 ac
886 1502 943 1522 esu
964 1493 1126 1527 carnium,
1145 1496 1174 1521 et
1191 1501 1244 1521 ra-

245 1547 332 1576 tione
356 1547 393 1576 de
415 1545 500 1575 datis
523 1549 554 1575 et
574 1545 715 1583 receptis
737 1544 776 1574 ab
801 1543 1051 1574 obedientiariis
1073 1547 1188 1582 quater
1210 1543 1245 1571 in

243 1608 330 1629 anno
359 1598 538 1632 reddenda,
569 1602 599 1627 ct
625 1597 822 1636 quibusdam
848 1597 923 1626 aliis
951 1601 1073 1626 statuta
1100 1595 1246 1625 salubria

244 1652 346 1683 edidit
363 1656 393 1681 et
405 1651 542 1681 honesta
554 1661 559 1686 ;
572 1651 665 1689 cujus
682 1650 882 1680 ordinationi
895 1659 968 1679 cum
981 1673 1000 1678 ..
1014 1649 1114 1679 abbas
1127 1653 1157 1678 et
1173 1657 1246 1678 con-

244 1709 362 1735 ventus
379 1704 484 1742 ipsius
501 1703 694 1733 monasterii
707 1711 771 1732 non
784 1702 1061 1732 contradixissent
1074 1701 1107 1730 in
1123 1701 1244 1739 aliquo,

245 1758 356 1791 immo,
372 1757 536 1795 implendo
554 1756 693 1795 quedam
708 1756 813 1794 ipsius
829 1755 983 1793 capitula,
997 1764 1069 1785 eam
1086 1764 1142 1792 per
1155 1763 1248 1784 men-

245 1818 314 1840 sem
335 1814 363 1839 et
389 1809 529 1847 amplius
558 1812 797 1846 acceptassent,
826 1807 1016 1845 intelligens
1041 1807 1248 1845 postmodum

247 1862 419 1899 episeopus
442 1865 641 1890 memoratus
665 1860 752 1898 quod
774 1860 807 1889 in
834 1860 1032 1898 quibusdam
1055 1859 1093 1889 de
1115 1859 1248 1889 statutis

247 1913 386 1947 eisdem,
407 1918 435 1941 et
460 1912 633 1950 presertim
656 1913 689 1941 in
709 1912 774 1941 hiis
795 1921 857 1950 que
879 1917 956 1941 sunt
977 1920 1128 1949 expressa
1151 1920 1249 1949 supe-

249 1966 328 1995 rius.
354 1974 418 1995 non
438 1965 601 1994 modicum
623 1964 875 2002 delinquel‘tant,
899 1964 939 1993 ad
960 1973 1071 1994 eorum
1095 1964 1250 1994 observa-

249 2018 369 2048 tionem
387 2018 475 2055 ipsos
497 2017 720 2047 sollicitudine
746 2017 873 2046 monuit
899 2017 1067 2055 pastorali.
1093 2017 1154 2047 Sed
1176 2027 1248 2047 cum

250 2071 490 2101 monitionibus
507 2080 570 2100 non
589 2070 761 2108 proficeret-
779 2070 863 2108 apud
886 2079 960 2105 eos,
986 2074 1052 2099 tam
1074 2080 1172 2108 super
1189 2070 1251 2100 hoc

250 2133 347 2162 quam
369 2132 467 2161 super
485 2132 522 2153 co
540 2123 625 2161 quod
643 2123 676 2151 in
699 2123 896 2161 quibusdam
919 2123 1182 2161 parrochialibus
1199 2132 1252 2153 ec-

252 2175 363 2205 clesiis
381 2184 438 2205 sue
457 2175 597 2205 diocesis
616 2175 801 2213 percipiunt
819 2175 921 2204 multa
936 2175 1022 2205 bona
1039 2175 1078 2205 ad
1094 2175 1182 2213 ipsas
1199 2185 1252 2205 ec-

252 2228 370 2258 clesias
400 2228 437 2257 de
466 2228 539 2266 jure
569 2227 734 2257 communi
766 2228 963 2265 spectantia,
996 2232 1026 2257 et
1055 2228 1253 2266 quibusdam

253 2280 339 2315 aliis,
359 2280 396 2308 ad
413 2289 506 2309 suam
524 2280 740 2317 presentiam,
758 2280 880 2317 prefixo
897 2280 978 2317 ipsis
995 2284 1082 2310 certo
1100 2281 1252 2315 termino,

254 2333 416 2367 evocavit,
441 2333 474 2361 in
495 2342 558 2370 quo
582 2342 653 2361 cum
679 2332 790 2361 minus
809 2332 1011 2361 sufficienter
1032 2333 1201 2362 venissent
1225 2337 1254 2362 et

255 2385 399 2422 predicta
436 2388 559 2414 statuta
590 2388 858 2421 contempnercnt
891 2384 1065 2413 observare
1079 2407 1085 2418 ,
1116 2384 1255 2414 dilectus

255 2437 344 2466 tilius
362 2460 382 2465 ..
401 2437 544 2466 decanus
563 2436 790 2470 Abi-incensis,
811 2436 862 2465 cui
880 2445 978 2473 super
1001 2436 1061 2466 hoc
1079 2437 1164 2466 idem
1187 2437 1256 2475 epi-

257 2498 373 2527 scopus
391 2489 598 2518 commiserat
617 2489 703 2517 vices
721 2497 809 2517 suas.
828 2498 891 2517 non
909 2489 1059 2518 obstante
1076 2489 1190 2519 frivole
1205 2498 1257 2527 ap-

256 2542 445 2580 pellationis
464 2542 592 2580 objectu
612 2551 708 2580 quam
733 2541 866 2579 ‹piidam
889 2541 1047 2575 clericus,
1073 2542 1128 2580 qui
1148 2551 1181 2571 se
1201 2552 1258 2580 pro

258 2603 371 2623 eorum
388 2599 597 2632 procuratore
614 2593 758 2630 gerebat,
779 2593 818 2621 ad
835 2598 990 2622 nostram.
1006 2594 1039 2622 iu
1058 2593 1123 2622 hiis
1141 2605 1202 2632 que
1220 2594 1258 2623 ad

259 2647 487 2676 auctoritatem
505 2646 728 2684 apostolicam,
747 2646 823 2676 etin
840 2646 983 2684 hiisque
1003 2647 1041 2675 ad
1057 2647 1258 2676 ordinariam

259 2699 482 2737 pertinebant,
502 2699 542 2727 ad
558 2698 842 2736 metropolitanam
860 2699 1061 2728 audientiam
1084 2699 1259 2737 interjecit,

260 2751 401 2781 eundem
418 2751 569 2781 abbatem
586 2751 625 2780 ab
639 2751 793 2788 ingressu
807 2750 956 2785 ecclesie,
975 2755 1171 2780 conventum
1187 2761 1262 2781 vero

262 2812 280 2832 a
301 2803 521 2833 celebratione
538 2803 738 2835 divinorum,
757 2812 829 2832 cum
846 2807 932 2837 nota,
952 2803 1123 2841 suspendit
1142 2808 1169 2833 et
1190 2813 1263 2833 sus-

262 2865 380 2894 pensos
409 2857 486 2886 fecit
511 2856 641 2894 publice
670 2856 829 2885 nuntiari.
857 2856 1025 2890 Ceterum,
1058 2864 1131 2885 cum
1157 2856 1263 2885 dictus

263 2909 435 2946 episcopus
454 2909 653 2947 presbiteros
670 2909 791 2938 Montis
809 2909 920 2937 Sancti
939 2907 1127 2943 Michaelis,
1151 2909 1264 2945 subdi-

1307 338 1354 364 tos
1375 343 1467 368 suos,
1487 334 1592 372 culpis
1610 342 1724 364 eorum
1745 331 1969 369 exigentibus,
1994 330 2033 360 ab
2049 331 2154 361 officio
2169 340 2307 370 suspen-

1307 387 1425 420 disset,
1450 391 1497 420 et„
1524 386 1670 424 ipsorum
1701 384 1908 415 contumacia
1934 388 2156 418 excrescente,
2179 384 2308 416 tulisset

1307 438 1658 469 excommunicationis
1670 437 1870 468 sententiam
1882 437 1916 466 in
1926 436 2068 471 eosdem,
2082 437 2200 474 prefati
2209 437 2308 470 abhas

1308 495 1336 521 et
1355 495 1552 526 conventuS,
1575 490 1658 520 salso
1677 499 1786 520 coram
1810 489 1894 518 bone
1917 489 2075 519 memorie
2093 512 2111 517 ..
2133 489 2309 521 Rothoma-

1309 544 1402 581 gensi
1424 543 1671 581 archiepiscopo
1692 546 1911 580 proponentes
1935 550 1968 571 se
1988 541 2022 570 in
2044 541 2242 579 presbiteros
2259 543 2309 582 ip-

1310 606 1363 626 sos
1390 596 1612 625 omnimodam
1633 595 1903 634 jurisdictionem
1924 594 2062 628 hahere,
2089 603 2126 624 ac
2147 595 2232 633 quod
2255 604 2311 634 per

1310 649 1370 678 boc
1399 649 1511 678 eedem
1539 648 1703 678 sententie
1733 647 1768 676 in
1798 647 1946 685 ipsorum
1973 650 2066 676 erant
2095 647 2311 686 prejudicium

1311 701 1531 739 promulgate,
1550 704 1581 730 et
1597 710 1631 730 se
1651 704 1783 738 propter
1799 699 1859 729 hoc
1876 703 1907 728 et
1923 698 1989 728 alia
2005 699 2108 728 mult-a
2123 699 2312 738 gravamina

1313 754 1353 783 ad
1370 753 1511 783 eundem
1530 752 1816 790 archiepiscopum
1839 751 2039 790 appellasse,
2064 751 2159 781 citari
2177 751 2313 791 jamdic-

1314 812 1383 836 tum
1400 806 1600 844 episcopum,
1619 810 1654 835 ut
1671 814 1780 835 coram
1798 814 1834 834 eo
1850 804 1902 834 vel
1918 804 2049 834 officiali
2067 805 2137 843 ejus
2153 808 2239 835 certo
2250 809 2313 836 ter-

1314 860 1404 889 mino
1421 863 1639 896 compareret,
1661 866 1882 896 responsurus
1900 857 1965 886 sibi
1986 857 2186 887 sufficienter
2201 857 2314 888 tamin

1315 912 1425 942 causis
1445 911 1676 949 appellationis
1696 910 1887 949 hujusmodi
1909 918 2007 948 quam
2029 909 2103 939 aliis
2122 909 2316 947 generaliter

1316 964 1564 1003 comprehensis
1586 963 1620 992 iu
1637 963 1803 997 citatorio,
1826 966 2059 1000 procurarunt,
2083 961 2195 992 eodem
2211 961 2316 992 archi-

1318 1018 1470 1056 episcopo
1486 1016 1726 1046 nichilominus
1743 1015 1916 1045 inhibente
1933 1024 1984 1049 ne,
2002 1015 2164 1053 pendente
2181 1014 2318 1056 appella-

1318 1071 1419 1105 tione,
1438 1070 1471 1099 in
1486 1070 1592 1107 ipsius
1609 1068 1841 1107 appellationis
1858 1067 1910 1097 vel
1921 1067 2166 1106 jurisdictionis
2182 1075 2239 1098 sue
2250 1075 2319 1106 pre-

1315 1122 1481 1161 judicium
1511 1125 1624 1151 contra
1653 1121 1743 1159 ipsos
1771 1120 1923 1150 abbatem
1953 1124 1985 1149 et
2010 1123 2206 1148 conventum
2233 1118 2319 1150 idem

1321 1175 1494 1212 episcopus
1518 1173 1644 1212 aliquid
1666 1176 1884 1210 attemptaret.
1908 1172 1947 1201 Et
1966 1171 2044 1201 licet
2065 1171 2223 1209 premisse
2243 1179 2318 1202 sen-

1323 1227 1424 1257 tentie
1447 1227 1481 1256 in
1504 1226 1725 1265 prejudicium
1753 1225 1985 1264 appellationis
2010 1223 2062 1254 vel
2081 1223 2320 1263 jurisdictionis

1321 1281 1495 1319 ips[orum]
1513 1288 1577 1309 non
1595 1279 1720 1309 fuerint
1733 1278 1950 1317 promulgate,
1965 1277 2066 1307 iidem
2083 1281 2202 1311 tamen,
2219 1276 2260 1307 ad
2270 1285 2322 1308 re-

1322 1333 1528 1363 vocationem
1543 1332 1690 1370 ipsarum
1704 1331 1810 1360 modis
1825 1331 1979 1367 omnibus
1992 1330 2190 1365 laborantes,
2203 1338 2240 1360 ac
2249 1337 2322 1368 pro-

1324 1390 1484 1425 ponentes
1498 1385 1583 1424 quod
1598 1385 1632 1413 in
1650 1383 1882 1422 appellationis
1895 1383 2015 1412 emisse
2036 1392 2071 1412 ac
2084 1373 2323 1422 jurisdictionis

1326 1448 1384 1469 sue
1403 1438 1623 1477 prejudicium
1647 1441 1677 1466 et
1701 1435 1840 1466 ecclesie
1864 1435 2142 1473 Rothomagensis
2161 1438 2325 1474 contemp-

1289 1515 1297 1521 ,
1326 1497 1395 1522 tum
1412 1493 1555 1526 fuerant,
1574 1490 1776 1520 inhibitione
1793 1493 1988 1527 contempta,
2003 1488 2138 1527 prolate,
2156 1487 2323 1522 Riccardo.

1325 1545 1510 1584 presbitero
1526 1544 1645 1574 Sancte
1659 1542 1794 1578 Cecilie,
1812 1541 2081 1572 Constantiensis
2097 1540 2251 1576 diocesis,
2269 1548 2326 1578 op-

1329 1598 1500 1627 tinuerunt
1517 1596 1556 1625 ab
1569 1594 1702 1625 officiali
1714 1594 1902 1632 supradicto
1918 1593 2127 1629 mandarint,
2143 1592 2208 1623 nisi
2222 1592 2327 1622 dictus

1328 1651 1502 1689 episcopus
1519 1648 1570 1678 vel
1586 1647 1737 1678 officialis
1754 1647 1860 1685 ipsius
1874 1647 1963 1676 infra
1979 1650 2105 1676 certum
2119 1649 2245 1684 tempus
2257 1647 2328 1684 post

1328 1702 1546 1732 monitionem
1571 1701 1653 1739 ejus,
1679 1699 1860 1738 premissas
1883 1698 2067 1728 sententias
2084 1702 2114 1728 et
2129 1697 2194 1728 alia
2215 1705 2328 1736 grava·
2371 1719 2373 1721 ·

1330 1755 1421 1783 mina
1442 1757 1621 1789 revocaret,
1640 1762 1677 1782 ex
1694 1757 1772 1782 tunc
1793 1752 1865 1790 ipse
1881 1751 2076 1781 auctoritate
2095 1743 2330 1788 metropolitica

1330 1807 1363 1836 id
1377 1808 1505 1836 efficere
1521 1815 1585 1834 nou
1602 1805 1760 1834 differret.
1777 1804 1852 1840 Qui,
1868 1804 1907 1833 de
1923 1803 2061 1833 veritate
2079 1811 2143 1832 non
2157 1801 2284 1840 cognito
2299 1805 2330 1832 et

1331 1860 1414 1889 alias
1429 1859 1515 1898 juris
1537 1858 1652 1887 ordine
1677 1866 1742 1886 non
1762 1861 1907 1891 servato,
1932 1865 1987 1885 eas
2010 1864 2067 1894 pro
2088 1864 2147 1885 sua
2166 1854 2330 1885 voluntate

1331 1912 1444 1941 irritas
1462 1910 1637 1940 nuntiavit¹
1657 1910 1818 1948 Cumque,
1833 1913 1955 1939 statuto
1968 1908 2107 1938 termino
2120 1908 2154 1937 in
2172 1906 2334 1946 presentia

1331 1965 1438 2003 ipsius
1464 1963 1705 2001 archiepiscopi
1723 1962 1837 1992 eodem
1858 1961 2010 1999 episcopo
2027 1964 2244 1999 comparente,
2259 1967 2334 1998 pars

1333 2017 1470 2047 adversa
1502 2015 1667 2045 malitiose
1701 2024 1766 2044 non
1797 2014 1903 2044 solum
1932 2023 2030 2052 super
2061 2013 2171 2043 causis
2197 2011 2334 2051 appella-

1333 2069 1435 2098 tionis
1453 2073 1483 2098 et
1500 2067 1576 2097 aliis
1593 2067 1805 2106 supradictis,
1824 2067 1879 2097 sed
1897 2067 1997 2096 etiam
2009 2065 2332 2104 superordinatione,

1335 2131 1352 2151 a
1369 2131 1433 2160 qua
1451 2129 1515 2150 non
1532 2121 1641 2150 fuerat
1662 2124 1891 2158 provocatum,
1915 2119 1954 2148 ad
1975 2119 2097 2148 dictum
2119 2117 2335 2156 archiepisco-

1334 2183 1412 2213 pum
1429 2173 1516 2202 int'ra
1533 2177 1662 2211 tempus
1675 2172 1861 2210 legitimum
1879 2171 2098 2206 convenisset,
2114 2175 2144 2200 et
2161 2175 2224 2200 tam
2240 2177 2336 2208 super

1336 2227 1402 2256 hiis
1417 2235 1515 2265 quam
1532 2226 1631 2256 etiam
1649 2234 1747 2263 super
1763 2234 1800 2255 eo
1817 2225 1904 2263 quod
1919 2225 2005 2254 idem
2023 2224 2194 2262 episcopus
2210 2221 2336 2261 petebat

1336 2287 1527 2317 processum
1547 2278 1626 2307 dicti
1643 2277 1819 2316 presbiteri
1837 2278 1955 2307 Sancte
1971 2276 2093 2307 Cecilie
2111 2273 2266 2310 revocari,
2283 2281 2336 2304 co-

1337 2341 1407 2361 ram
1424 2354 1445 2360 ..
1463 2331 1597 2361 officiali
1615 2329 1876 2367 Rothomagensi
1891 2329 2010 2358 fuisset
2026 2327 2228 2366 aliquamdiu
2245 2325 2337 2356 alter-

1338 2388 1458 2418 catum,
1478 2384 1607 2413 demum
1626 2383 1660 2412 in
1678 2384 1814 2412 fratrem
1831 2382 2029 2416 Heni-icum,
2052 2381 2194 2419 priorem
2213 2378 2338 2410 ordinis

1338 2437 1479 2466 fratrum
1493 2436 1740 2466 Predicatorum
1753 2435 2032 2472 Parisien[sium].
2047 2442 2188 2472 suosque
2201 2431 2339 2470 collegas

1340 2490 1400 2518 sub
1427 2494 1515 2518 certa
1542 2498 1625 2526 pena
1653 2494 1820 2526 tamquam
1845 2488 1878 2516 in
1902 2488 2043 2516 arbitros
2070 2487 2132 2515 suit
2155 2495 2174 2515 a
2193 2483 2339 2524 partibus
2377 2523 2379 2526 Α

1340 2542 1626 2579 compromissum.
1656 2541 1719 2577 Qui
1747 2541 1898 2579 quamvis
1924 2549 2044 2578 equum
2071 2538 2244 2568 arbitrium
2267 2543 2340 2575 pro-

1341 2595 1557 2630 mulgassent.
1577 2599 1604 2624 et
1627 2602 1778 2632 expresse
1797 2593 1880 2622 illud
1896 2593 1997 2622 altera
2015 2602 2090 2630 pars
2107 2595 2289 2629 acceptanS,
2306 2596 2341 2620 se

1343 2647 1381 2676 ab
1398 2647 1466 2676 illis
1483 2647 1660 2676 sententiis
1677 2656 1733 2684 per
1750 2646 1939 2683 episcopum
1957 2645 2086 2674 fecisset
2103 2642 2244 2678 absolvi,
2261 2648 2342 2680 quas

1343 2700 1381 2729 de
1399 2700 1484 2728 facto
1507 2699 1716 2736 supradictus
1736 2698 1898 2736 presbiter
1922 2697 2093 2731 relaxarat,
2118 2695 2255 2734 quedam
2279 2692 2344 2723 alia

1344 2761 1406 2790 que
1428 2752 1462 2780 in
1483 2752 1554 2789 ipso
1574 2750 1829 2780 continebantur
1852 2749 1988 2779 arbitrio
2012 2747 2234 2786 adimplendo,
2257 2747 2345 2784 post·-

1344 2804 1476 2833 mo'dum
1496 2808 1603 2833 tamen
1621 2803 1758 2833 veniens
1776 2806 1888 2831 contra
1907 2801 2006 2835 illud,
2024 2800 2227 2830 instituendo
2242 2798 2275 2828 in
2292 2805 2345 2828 ec-

1345 2857 1457 2886 clesiis
1475 2857 1512 2885 de
1529 2857 1650 2890 Monte,
1670 2855 1876 2890 auctoritate,
1891 2855 1991 2883 immo
2006 2853 2189 2884 temeritate
2204 2849 2343 2890 propria,

1347 2909 1545 2944 sacerdotes,
1566 2908 1775 2947 impediendo
1794 2907 1902 2945 ipsum
1920 2907 2108 2944 episcopum
2124 2904 2299 2944 quominus
2310 2901 2347 2931 in
