2519 3518
72 301 111 331 97
913 290 1141 328 NEUVIEME
1163 289 1322 326 ΑΝΝΕΕ.
2123 298 2161 328 98

73 366 229 399 Herberto,
246 366 396 393 canonicis
411 366 643 399 Parisiensibus,
660 367 781 394 mandat
800 371 944 401 quatenus
960 366 1078 391 senten-

73 414 130 442 tias
146 423 163 441 a
178 415 317 448 magistro
332 414 489 447 Vei-ssacio,
506 414 646 441 canonico
663 415 828 447 Tervisino,
846 414 978 441 Parisius
998 422 1077 440 com—

74 463 217 496 moranti,
239 463 269 489 in
287 462 539 489 vindocinensem
563 463 700 490 comitem
726 464 814 495 latas,
840 463 868 489 in
892 471 979 489 causa
1002 462 1078 488 inter

73 510 210 538 eumdem
235 510 374 537 comitem
404 513 432 537 et
460 510 588 537 nobilem
618 510 772 537 mulierem
802 511 835 537 P.
865 511 901 537 (lc
928 509 1077 537 Lavardin

73 559 211 591 viduam,
228 567 316 593 super
333 559 426 593 ipsius
444 559 577 585 mulieris
594 559 661 586 dote
681 562 709 586 et
729 559 868 586 dotalicio
883 559 1008 592 agitata,
1025 559 1079 585 sub

73 606 250 641 quibusdam
269 606 492 633 condicionibus
515 607 612 633 nullas
632 615 693 634 esse
715 607 864 633 nuntient.
882 621 913 624 —
930 607 1015 638 (Hm.
1033 605 1076 639 18,

74 655 95 682 f.
111 655 145 682 43
160 658 206 687 v'¹;
223 663 292 682 ann.
310 655 363 688 lx,
378 655 484 687 c.130;
503 669 535 673 —
549 656 586 682 cf.
602 662 698 688 supra,
717 664 744 682 n.
762 655 940 685 2212-2213.)

114 800 128 815 u
154 811 175 817 ..
197 789 319 823 decano,
344 790 490 826 mayislro
512 789 628 818 Odclom'
650 790 684 818 de
705 790 854 819 Gallantla
879 795 904 819 ec
924 790 1075 823 Herberlo‚

71 843 232 872 canonicis
251 843 484 871 Parisiensibns.
508 843 598 872 Inter
621 842 764 872 nobilem
788 842 960 872 mulierem
984 842 1018 871 Ρ.
1039 841 1077 870 de

74 894 241 923 Lavardin
258 894 389 924 viduam
404 899 434 924 et
451 895 616 933 quondam
632 917 651 923 ..
670 895 822 924 comitem
838 893 1078 923 Windocinen-

73 954 162 980 sem,
182 946 397 976 Cal-notensis
418 947 574 981 diocesis,
594 956 692 984 super
711 947 816 985 ipsius
838 946 987 976 mulieris
1005 945 1078 974 dote

73 1007 110 1028 ac
126 998 280 1028 dotalicio
294 999 467 1037 questione
484 999 629 1033 suborta,
648 1008 718 1032 nos,
738 1003 808 1037 post
824 999 972 1028 diversas
990 1006 1078 1027 com-

74 1050 251 1080 mission‘es
269 1051 308 1080 ad
329 1051 476 1081 diversos
491 1051 620 1090 judices
643 1052 834 1090 impetratas
854 1055 884 1081 et
905 1059 1078 1089 processus

72 1103 183 1133 varios
204 1102 335 1133 habitos
359 1112 414 1141 per
434 1103 581 1139 easdem,
603 1104 734 1134 demum
753 1104 836 1133 bone
855 1103 1012 1132 memorie
1029 1101 1076 1141 [..]

74 1155 333 1193 Rothomagensi
346 1155 592 1194 archiepiscopo
604 1161 635 1186 et
649 1156 877 1195 conjudicibus
890 1155 960 1185 suis
974 1154 1078 1192 scrip-

73 1208 179 1238 simus
195 1211 241 1241 ut,
259 1208 408 1246 partibus
425 1209 624 1244 convocatis,
649 1208 844 1246 simpliciter
868 1212 898 1237 et
920 1208 959 1237 de
982 1207 1078 1245 plano

73 1260 107 1289 in
136 1260 207 1298 ipso
235 1260 375 1297 negotio,
403 1260 489 1299 quod
515 1261 570 1290 diu
595 1265 796 1299 protractum
821 1261 940 1294 suerat,
965 1268 1078 1298 proce-

74 1313 207 1348 dentes,
228 1321 292 1342 non
312 1312 522 1343 obstantibus
538 1313 659 1343 litteris
683 1317 713 1343 et
736 1312 945 1351 processibus
963 1321 1078 1350 supra-

72 1365 181 1398 dictis,
197 1365 225 1394 si
242 1365 364 1394 nobilis
378 1365 460 1394 vir..
480 1374 588 1395 comes
604 1365 889 1399 WVindocinensis,
908 1373 1079 1394 successor

72 1417 204 1448 comitis
224 1418 413 1452 memorati,
436 1418 524 1447 infra
541 1423 681 1456 quatuor
697 1418 862 1447 mensium
888 1417 1076 1451 terminum,

72 1479 171 1509 quem
196 1471 451 1508 peremptorium
481 1471 707 1507 assignarent,
738 1470 941 1500 sufficienter
969 1478 1077 1499 coram

73 1522 122 1553 eis
137 1522 300 1560 probaret,
318 1522 403 1552 sicut
415 1523 618 1560 propositum
632 1524 751 1556 fuerat,
769 1532 826 1560 per
841 1522 942 1551 salsos
959 1526 990 1551 et
1006 1530 1077 1551 cor-

71 1578 184 1613 ruptos
202 1578 301 1604 testes
318 1583 374 1612 pro
390 1575 536 1613 predicta
555 1575 694 1605 muliere
711 1575 920 1604 diffinitivam
943 1579 1077 1604 senten-

71 1626 153 1657 tiam
176 1635 249 1657 esse
269 1626 384 1661 latam,
411 1627 476 1657 nisi
499 1628 583 1657 sorte
600 1627 639 1657 ab
659 1628 729 1666 ejus
747 1627 931 1666 prolatione
949 1631 1078 1656 tantum

70 1679 229 1717 temporis
251 1679 446 1714 effluxisset,
472 1680 559 1718 quod
584 1680 771 1710 excluderet
796 1679 873 1709 falsi
896 1679 1076 1717 querelam,

71 1731 137 1770 ipsi
159 1731 298 1762 eandem
324 1732 524 1762 sententiam
547 1737 577 1762 et
604 1733 689 1771 quod
715 1742 752 1763 ex
776 1742 813 1762 ea
841 1736 991 1762 secutum
1016 1736 1075 1765 est,

22 1803 26 1805 -
70 1787 222 1813 cessante
249 1783 484 1822 appellatione,
515 1784 663 1822 legitime
689 1789 897 1820 revocarent,
931 1784 1077 1814 audituri

71 1835 312 1866 nichilominus
329 1840 360 1866 et
376 1836 440 1866 fine
459 1837 568 1867 debito
587 1837 731 1867 decisuri
749 1838 775 1866 si
792 1837 870 1876 quid
889 1846 987 1874 super
1004 1846 1077 1875 pre-

73 1888 170 1918 dictis
196 1888 284 1918 inter
309 1893 417 1926 partes
444 1898 615 1919 remanere
641 1890 846 1926 contingeret
872 1889 1074 1928 questionis;

73 1940 223 1980 alioquin
240 1941 392 1971 comitem
411 1942 521 1980 ipsum
542 1946 578 1971 ut
596 1942 770 1972 diffinitive
787 1947 913 1980 pareret
925 1944 933 1976 ,“
949 1952 1006 1980 per
1023 1952 1077 1971 ex-

73 1994 406 2024 communicationem
424 1995 458 2023 in
481 2004 654 2032 personam
671 2000 701 2024 et
722 1995 935 2024 interdictum
956 1995 988 2023 in
1012 1999 1077 2024 ter-

73 2054 155 2079 ram,
176 2045 394 2083 appellatione
405 2046 596 2083 postposita,
611 2051 807 2076 coartarent.
827 2048 853 2076 A
867 2046 988 2085 quibus
1002 2056 1076 2076 eum

69 2097 247 2137 jamdictus
264 2106 372 2127 comes
394 2102 540 2127 nostram
557 2098 758 2127 audientiam
778 2099 986 2136 appellasset,
1006 2099 1076 2137 ejus

76 2151 207 2180 tandem
224 2154 254 2180 et
270 2151 373 2188 partis
388 2150 525 2180 alterius
542 2151 810 2188 procuratoribus
824 2152 857 2180 in
876 2156 986 2181 nostra
1004 2162 1076 2189 prc-

73 2203 182 2234 sentia
207 2203 412 2237 constitutis,
441 2211 514 2238 nos,
551 2212 588 2232 ex
613 2202 718 2232 officio
749 2208 859 2233 nostro
890 2214 988 2242 super
1017 2204 1077 2234 boc

71 2255 244 2294 providere
273 2254 436 2289 volentes,
465 2254 583 2284 dilecto
611 2255 678 2284 lilio
703 2256 860 2293 magistro
885 2257 1074 2291 XYernaciQ

73 2307 233 2338 canonico
244 2307 428 2342 Tei-visino,
443 2307 592 2337 I‘arisius
607 2308 834 2343 commoranti,
848 2318 897 2337 ma
905 2309 1077 2339 udavimus

73 2364 122 2397 ut,
146 2360 267 2390 litteris
288 2360 328 2389 ad
349 2370 423 2389 eum
447 2359 497 2389 vel
521 2360 559 2389 ad
584 2360 666 2390 alios
690 2370 788 2398 super
810 2361 922 2390 eodem
947 2362 1077 2399 negotio

73 2413 272 2451 impetrat-iffi
291 2421 349 2442 seu
363 2412 572 2450 processibus
586 2421 642 2450 per
659 2421 713 2441 eas
729 2412 862 2444 habitis,
881 2422 917 2442 ac
934 2413 1078 2451 appella-

74 2465 221 2495 tionibus
250 2465 456 2503 interpositis
487 2474 694 2503 nequaquam
729 2465 951 2497 obstantibus,
985 2466 1077 2504 juxta

71 2518 212 2548 formam
240 2517 304 2555 ipsi
334 2516 581 2555 archiepiscopo
604 2521 634 2545 et
659 2517 887 2555 conjudicibus
914 2517 984 2547 suis
1013 2523 1077 2547 tra-

72 2570 175 2600 ditam
192 2570 226 2599 in
246 2578 345 2599 causa
364 2570 551 2607 procederet
570 2574 758 2598 memorata.
779 2569 840 2605 Qui
858 2578 930 2599 cum
946 2570 980 2598 in
996 2579 1078 2599 eun-

72 2623 147 2653 dem
169 2616 322 2652 comitem
348 2622 698 2652 excommunicationis
723 2626 753 2651 et
779 2621 813 2650 in
839 2627 958 2651 terrain
984 2632 1076 2651 suam

73 2675 245 2706 interdicti
268 2675 451 2705 sententias
467 2674 669 2713 protulisset,
692 2684 800 2703 comes
816 2675 885 2712 ipse
907 2684 963 2712 per
986 2684 1019 2705 sc.
1041 2684 1077 2704 ac

72 2732 319 2767 procuratorem
352 2736 449 2757 suum
479 2727 650 2756 humiliter
680 2727 773 2764 petiit
806 2726 913 2756 nullas
946 2728 1077 2757 easdem

73 2780 258 2811 sententias
273 2780 432 2810 nuntiari.
446 2788 631 2818 proponens
646 2779 785 2809 eundem
798 2779 992 2817 magistrum
1007 2785 1078 2817 post

71 2833 326 2872 appellationem
344 2832 526 2870 legitimam
542 2832 743 2870 processisse
758 2842 763 2866 ς
777 2841 849 2861 cum
865 2832 953 2861 enim
970 2841 1077 2861 comes

74 2885 232 2924 objecerit
258 2894 322 2915 non
348 2885 458 2915 valere
482 2885 679 2923 rescriptum
701 2885 740 2914 ad
762 2884 869 2922 ipsum
894 2884 1075 2919 obtentum,

73 2938 164 2977 quia,
182 2943 326 2977 tempore
342 2937 586 2976 impetrationis
602 2937 723 2975 ipsius.
742 2937 886 2975 predicta
903 2936 1023 2965 mulier
1039 2945 1076 2966 ex

193 2997 379 3028 onnoomn
397 3004 448 3031 lx,
466 3007 485 3027 t.
505 3004 539 3027 11.

1161 361 1225 390 alia
1241 371 1339 391 causa
1359 362 1490 402 [suerat]
1508 363 1845 393 excommunicatione
1862 363 1974 401 ligata,
1993 363 2078 393 idem
2096 372 2161 393 ma-

1161 413 1263 450 gister
1283 413 1367 443 hanc
1391 416 1630 453 exceptionem,
1657 415 1709 445 die
1734 415 1926 445 continuata
1949 416 2159 453 propositam.

1161 465 1333 496 admittere
1350 468 1530 502 recusavit;
1552 473 1682 506 propter
1701 468 1786 506 quod
1805 468 1866 497 suit
1885 468 1923 496 ad
1941 472 2085 497 nostram
2102 477 2162 498 au-

1160 517 1318 546 dientiam
1340 518 1549 556 appellatum.
1574 520 1659 550 Sane
1681 525 1871 558 procurator
1894 521 2035 554 comitis,
2058 521 2162 550 inter-

1161 574 1293 607 rogatus
1310 579 1328 599 a
1340 571 1434 600 nobis
1449 580 1504 609 per
1519 581 1614 610 quem
1631 572 1663 601 in
1679 572 1798 601 dictam
1814 572 1944 601 viduam
1962 572 2024 601 suit
2038 581 2161 601 excom-

1161 622 1396 653 municationis
1412 623 1479 653 lata
1495 624 1675 656 sententia,
1694 624 1859 662 respondit
1877 635 1910 654 se
1927 624 2059 654 credere
2075 625 2161 663 quod

1160 684 1217 712 per
1249 674 1330 704 bone
1362 676 1518 705 memorie
1549 699 1570 704 ..
1602 677 1789 714 episcopum
1817 677 2065 707 Carnotensem.
2094 678 2162 707 Nos

1161 727 1273 764 igitur,
1297 728 1419 757 auditis
1438 728 1504 758 biis
1528 733 1558 758 et
1581 728 1655 758 aliis
1677 738 1734 767 per
1754 729 1881 759 fidelem
1902 729 2094 759 relationem
2111 730 2160 759 di-

1160 779 1236 809 lecti
1253 780 1313 809 filii
1326 781 1429 810 nostri
1442 781 1600 820 T[liome]‚
1618 781 1705 811 tituli
1720 782 1837 811 Sancte
1854 782 1974 812 Sabine
1987 782 2162 820 presbiteri

1161 832 1351 866 cardinalis,
1375 842 1472 871 quem
1498 833 1670 872 utriusque
1692 834 1794 871 partis
1817 834 2082 871 procuratoribus
2106 834 2162 863 de-

1160 884 1268 913 dimus
1285 884 1479 920 auditorem,
1501 886 1694 915 mandamus
1711 891 1884 924 quatenus.
1905 887 1957 924 [si]
1977 886 2064 915 infra
2081 896 2161 924 qua-

1160 938 1312 975 draginta
1334 938 1403 967 dies
1430 943 1499 976 post
1526 939 1628 976 prime
1654 939 1821 969 citationis
1842 939 1996 969 edictum.
2014 940 2162 977 prefatus

1160 999 1268 1020 comes
1285 1000 1319 1020 se
1335 990 1516 1028 appellasse
1529 1001 1564 1020 ex
1580 1000 1679 1021 causa
1693 992 1836 1029 predicta
1850 997 1878 1021 et
1892 992 1930 1021 de
1943 992 2047 1030 ipsius
2062 992 2160 1022 etiam

1161 1042 1298 1072 veritate
1321 1042 1479 1077 docuerit,
1502 1043 1610 1073 nullas
1634 1044 1780 1081 ejusdem
1807 1044 1954 1081 magistri
1979 1044 2162 1073 sententias

1161 1094 1342 1129 nuntietis;
1365 1094 1513 1133 alioquin
1532 1095 1662 1125 faciatis
1687 1097 1816 1125 casdem
1838 1097 2031 1126 auctoritate
2051 1101 2163 1125 nostra

1161 1158 1265 1188 usque
1291 1149 1331 1178 ad
1351 1149 1611 1179 satisfactionem
1635 1150 1842 1187 condignam,
1869 1150 2087 1188 appellatione
2110 1160 2161 1180 re-

1162 1206 1258 1236 mota,
1277 1201 1515 1231 inviolabiliter
1530 1202 1710 1232 observari.
1730 1203 1823 1238 Quod
1839 1203 1867 1232 si
1887 1212 1950 1232 non
1968 1212 2081 1232 omnes
2099 1207 2160 1232 ete.

1161 1256 1233 1284 Dat.
1252 1255 1393 1290 Pei-usit,
1411 1255 1491 1284 VIII
1507 1255 1665 1285 kalendas
1679 1256 1768 1294 julii,
1788 1264 1874 1285 anno
1892 1265 1986 1285 nono.
2009 1269 2021 1281 ι»

1231 1425 1347 1453 2659

1196 1487 1316 1514 Eisdem
1343 1488 1465 1514 mandat
1489 1491 1633 1521 quatenus
1660 1487 1689 1513 in
1720 1496 1805 1514 eausa
1831 1496 1903 1521 quae
1931 1488 2007 1514 inter
2034 1489 2160 1515 nobilem

1161 1537 1315 1563 mulierem
1332 1537 1365 1562 P.
1382 1536 1418 1562 de
1438 1536 1587 1562 Lax'ardin
1611 1536 1733 1562 viduam
1754 1539 1783 1562 et
1805 1536 1942 1562 comitem
1961 1537 2160 1563 Vindocinen—

1160 1593 1221 1611 sem
1244 1592 1330 1618 super
1345 1584 1438 1618 ipsius
1459 1584 1594 1610 mulieris
1609 1584 1675 1610 dote
1697 1588 1725 1610 et
1745 1584 1885 1610 dotalicio
1905 1585 2078 1617 jamdudum
2100 1593 2162 1611 ver-

1161 1633 1287 1665 tebatur„
1301 1632 1455 1659 definitive
1469 1632 1588 1659 tandem
1609 1632 1777 1666 procedant.
1796 1647 1827 1650 —
1844 1633 1929 1663 (1³20.
1953 1634 1999 1664 18,
2024 1635 2043 1659 f.
2065 1634 2097 1660 >tt
2120 1637 2161 1661 r⁶2

1159 1690 1229 1708 ann.
1249 1681 1306 1714 IX,
1323 1690 1347 1708 c.
1365 1681 1431 1713 131;
1450 1696 1481 1699 —
1498 1681 1629 1707 MOREAU
1646 1680 1724 1713 1190,
1742 1682 1762 1707 f.
1778 1681 1834 1711 69.)

1737 1426 1872 1458 Pei-ense,
1887 1427 1919 1452 21
1932 1427 1996 1459 juin
2013 1427 2091 1453 1235.

1202 1794 1214 1808 α
1235 1782 1365 1811 Eisdem.
1383 1781 1490 1812 Causa
1511 1790 1574 1819 que
1593 1781 1680 1810 inter
1701 1781 1843 1811 nobilem
1864 1781 2037 1811 mulierem
2064 1783 2098 1811 l'.
2123 1782 2162 1811 ‹le

1160 1835 1323 1865 Lavardin
1342 1835 1475 1863 viduam
1491 1838 1522 1864 et
1537 1834 1701 1872 quondam
1723 1857 1742 1862 ..
1760 1834 1911 1863 comitem
1926 1834 2161 1864 XVindmdnen-

1160 1896 1229 1917 sem
1246 1896 1343 1924 super
1359 1887 1431 1916 dote
1448 1886 1553 1924 ipsius
1576 1886 1726 1915 mulieris
1743 1891 1774 1916 et
1790 1886 1944 1915 dotalicio
1961 1887 2160 1921 vertebatur,

1156 1940 1351 1979 jamdudum
1378 1939 1418 1969 ad
1444 1939 1561 1969 Sedcm
1582 1939 1803 1977 Apostolicam
1829 1948 1885 1976 per
1908 1939 2161 1977 appellationem

1159 1992 1277 2027 delata,
1302 1992 1410 2021 felicis
1433 1991 1671 2021 recordationis
1694 1992 1908 2021 Innocentius
1929 2001 2022 2029 papa.
2048 1992 2162 2030 prede-

1159 2055 1270 2075 cessor
1287 2049 1407 2079 noster,
1428 2044 1510 2073 bone
1527 2044 1683 2073 memorie
1700 2044 1922 2081 G[uidouem],
1936 2045 2047 2075 Sancti
2063 2045 2162 2074 Nico-

1159 2098 1202 2128 lai
1229 2098 1262 2127 in
1288 2098 1426 2128 Carcerc
1449 2096 1600 2126 Tulliano
1624 2097 1798 2126 diaconum
1824 2097 2045 2131 cardinalem,
2072 2097 2161 2127 dedit

1159 2151 1333 2188 utriusque
1349 2150 1452 2188 partis
1466 2149 1733 2187 procuratorilms
1752 2150 1946 2179 auditorem.
1964 2150 2080 2180 Coram
2098 2159 2162 2189 quo

1160 2202 1310 2232 mulieris
1326 2202 1483 2240 petitione
1505 2202 1684 2239 proposita,
1709 2212 1764 2239 per
1785 2211 1883 2240 quam
1905 2208 2096 2240 procurator
2111 2203 2162 2241 ip-

1160 2255 1230 2285 sius
1247 2255 1353 2284 dotem
1371 2260 1398 2284 et
1421 2254 1629 2289 dotalicium,
1649 2254 1799 2283 videlicet
1821 2259 1964 2284 castrum
1984 2256 2160 2285 Lavardini

1161 2313 1191 2338 et
1206 2308 1328 2338 Villam
1343 2309 1498 2341 Ruiiiaen,
1513 2311 1541 2337 et
1559 2307 1740 2344 emptiones
1752 2306 1934 2346 Maphildis
1947 2307 1982 2345 η,
1997 2308 2160 2345 quondam

1161 2360 1328 2390 comitisse
1342 2359 1625 2394 windocinensis,
1637 2368 1709 2388 cum
1720 2360 1882 2397 perceptis
1899 2360 2005 2389 medio
2018 2364 2161 2397 tempore

1162 2412 1340 2446 fructibus,
1369 2412 1475 2441 eidem
1508 2412 1639 2441 restitui
1665 2411 1858 2449 postulavit.
1889 2416 1919 2441 et
1948 2412 2160 2449 responsione

1162 2469 1284 2498 secuta,
1303 2464 1433 2494 demum
1450 2464 1535 2493 idem
1554 2463 1764 2501 predecessor
1781 2468 1892 2493 noster
1904 2463 1987 2493 bone
2004 2464 2160 2493 memorie

1164 2540 1182 2546 ..
1203 2517 1363 2547 Meldensi
1380 2517 1531 2554 episcopo
1548 2521 1575 2546 et
1594 2517 1822 2554 conjudicibus
1845 2517 1932 2550 suis.
1951 2516 1989 2546 (le
2006 2526 2160 2554 procura-

1163 2574 1268 2599 torum
1286 2578 1435 2599 assensu.
1451 2569 1486 2597 in
1499 2569 1664 2598 communi
1678 2569 1780 2597 forma
1799 2569 1964 2605 negotium
1980 2569 2158 2605 delegavit:

1163 2622 1219 2660 qui
1238 2631 1295 2660 pro
1312 2622 1383 2660 ipsa
1403 2621 1500 2650 vidua
1517 2621 1723 2650 tlitlinitixam
1736 2644 1742 2654 ,
1765 2626 1793 2650 et
1811 2621 1844 2649 in
1866 2621 2032 2656 comitem,
2054 2621 2158 2650 eidem

1162 2684 1276 2713 parere
1310 2674 1494 2708 nolentem,
1527 2673 1875 2703 excommunicatiouis
1909 2678 1937 2702 et
1975 2673 2008 2702 in
2040 2678 2158 2701 terram

1162 2736 1255 2756 suam
1271 2727 1439 2756 interdicti
1457 2726 1638 2755 sententias
1656 2725 1921 2763 pronmlgarunu
1945 2725 1999 2754 sed
2011 2748 2018 2759 ,
2042 2734 2160 2761 sugge-

1162 2784 1253 2809 rente
1271 2779 1416 2817 ejusdem
1437 2779 1565 2808 comitis
1580 2786 1779 2807 successore.
1798 2777 1883 2815 quod
1900 2778 2025 2814 prefata
2042 2776 2159 2805 diffini-

1164 2833 1229 2862 tiva
1246 2841 1303 2870 pcr
1321 2832 1543 2869 depositiones
1565 2830 1779 2868 quorumdam
1805 2829 1961 2858 salsorum
1980 2834 2008 2858 et
2026 2838 2159 2866 currup-

1163 2888 1269 2913 torum
1286 2884 1417 2913 testium
1430 2883 1537 2912 suerat
1551 2881 1765 2920 promulgata,
1779 2881 1830 2918 pie
1843 2881 1998 2910 memorie
2012 2881 2050 2909 Η.
2065 2889 2158 2918 papa.

1163 2936 1374 2974 predecessor
1392 2940 1513 2965 noster.
1534 2957 1553 2963 ..
1572 2934 1680 2963 abbati
1705 2933 1814 2963 Sancti
1838 2933 1993 2962 Germani
2012 2933 2160 2962 Autisio-
