<?xml version="1.0" encoding="UTF-8"?>
<!DOCTYPE html PUBLIC "-//W3C//DTD XHTML 1.0 Transitional//EN"
    "http://www.w3.org/TR/xhtml1/DTD/xhtml1-transitional.dtd">
<html xmlns="http://www.w3.org/1999/xhtml" xml:lang="en" lang="en">
 <head>
  <title>
</title>
<meta http-equiv="Content-Type" content="text/html;charset=utf-8" />
  <meta name='ocr-system' content='tesseract 3.04.00' />
  <meta name='ocr-capabilities' content='ocr_page ocr_carea ocr_par ocr_line ocrx_word'/>
</head>
<body>
  <div class='ocr_page' id='page_1' title='image "./lesregistresdale02cathuoft_0372.png"; bbox 0 0 2423 3487; ppageno 0'>
   <div class='ocr_carea' id='block_1_1' title="bbox 150 311 2234 364">
    <p class='ocr_par' dir='ltr' id='par_1_1' title="bbox 150 311 2234 364">
     <span class='ocr_line' id='line_1_1' title="bbox 150 311 2234 364; baseline -0.005 -9"><span class='ocrx_word' id='word_1_1' title='bbox 150 335 201 364; x_wconf 67' lang='lat'>571</span> <span class='ocrx_word' id='word_1_2' title='bbox 870 323 1051 354; x_wconf 58' lang='lat' dir='ltr'>niiuis&#39;rn</span> <span class='ocrx_word' id='word_1_3' title='bbox 1061 322 1107 350; x_wconf 79' lang='lat' dir='ltr'>1-:s</span> <span class='ocrx_word' id='word_1_4' title='bbox 1130 319 1183 348; x_wconf 73' lang='lat' dir='ltr'>nn</span> <span class='ocrx_word' id='word_1_5' title='bbox 1207 311 1427 348; x_wconf 60' lang='lat' dir='ltr'>eneconis</span> <span class='ocrx_word' id='word_1_6' title='bbox 1452 319 1508 348; x_wconf 77' lang='lat' dir='ltr'>tx.</span> <span class='ocrx_word' id='word_1_7' title='bbox 2179 317 2234 345; x_wconf 66' lang='lat'>572</span> 
     </span>
    </p>
   </div>
   <div class='ocr_carea' id='block_1_2' title="bbox 145 390 1151 3022">
    <p class='ocr_par' dir='ltr' id='par_1_2' title="bbox 145 390 1151 3022">
     <span class='ocr_line' id='line_1_2' title="bbox 150 390 1145 437; baseline -0.014 -8"><span class='ocrx_word' id='word_1_8' title='bbox 150 400 231 437; x_wconf 91' lang='lat' dir='ltr'>copi.</span> <span class='ocrx_word' id='word_1_9' title='bbox 255 408 290 428; x_wconf 79' lang='lat' dir='ltr'>ex</span> <span class='ocrx_word' id='word_1_10' title='bbox 314 401 404 435; x_wconf 85' lang='lat' dir='ltr'>parte</span> <span class='ocrx_word' id='word_1_11' title='bbox 424 404 499 424; x_wconf 87' lang='lat' dir='ltr'>una.</span> <span class='ocrx_word' id='word_1_12' title='bbox 519 399 546 423; x_wconf 84' lang='lat' dir='ltr'>et</span> <span class='ocrx_word' id='word_1_13' title='bbox 568 393 725 432; x_wconf 79' lang='lat' dir='ltr'>quosdam</span> <span class='ocrx_word' id='word_1_14' title='bbox 748 395 947 421; x_wconf 84' lang='lat' dir='ltr'>mercatores</span> <span class='ocrx_word' id='word_1_15' title='bbox 969 390 1145 418; x_wconf 74' lang='lat' dir='ltr'>Romanos.</span> 
     </span>
     <span class='ocr_line' id='line_1_3' title="bbox 150 439 1146 484; baseline -0.015 -3"><span class='ocrx_word' id='word_1_16' title='bbox 150 462 186 482; x_wconf 75' lang='lat' dir='ltr'>ex</span> <span class='ocrx_word' id='word_1_17' title='bbox 203 451 315 480; x_wconf 82' lang='lat' dir='ltr'>altera.</span> <span class='ocrx_word' id='word_1_18' title='bbox 335 447 519 478; x_wconf 88' lang='lat' dir='ltr'>amicabilis</span> <span class='ocrx_word' id='word_1_19' title='bbox 531 445 724 484; x_wconf 84' lang='lat' dir='ltr'>compositio</span> <span class='ocrx_word' id='word_1_20' title='bbox 737 443 929 473; x_wconf 79' lang='lat' dir='ltr'>intervenit:</span> <span class='ocrx_word' id='word_1_21' title='bbox 946 450 1044 479; x_wconf 79' lang='lat' dir='ltr'>quam</span> <span class='ocrx_word' id='word_1_22' title='bbox 1061 439 1146 468; x_wconf 84' lang='lat' dir='ltr'>idem</span> 
     </span>
     <span class='ocr_line' id='line_1_4' title="bbox 148 493 1147 542; baseline -0.015 -9"><span class='ocrx_word' id='word_1_23' title='bbox 148 505 319 542; x_wconf 71' lang='lat' dir='ltr'>episcopus</span> <span class='ocrx_word' id='word_1_24' title='bbox 337 510 399 530; x_wconf 89' lang='lat' dir='ltr'>non</span> <span class='ocrx_word' id='word_1_25' title='bbox 418 500 610 533; x_wconf 82' lang='lat' dir='ltr'>observans,</span> <span class='ocrx_word' id='word_1_26' title='bbox 635 506 700 526; x_wconf 89' lang='lat' dir='ltr'>non</span> <span class='ocrx_word' id='word_1_27' title='bbox 721 495 880 526; x_wconf 70' lang='lat' dir='ltr'>satisfecit</span> <span class='ocrx_word' id='word_1_28' title='bbox 900 493 1032 523; x_wconf 82' lang='lat' dir='ltr'>eisdem.</span> <span class='ocrx_word' id='word_1_29' title='bbox 1056 493 1147 521; x_wconf 82' lang='lat' dir='ltr'>Post-</span> 
     </span>
     <span class='ocr_line' id='line_1_5' title="bbox 148 545 1147 590; baseline -0.014 -5"><span class='ocrx_word' id='word_1_30' title='bbox 148 556 278 585; x_wconf 84' lang='lat' dir='ltr'>modum</span> <span class='ocrx_word' id='word_1_31' title='bbox 300 563 376 583; x_wconf 78' lang='lat' dir='ltr'>vero</span> <span class='ocrx_word' id='word_1_32' title='bbox 397 562 453 590; x_wconf 88' lang='lat' dir='ltr'>pro</span> <span class='ocrx_word' id='word_1_33' title='bbox 473 550 627 582; x_wconf 79' lang='lat' dir='ltr'>Juvenali</span> <span class='ocrx_word' id='word_1_34' title='bbox 650 549 812 579; x_wconf 89' lang='lat' dir='ltr'>Mannetti</span> <span class='ocrx_word' id='word_1_35' title='bbox 838 552 866 577; x_wconf 88' lang='lat' dir='ltr'>ct</span> <span class='ocrx_word' id='word_1_36' title='bbox 889 545 1014 583; x_wconf 66' lang='lat' dir='ltr'>Angclo</span> <span class='ocrx_word' id='word_1_37' title='bbox 1035 545 1147 579; x_wconf 63' lang='lat' dir='ltr'>Maga-</span> 
     </span>
     <span class='ocr_line' id='line_1_6' title="bbox 147 596 1147 638; baseline -0.014 0"><span class='ocrx_word' id='word_1_38' title='bbox 147 609 228 638; x_wconf 85' lang='lat' dir='ltr'>lotti.</span> <span class='ocrx_word' id='word_1_39' title='bbox 252 606 378 636; x_wconf 83' lang='lat' dir='ltr'>civibus</span> <span class='ocrx_word' id='word_1_40' title='bbox 396 604 566 634; x_wconf 65' lang='lat' dir='ltr'>Romanis</span> <span class='ocrx_word' id='word_1_41' title='bbox 582 607 695 632; x_wconf 89' lang='lat' dir='ltr'>contra</span> <span class='ocrx_word' id='word_1_42' title='bbox 719 601 858 631; x_wconf 89' lang='lat' dir='ltr'>eundem</span> <span class='ocrx_word' id='word_1_43' title='bbox 876 599 1075 637; x_wconf 78' lang='lat' dir='ltr'>episcopum.</span> <span class='ocrx_word' id='word_1_44' title='bbox 1095 596 1147 625; x_wconf 90' lang='lat' dir='ltr'>cui</span> 
     </span>
     <span class='ocr_line' id='line_1_7' title="bbox 148 649 1147 698; baseline -0.013 -8"><span class='ocrx_word' id='word_1_45' title='bbox 148 666 284 698; x_wconf 78' lang='lat' dir='ltr'>uterque</span> <span class='ocrx_word' id='word_1_46' title='bbox 310 659 456 696; x_wconf 87' lang='lat' dir='ltr'>ipsorum</span> <span class='ocrx_word' id='word_1_47' title='bbox 479 666 535 694; x_wconf 88' lang='lat' dir='ltr'>per</span> <span class='ocrx_word' id='word_1_48' title='bbox 563 665 596 685; x_wconf 91' lang='lat' dir='ltr'>se</span> <span class='ocrx_word' id='word_1_49' title='bbox 626 654 791 693; x_wconf 83' lang='lat' dir='ltr'>quandam</span> <span class='ocrx_word' id='word_1_50' title='bbox 819 660 979 682; x_wconf 81' lang='lat' dir='ltr'>summam</span> <span class='ocrx_word' id='word_1_51' title='bbox 1009 649 1147 688; x_wconf 81' lang='lat' dir='ltr'>pecunie</span> 
     </span>
     <span class='ocr_line' id='line_1_8' title="bbox 147 702 1148 745; baseline -0.013 -2"><span class='ocrx_word' id='word_1_52' title='bbox 147 717 324 743; x_wconf 83' lang='lat' dir='ltr'>mutuarat.</span> <span class='ocrx_word' id='word_1_53' title='bbox 340 711 423 740; x_wconf 88' lang='lat' dir='ltr'>bone</span> <span class='ocrx_word' id='word_1_54' title='bbox 440 709 598 739; x_wconf 85' lang='lat' dir='ltr'>memorie</span> <span class='ocrx_word' id='word_1_55' title='bbox 618 731 637 736; x_wconf 83' lang='lat'>..</span> <span class='ocrx_word' id='word_1_56' title='bbox 656 707 808 745; x_wconf 83' lang='lat' dir='ltr'>episcopo</span> <span class='ocrx_word' id='word_1_57' title='bbox 820 703 1079 736; x_wconf 88' lang='lat' dir='ltr'>Cathalaunensi</span> <span class='ocrx_word' id='word_1_58' title='bbox 1097 702 1148 731; x_wconf 88' lang='lat' dir='ltr'>de-</span> 
     </span>
     <span class='ocr_line' id='line_1_9' title="bbox 147 757 1148 799; baseline -0.01 -5"><span class='ocrx_word' id='word_1_59' title='bbox 147 766 255 795; x_wconf 90' lang='lat' dir='ltr'>dimus</span> <span class='ocrx_word' id='word_1_60' title='bbox 281 763 419 792; x_wconf 90' lang='lat' dir='ltr'>firmiter</span> <span class='ocrx_word' id='word_1_61' title='bbox 445 762 478 791; x_wconf 91' lang='lat' dir='ltr'>in</span> <span class='ocrx_word' id='word_1_62' title='bbox 505 761 666 799; x_wconf 86' lang='lat' dir='ltr'>preceptis</span> <span class='ocrx_word' id='word_1_63' title='bbox 690 764 742 789; x_wconf 87' lang='lat' dir='ltr'>ut.</span> <span class='ocrx_word' id='word_1_64' title='bbox 766 758 913 788; x_wconf 83' lang='lat' dir='ltr'>redditus</span> <span class='ocrx_word' id='word_1_65' title='bbox 941 757 1148 794; x_wconf 80' lang='lat' dir='ltr'>episcopatus</span> 
     </span>
     <span class='ocr_line' id='line_1_10' title="bbox 147 810 1149 851; baseline -0.012 -4"><span class='ocrx_word' id='word_1_66' title='bbox 147 817 306 848; x_wconf 79' lang='lat' dir='ltr'>Mctcnsis</span> <span class='ocrx_word' id='word_1_67' title='bbox 323 815 432 851; x_wconf 57' lang='lat' dir='ltr'>colligi</span> <span class='ocrx_word' id='word_1_68' title='bbox 450 814 587 844; x_wconf 78' lang='lat' dir='ltr'>faciens.</span> <span class='ocrx_word' id='word_1_69' title='bbox 605 813 732 851; x_wconf 81' lang='lat' dir='ltr'>prefato</span> <span class='ocrx_word' id='word_1_70' title='bbox 744 810 884 841; x_wconf 75' lang='lat' dir='ltr'>Metensi</span> <span class='ocrx_word' id='word_1_71' title='bbox 898 810 1048 847; x_wconf 83' lang='lat' dir='ltr'>episcopo</span> <span class='ocrx_word' id='word_1_72' title='bbox 1062 817 1149 837; x_wconf 83' lang='lat' dir='ltr'>com-</span> 
     </span>
     <span class='ocr_line' id='line_1_11' title="bbox 147 862 1146 908; baseline -0.01 -9"><span class='ocrx_word' id='word_1_73' title='bbox 147 870 269 908; x_wconf 82' lang='lat' dir='ltr'>petenti</span> <span class='ocrx_word' id='word_1_74' title='bbox 287 868 475 906; x_wconf 81' lang='lat' dir='ltr'>provisione</span> <span class='ocrx_word' id='word_1_75' title='bbox 497 870 613 897; x_wconf 76' lang='lat' dir='ltr'>taxata,</span> <span class='ocrx_word' id='word_1_76' title='bbox 635 865 751 895; x_wconf 86' lang='lat' dir='ltr'>exinde</span> <span class='ocrx_word' id='word_1_77' title='bbox 773 863 929 902; x_wconf 70' lang='lat' dir='ltr'>predictis</span> <span class='ocrx_word' id='word_1_78' title='bbox 947 862 1074 891; x_wconf 86' lang='lat' dir='ltr'>civibus</span> <span class='ocrx_word' id='word_1_79' title='bbox 1094 870 1146 890; x_wconf 86' lang='lat' dir='ltr'>sa-</span> 
     </span>
     <span class='ocr_line' id='line_1_12' title="bbox 149 914 1149 956; baseline -0.009 -4"><span class='ocrx_word' id='word_1_80' title='bbox 149 923 313 952; x_wconf 85' lang='lat' dir='ltr'>tisfaceret</span> <span class='ocrx_word' id='word_1_81' title='bbox 338 921 421 950; x_wconf 75' lang='lat' dir='ltr'>sicut</span> <span class='ocrx_word' id='word_1_82' title='bbox 449 930 466 949; x_wconf 85' lang='lat' dir='ltr'>a</span> <span class='ocrx_word' id='word_1_83' title='bbox 493 919 587 948; x_wconf 86' lang='lat' dir='ltr'>nobis</span> <span class='ocrx_word' id='word_1_84' title='bbox 610 918 840 956; x_wconf 67' lang='lat' dir='ltr'>injungeretur</span> <span class='ocrx_word' id='word_1_85' title='bbox 863 916 985 950; x_wconf 83' lang='lat' dir='ltr'>eidem;</span> <span class='ocrx_word' id='word_1_86' title='bbox 1015 914 1101 953; x_wconf 81' lang='lat' dir='ltr'>quod</span> <span class='ocrx_word' id='word_1_87' title='bbox 1121 914 1149 943; x_wconf 91' lang='lat' dir='ltr'>si</span> 
     </span>
     <span class='ocr_line' id='line_1_13' title="bbox 147 968 1150 1014; baseline -0.01 -8"><span class='ocrx_word' id='word_1_88' title='bbox 147 980 256 1014; x_wconf 85' lang='lat' dir='ltr'>posset</span> <span class='ocrx_word' id='word_1_89' title='bbox 279 975 366 1003; x_wconf 85' lang='lat' dir='ltr'>inter</span> <span class='ocrx_word' id='word_1_90' title='bbox 382 982 436 1003; x_wconf 82' lang='lat' dir='ltr'>eos</span> <span class='ocrx_word' id='word_1_91' title='bbox 453 972 646 1010; x_wconf 87' lang='lat' dir='ltr'>compositio</span> <span class='ocrx_word' id='word_1_92' title='bbox 661 969 846 1000; x_wconf 88' lang='lat' dir='ltr'>amicabilis</span> <span class='ocrx_word' id='word_1_93' title='bbox 858 969 1042 1007; x_wconf 86' lang='lat' dir='ltr'>provenire,</span> <span class='ocrx_word' id='word_1_94' title='bbox 1057 968 1150 1006; x_wconf 83' lang='lat' dir='ltr'>juxta</span> 
     </span>
     <span class='ocr_line' id='line_1_14' title="bbox 147 1021 1151 1060; baseline -0.009 -2"><span class='ocrx_word' id='word_1_95' title='bbox 147 1038 218 1059; x_wconf 88' lang='lat' dir='ltr'>eam</span> <span class='ocrx_word' id='word_1_96' title='bbox 238 1026 435 1060; x_wconf 73' lang='lat' dir='ltr'>satisfactio,</span> <span class='ocrx_word' id='word_1_97' title='bbox 456 1024 568 1054; x_wconf 88' lang='lat' dir='ltr'>usuris</span> <span class='ocrx_word' id='word_1_98' title='bbox 589 1023 723 1053; x_wconf 89' lang='lat' dir='ltr'>omnino</span> <span class='ocrx_word' id='word_1_99' title='bbox 745 1021 968 1053; x_wconf 69' lang='lat' dir='ltr'>cessantibus,</span> <span class='ocrx_word' id='word_1_100' title='bbox 995 1029 1151 1058; x_wconf 81' lang='lat' dir='ltr'>sequere-</span> 
     </span>
     <span class='ocr_line' id='line_1_15' title="bbox 149 1074 1150 1117; baseline -0.009 -6"><span class='ocrx_word' id='word_1_101' title='bbox 149 1087 215 1116; x_wconf 87' lang='lat' dir='ltr'>tur;</span> <span class='ocrx_word' id='word_1_102' title='bbox 242 1081 269 1110; x_wconf 90' lang='lat' dir='ltr'>si</span> <span class='ocrx_word' id='word_1_103' title='bbox 287 1089 362 1110; x_wconf 87' lang='lat' dir='ltr'>vero</span> <span class='ocrx_word' id='word_1_104' title='bbox 380 1079 552 1117; x_wconf 90' lang='lat' dir='ltr'>episcopus</span> <span class='ocrx_word' id='word_1_105' title='bbox 571 1077 609 1106; x_wconf 87' lang='lat' dir='ltr'>de</span> <span class='ocrx_word' id='word_1_106' title='bbox 628 1077 701 1115; x_wconf 83' lang='lat' dir='ltr'>jure</span> <span class='ocrx_word' id='word_1_107' title='bbox 723 1085 782 1105; x_wconf 89' lang='lat' dir='ltr'>suo</span> <span class='ocrx_word' id='word_1_108' title='bbox 804 1075 901 1105; x_wconf 81' lang='lat' dir='ltr'>vellet</span> <span class='ocrx_word' id='word_1_109' title='bbox 922 1074 1031 1112; x_wconf 80' lang='lat' dir='ltr'>potius</span> <span class='ocrx_word' id='word_1_110' title='bbox 1055 1082 1150 1111; x_wconf 84' lang='lat' dir='ltr'>expe-</span> 
     </span>
     <span class='ocr_line' id='line_1_16' title="bbox 146 1130 1149 1171; baseline -0.009 -8"><span class='ocrx_word' id='word_1_111' title='bbox 146 1134 218 1171; x_wconf 88' lang='lat' dir='ltr'>riri,</span> <span class='ocrx_word' id='word_1_112' title='bbox 238 1133 301 1163; x_wconf 87' lang='lat' dir='ltr'>sibi</span> <span class='ocrx_word' id='word_1_113' title='bbox 316 1132 489 1170; x_wconf 52' lang='lat' dir='ltr'>preficeret</span> <span class='ocrx_word' id='word_1_114' title='bbox 505 1130 682 1160; x_wconf 89' lang='lat' dir='ltr'>terminum</span> <span class='ocrx_word' id='word_1_115' title='bbox 699 1132 949 1166; x_wconf 70' lang='lat' dir='ltr'>competentem,</span> <span class='ocrx_word' id='word_1_116' title='bbox 965 1136 1029 1165; x_wconf 75' lang='lat' dir='ltr'>quo</span> <span class='ocrx_word' id='word_1_117' title='bbox 1045 1135 1149 1164; x_wconf 84' lang='lat' dir='ltr'>perse</span> 
     </span>
     <span class='ocr_line' id='line_1_17' title="bbox 147 1179 1149 1225; baseline -0.01 -8"><span class='ocrx_word' id='word_1_118' title='bbox 147 1187 197 1217; x_wconf 75' lang='lat' dir='ltr'>vel</span> <span class='ocrx_word' id='word_1_119' title='bbox 214 1190 458 1225; x_wconf 83' lang='lat' dir='ltr'>procuratorem</span> <span class='ocrx_word' id='word_1_120' title='bbox 476 1184 631 1213; x_wconf 88' lang='lat' dir='ltr'>idoneum</span> <span class='ocrx_word' id='word_1_121' title='bbox 648 1185 866 1219; x_wconf 85' lang='lat' dir='ltr'>compareret.</span> <span class='ocrx_word' id='word_1_122' title='bbox 887 1179 1149 1209; x_wconf 74' lang='lat' dir='ltr'>satisfactionem</span> 
     </span>
     <span class='ocr_line' id='line_1_18' title="bbox 146 1232 1150 1276; baseline -0.01 -6"><span class='ocrx_word' id='word_1_123' title='bbox 146 1240 291 1270; x_wconf 85' lang='lat' dir='ltr'>debitam</span> <span class='ocrx_word' id='word_1_124' title='bbox 308 1239 530 1276; x_wconf 68' lang='lat' dir='ltr'>impensurus,</span> <span class='ocrx_word' id='word_1_125' title='bbox 550 1235 788 1265; x_wconf 70' lang='lat' dir='ltr'>nichilominus</span> <span class='ocrx_word' id='word_1_126' title='bbox 806 1239 914 1263; x_wconf 88' lang='lat' dir='ltr'>tamen</span> <span class='ocrx_word' id='word_1_127' title='bbox 933 1233 968 1262; x_wconf 90' lang='lat' dir='ltr'>in</span> <span class='ocrx_word' id='word_1_128' title='bbox 988 1232 1150 1270; x_wconf 83' lang='lat' dir='ltr'>predicto-</span> 
     </span>
     <span class='ocr_line' id='line_1_19' title="bbox 146 1285 1149 1326; baseline -0.01 -4"><span class='ocrx_word' id='word_1_129' title='bbox 146 1302 218 1322; x_wconf 92' lang='lat' dir='ltr'>rum</span> <span class='ocrx_word' id='word_1_130' title='bbox 236 1291 428 1322; x_wconf 87' lang='lat' dir='ltr'>collectione</span> <span class='ocrx_word' id='word_1_131' title='bbox 448 1289 636 1319; x_wconf 88' lang='lat' dir='ltr'>reddituum</span> <span class='ocrx_word' id='word_1_132' title='bbox 656 1287 873 1326; x_wconf 85' lang='lat' dir='ltr'>procedendo.</span> <span class='ocrx_word' id='word_1_133' title='bbox 890 1286 952 1322; x_wconf 85' lang='lat' dir='ltr'>Qui</span> <span class='ocrx_word' id='word_1_134' title='bbox 972 1294 1045 1314; x_wconf 88' lang='lat' dir='ltr'>cum</span> <span class='ocrx_word' id='word_1_135' title='bbox 1063 1285 1149 1314; x_wconf 88' lang='lat' dir='ltr'>viam</span> 
     </span>
     <span class='ocr_line' id='line_1_20' title="bbox 147 1340 1149 1381; baseline -0.009 -6"><span class='ocrx_word' id='word_1_136' title='bbox 147 1346 297 1376; x_wconf 85' lang='lat' dir='ltr'>ultimam</span> <span class='ocrx_word' id='word_1_137' title='bbox 317 1344 489 1381; x_wconf 73' lang='lat' dir='ltr'>elegisset,</span> <span class='ocrx_word' id='word_1_138' title='bbox 511 1342 541 1372; x_wconf 92' lang='lat' dir='ltr'>ei</span> <span class='ocrx_word' id='word_1_139' title='bbox 561 1346 590 1371; x_wconf 88' lang='lat' dir='ltr'>et</span> <span class='ocrx_word' id='word_1_140' title='bbox 615 1341 711 1371; x_wconf 88' lang='lat' dir='ltr'>dictis</span> <span class='ocrx_word' id='word_1_141' title='bbox 733 1340 861 1370; x_wconf 80' lang='lat' dir='ltr'>civibus</span> <span class='ocrx_word' id='word_1_142' title='bbox 885 1340 919 1368; x_wconf 89' lang='lat' dir='ltr'>in</span> <span class='ocrx_word' id='word_1_143' title='bbox 943 1343 1054 1368; x_wconf 89' lang='lat' dir='ltr'>nostra</span> <span class='ocrx_word' id='word_1_144' title='bbox 1075 1347 1149 1375; x_wconf 89' lang='lat' dir='ltr'>pre-</span> 
     </span>
     <span class='ocr_line' id='line_1_21' title="bbox 147 1391 1147 1430; baseline -0.01 -1"><span class='ocrx_word' id='word_1_145' title='bbox 147 1399 253 1430; x_wconf 81' lang='lat' dir='ltr'>sentia</span> <span class='ocrx_word' id='word_1_146' title='bbox 272 1396 461 1427; x_wconf 84' lang='lat' dir='ltr'>constitutis</span> <span class='ocrx_word' id='word_1_147' title='bbox 481 1395 636 1424; x_wconf 86' lang='lat' dir='ltr'>dilectum</span> <span class='ocrx_word' id='word_1_148' title='bbox 652 1394 758 1423; x_wconf 86' lang='lat' dir='ltr'>filium</span> <span class='ocrx_word' id='word_1_149' title='bbox 781 1397 929 1422; x_wconf 84' lang='lat' dir='ltr'>nostrum</span> <span class='ocrx_word' id='word_1_150' title='bbox 951 1391 1147 1429; x_wconf 74' lang='lat' dir='ltr'>T[lmmam],</span> 
     </span>
     <span class='ocr_line' id='line_1_22' title="bbox 146 1444 1149 1486; baseline -0.011 -4"><span class='ocrx_word' id='word_1_151' title='bbox 146 1452 235 1482; x_wconf 86' lang='lat' dir='ltr'>tituli</span> <span class='ocrx_word' id='word_1_152' title='bbox 251 1453 369 1481; x_wconf 78' lang='lat' dir='ltr'>Sancte</span> <span class='ocrx_word' id='word_1_153' title='bbox 387 1449 508 1479; x_wconf 71' lang='lat' dir='ltr'>sabine</span> <span class='ocrx_word' id='word_1_154' title='bbox 529 1447 749 1486; x_wconf 81' lang='lat' dir='ltr'>presbiterum</span> <span class='ocrx_word' id='word_1_155' title='bbox 767 1445 980 1475; x_wconf 70' lang='lat' dir='ltr'>cardinalem.</span> <span class='ocrx_word' id='word_1_156' title='bbox 999 1444 1149 1473; x_wconf 87' lang='lat' dir='ltr'>dedimus</span> 
     </span>
     <span class='ocr_line' id='line_1_23' title="bbox 146 1497 1149 1539; baseline -0.01 -4"><span class='ocrx_word' id='word_1_157' title='bbox 146 1505 339 1535; x_wconf 78' lang='lat' dir='ltr'>auditorem.</span> <span class='ocrx_word' id='word_1_158' title='bbox 369 1503 486 1533; x_wconf 89' lang='lat' dir='ltr'>Coram</span> <span class='ocrx_word' id='word_1_159' title='bbox 513 1510 576 1539; x_wconf 78' lang='lat' dir='ltr'>quo</span> <span class='ocrx_word' id='word_1_160' title='bbox 600 1500 677 1529; x_wconf 83' lang='lat' dir='ltr'>licet.</span> <span class='ocrx_word' id='word_1_161' title='bbox 699 1499 777 1528; x_wconf 86' lang='lat' dir='ltr'>hinc</span> <span class='ocrx_word' id='word_1_162' title='bbox 798 1498 874 1528; x_wconf 89' lang='lat' dir='ltr'>inde</span> <span class='ocrx_word' id='word_1_163' title='bbox 899 1497 999 1527; x_wconf 86' lang='lat' dir='ltr'>suerit</span> <span class='ocrx_word' id='word_1_164' title='bbox 1023 1497 1149 1526; x_wconf 88' lang='lat' dir='ltr'>diutius</span> 
     </span>
     <span class='ocr_line' id='line_1_24' title="bbox 147 1551 1149 1590; baseline -0.009 -3"><span class='ocrx_word' id='word_1_165' title='bbox 147 1558 355 1590; x_wconf 76' lang='lat' dir='ltr'>altercatum,</span> <span class='ocrx_word' id='word_1_166' title='bbox 378 1555 520 1586; x_wconf 76' lang='lat' dir='ltr'>demum,</span> <span class='ocrx_word' id='word_1_167' title='bbox 539 1562 576 1583; x_wconf 91' lang='lat' dir='ltr'>eo</span> <span class='ocrx_word' id='word_1_168' title='bbox 595 1553 771 1582; x_wconf 78' lang='lat' dir='ltr'>mediante.</span> <span class='ocrx_word' id='word_1_169' title='bbox 790 1555 884 1589; x_wconf 89' lang='lat' dir='ltr'>prout</span> <span class='ocrx_word' id='word_1_170' title='bbox 902 1551 1073 1580; x_wconf 89' lang='lat' dir='ltr'>continent</span> <span class='ocrx_word' id='word_1_171' title='bbox 1089 1559 1149 1587; x_wconf 92' lang='lat' dir='ltr'>pu-</span> 
     </span>
     <span class='ocr_line' id='line_1_25' title="bbox 147 1603 1149 1645; baseline -0.007 -5"><span class='ocrx_word' id='word_1_172' title='bbox 147 1610 232 1640; x_wconf 88' lang='lat' dir='ltr'>blica</span> <span class='ocrx_word' id='word_1_173' title='bbox 258 1610 497 1642; x_wconf 83' lang='lat' dir='ltr'>instrumenta,</span> <span class='ocrx_word' id='word_1_174' title='bbox 528 1615 667 1645; x_wconf 79' lang='lat' dir='ltr'>quorum</span> <span class='ocrx_word' id='word_1_175' title='bbox 695 1614 797 1634; x_wconf 92' lang='lat' dir='ltr'>unum</span> <span class='ocrx_word' id='word_1_176' title='bbox 826 1604 972 1643; x_wconf 81' lang='lat' dir='ltr'>ejttsdcm</span> <span class='ocrx_word' id='word_1_177' title='bbox 1000 1603 1149 1640; x_wconf 86' lang='lat' dir='ltr'>T[homc]</span> 
     </span>
     <span class='ocr_line' id='line_1_26' title="bbox 147 1656 1149 1696; baseline -0.008 -4"><span class='ocrx_word' id='word_1_178' title='bbox 147 1662 326 1693; x_wconf 84' lang='lat' dir='ltr'>cardinalis</span> <span class='ocrx_word' id='word_1_179' title='bbox 342 1666 373 1691; x_wconf 84' lang='lat' dir='ltr'>et</span> <span class='ocrx_word' id='word_1_180' title='bbox 388 1660 503 1690; x_wconf 80' lang='lat' dir='ltr'>Jacobi</span> <span class='ocrx_word' id='word_1_181' title='bbox 519 1658 710 1692; x_wconf 88' lang='lat' dir='ltr'>Trecensis,</span> <span class='ocrx_word' id='word_1_182' title='bbox 735 1657 957 1696; x_wconf 76' lang='lat' dir='ltr'>procuratoris</span> <span class='ocrx_word' id='word_1_183' title='bbox 981 1656 1059 1685; x_wconf 89' lang='lat' dir='ltr'>dicti</span> <span class='ocrx_word' id='word_1_184' title='bbox 1081 1657 1149 1685; x_wconf 86' lang='lat' dir='ltr'>Me-</span> 
     </span>
     <span class='ocr_line' id='line_1_27' title="bbox 148 1709 1149 1752; baseline -0.008 -7"><span class='ocrx_word' id='word_1_185' title='bbox 148 1716 252 1746; x_wconf 78' lang='lat' dir='ltr'>tensis</span> <span class='ocrx_word' id='word_1_186' title='bbox 276 1714 431 1752; x_wconf 72' lang='lat' dir='ltr'>episcopi,</span> <span class='ocrx_word' id='word_1_187' title='bbox 456 1717 486 1742; x_wconf 88' lang='lat' dir='ltr'>et</span> <span class='ocrx_word' id='word_1_188' title='bbox 508 1712 572 1741; x_wconf 86' lang='lat' dir='ltr'>alia</span> <span class='ocrx_word' id='word_1_189' title='bbox 595 1716 659 1741; x_wconf 87' lang='lat' dir='ltr'>tam</span> <span class='ocrx_word' id='word_1_190' title='bbox 686 1709 865 1740; x_wconf 87' lang='lat' dir='ltr'>cardinalis</span> <span class='ocrx_word' id='word_1_191' title='bbox 889 1719 987 1748; x_wconf 87' lang='lat' dir='ltr'>quam</span> <span class='ocrx_word' id='word_1_192' title='bbox 1005 1709 1149 1747; x_wconf 84' lang='lat' dir='ltr'>episcopi</span> 
     </span>
     <span class='ocr_line' id='line_1_28' title="bbox 146 1763 1149 1807; baseline -0.007 -9"><span class='ocrx_word' id='word_1_193' title='bbox 146 1768 368 1807; x_wconf 88' lang='lat' dir='ltr'>predictorum</span> <span class='ocrx_word' id='word_1_194' title='bbox 394 1771 470 1796; x_wconf 88' lang='lat' dir='ltr'>sunt</span> <span class='ocrx_word' id='word_1_195' title='bbox 496 1765 624 1795; x_wconf 86' lang='lat' dir='ltr'>munita</span> <span class='ocrx_word' id='word_1_196' title='bbox 649 1763 786 1801; x_wconf 78' lang='lat' dir='ltr'>sigillis,</span> <span class='ocrx_word' id='word_1_197' title='bbox 814 1763 853 1792; x_wconf 88' lang='lat' dir='ltr'>ad</span> <span class='ocrx_word' id='word_1_198' title='bbox 878 1763 1149 1800; x_wconf 80' lang='lat' dir='ltr'>compositionem</span> 
     </span>
     <span class='ocr_line' id='line_1_29' title="bbox 148 1815 1150 1854; baseline -0.007 -4"><span class='ocrx_word' id='word_1_199' title='bbox 148 1820 356 1850; x_wconf 82' lang='lat' dir='ltr'>amicabilem</span> <span class='ocrx_word' id='word_1_200' title='bbox 373 1819 591 1852; x_wconf 64' lang='lat' dir='ltr'>devenerunt,</span> <span class='ocrx_word' id='word_1_201' title='bbox 617 1817 650 1845; x_wconf 93' lang='lat' dir='ltr'>in</span> <span class='ocrx_word' id='word_1_202' title='bbox 668 1825 743 1854; x_wconf 75' lang='lat' dir='ltr'>qua,</span> <span class='ocrx_word' id='word_1_203' title='bbox 764 1816 851 1845; x_wconf 90' lang='lat' dir='ltr'>inter</span> <span class='ocrx_word' id='word_1_204' title='bbox 868 1815 943 1844; x_wconf 87' lang='lat' dir='ltr'>alia.</span> <span class='ocrx_word' id='word_1_205' title='bbox 962 1815 1150 1844; x_wconf 83' lang='lat' dir='ltr'>continetur</span> 
     </span>
     <span class='ocr_line' id='line_1_30' title="bbox 148 1869 1150 1913; baseline -0.007 -10"><span class='ocrx_word' id='word_1_206' title='bbox 148 1874 249 1913; x_wconf 79' lang='lat' dir='ltr'>quod,</span> <span class='ocrx_word' id='word_1_207' title='bbox 271 1872 450 1902; x_wconf 77' lang='lat' dir='ltr'>reservatis</span> <span class='ocrx_word' id='word_1_208' title='bbox 473 1870 665 1909; x_wconf 70' lang='lat' dir='ltr'>quingentis</span> <span class='ocrx_word' id='word_1_209' title='bbox 688 1869 808 1898; x_wconf 84' lang='lat' dir='ltr'>marcis</span> <span class='ocrx_word' id='word_1_210' title='bbox 827 1878 883 1906; x_wconf 88' lang='lat' dir='ltr'>pro</span> <span class='ocrx_word' id='word_1_211' title='bbox 903 1877 963 1897; x_wconf 91' lang='lat' dir='ltr'>sua</span> <span class='ocrx_word' id='word_1_212' title='bbox 984 1872 1150 1897; x_wconf 82' lang='lat' dir='ltr'>sustenta-</span> 
     </span>
     <span class='ocr_line' id='line_1_31' title="bbox 148 1921 1148 1964; baseline -0.007 -8"><span class='ocrx_word' id='word_1_213' title='bbox 148 1928 235 1957; x_wconf 85' lang='lat' dir='ltr'>tione</span> <span class='ocrx_word' id='word_1_214' title='bbox 260 1926 324 1964; x_wconf 88' lang='lat' dir='ltr'>ipsi</span> <span class='ocrx_word' id='word_1_215' title='bbox 352 1924 492 1954; x_wconf 83' lang='lat' dir='ltr'>Metensi</span> <span class='ocrx_word' id='word_1_216' title='bbox 513 1923 664 1961; x_wconf 88' lang='lat' dir='ltr'>episcopo</span> <span class='ocrx_word' id='word_1_217' title='bbox 689 1921 878 1956; x_wconf 81' lang='lat' dir='ltr'>annuatim,</span> <span class='ocrx_word' id='word_1_218' title='bbox 901 1921 1022 1959; x_wconf 83' lang='lat' dir='ltr'>quibus</span> <span class='ocrx_word' id='word_1_219' title='bbox 1041 1921 1148 1958; x_wconf 91' lang='lat' dir='ltr'>ipsum</span> 
     </span>
     <span class='ocr_line' id='line_1_32' title="bbox 146 1974 1150 2012; baseline -0.008 -2"><span class='ocrx_word' id='word_1_220' title='bbox 146 1980 297 2010; x_wconf 80' lang='lat' dir='ltr'>volumus</span> <span class='ocrx_word' id='word_1_221' title='bbox 315 1987 386 2008; x_wconf 83' lang='lat' dir='ltr'>esse</span> <span class='ocrx_word' id='word_1_222' title='bbox 400 1981 601 2011; x_wconf 86' lang='lat' dir='ltr'>contentum,</span> <span class='ocrx_word' id='word_1_223' title='bbox 617 1975 763 2005; x_wconf 83' lang='lat' dir='ltr'>universi</span> <span class='ocrx_word' id='word_1_224' title='bbox 781 1975 988 2012; x_wconf 80' lang='lat' dir='ltr'>episcopatus</span> <span class='ocrx_word' id='word_1_225' title='bbox 1002 1974 1150 2003; x_wconf 83' lang='lat' dir='ltr'>redditus</span> 
     </span>
     <span class='ocr_line' id='line_1_33' title="bbox 147 2027 1147 2071; baseline -0.007 -8"><span class='ocrx_word' id='word_1_226' title='bbox 147 2038 177 2063; x_wconf 84' lang='lat' dir='ltr'>et</span> <span class='ocrx_word' id='word_1_227' title='bbox 194 2036 383 2071; x_wconf 86' lang='lat' dir='ltr'>proventus,</span> <span class='ocrx_word' id='word_1_228' title='bbox 403 2039 438 2059; x_wconf 87' lang='lat' dir='ltr'>ac</span> <span class='ocrx_word' id='word_1_229' title='bbox 456 2029 642 2059; x_wconf 85' lang='lat' dir='ltr'>subsidium</span> <span class='ocrx_word' id='word_1_230' title='bbox 661 2027 747 2066; x_wconf 77' lang='lat' dir='ltr'>quod</span> <span class='ocrx_word' id='word_1_231' title='bbox 765 2027 837 2057; x_wconf 81' lang='lat' dir='ltr'>lieri</span> <span class='ocrx_word' id='word_1_232' title='bbox 858 2027 922 2056; x_wconf 88' lang='lat' dir='ltr'>sibi</span> <span class='ocrx_word' id='word_1_233' title='bbox 941 2027 1147 2061; x_wconf 72' lang='lat' dir='ltr'>mandamus,</span> 
     </span>
     <span class='ocr_line' id='line_1_34' title="bbox 146 2081 1150 2120; baseline -0.007 -4"><span class='ocrx_word' id='word_1_234' title='bbox 146 2087 180 2116; x_wconf 90' lang='lat' dir='ltr'>in</span> <span class='ocrx_word' id='word_1_235' title='bbox 198 2086 395 2116; x_wconf 84' lang='lat' dir='ltr'>solutionem</span> <span class='ocrx_word' id='word_1_236' title='bbox 417 2083 549 2113; x_wconf 88' lang='lat' dir='ltr'>illorum</span> <span class='ocrx_word' id='word_1_237' title='bbox 567 2091 629 2120; x_wconf 83' lang='lat' dir='ltr'>que</span> <span class='ocrx_word' id='word_1_238' title='bbox 651 2082 812 2111; x_wconf 84' lang='lat' dir='ltr'>debentur</span> <span class='ocrx_word' id='word_1_239' title='bbox 828 2081 1067 2110; x_wconf 78' lang='lat' dir='ltr'>mercatoribus</span> <span class='ocrx_word' id='word_1_240' title='bbox 1084 2082 1150 2110; x_wconf 84' lang='lat' dir='ltr'>Ro-</span> 
     </span>
     <span class='ocr_line' id='line_1_35' title="bbox 146 2133 1150 2178; baseline -0.007 -9"><span class='ocrx_word' id='word_1_241' title='bbox 146 2140 266 2174; x_wconf 88' lang='lat' dir='ltr'>manis,</span> <span class='ocrx_word' id='word_1_242' title='bbox 280 2140 373 2178; x_wconf 75' lang='lat' dir='ltr'>juxta</span> <span class='ocrx_word' id='word_1_243' title='bbox 389 2138 686 2166; x_wconf 82' lang='lat' dir='ltr'>instrumentorum</span> <span class='ocrx_word' id='word_1_244' title='bbox 700 2135 846 2173; x_wconf 89' lang='lat' dir='ltr'>ipsorum</span> <span class='ocrx_word' id='word_1_245' title='bbox 864 2133 1150 2172; x_wconf 77' lang='lat' dir='ltr'>ten01·cm,ct‹1ui-</span> 
     </span>
     <span class='ocr_line' id='line_1_36' title="bbox 147 2186 1149 2224; baseline -0.007 -2"><span class='ocrx_word' id='word_1_246' title='bbox 147 2193 285 2222; x_wconf 88' lang='lat' dir='ltr'>busdam</span> <span class='ocrx_word' id='word_1_247' title='bbox 315 2189 554 2220; x_wconf 73' lang='lat' dir='ltr'>mercatoribus</span> <span class='ocrx_word' id='word_1_248' title='bbox 585 2187 807 2221; x_wconf 80' lang='lat' dir='ltr'>Senensibus,</span> <span class='ocrx_word' id='word_1_249' title='bbox 847 2195 951 2224; x_wconf 83' lang='lat' dir='ltr'>usque</span> <span class='ocrx_word' id='word_1_250' title='bbox 984 2186 1023 2215; x_wconf 87' lang='lat' dir='ltr'>ad</span> <span class='ocrx_word' id='word_1_251' title='bbox 1059 2186 1149 2215; x_wconf 83' lang='lat' dir='ltr'>mille</span> 
     </span>
     <span class='ocr_line' id='line_1_37' title="bbox 147 2239 1150 2280; baseline -0.008 -5"><span class='ocrx_word' id='word_1_252' title='bbox 147 2254 292 2278; x_wconf 80' lang='lat' dir='ltr'>marcas,</span> <span class='ocrx_word' id='word_1_253' title='bbox 320 2252 380 2273; x_wconf 87' lang='lat' dir='ltr'>nec</span> <span class='ocrx_word' id='word_1_254' title='bbox 406 2252 469 2271; x_wconf 92' lang='lat' dir='ltr'>non</span> <span class='ocrx_word' id='word_1_255' title='bbox 495 2239 742 2280; x_wconf 87' lang='lat' dir='ltr'>Meten[sibus],</span> <span class='ocrx_word' id='word_1_256' title='bbox 767 2248 872 2278; x_wconf 82' lang='lat' dir='ltr'>usque</span> <span class='ocrx_word' id='word_1_257' title='bbox 901 2239 941 2268; x_wconf 88' lang='lat' dir='ltr'>ad</span> <span class='ocrx_word' id='word_1_258' title='bbox 968 2239 1030 2268; x_wconf 90' lang='lat' dir='ltr'>duo</span> <span class='ocrx_word' id='word_1_259' title='bbox 1058 2239 1150 2268; x_wconf 86' lang='lat' dir='ltr'>milia</span> 
     </span>
     <span class='ocr_line' id='line_1_38' title="bbox 147 2292 1149 2331; baseline -0.007 -3"><span class='ocrx_word' id='word_1_260' title='bbox 147 2306 333 2327; x_wconf 85' lang='lat' dir='ltr'>marcarum</span> <span class='ocrx_word' id='word_1_261' title='bbox 350 2296 528 2330; x_wconf 78' lang='lat' dir='ltr'>dumtaxat,</span> <span class='ocrx_word' id='word_1_262' title='bbox 548 2294 619 2323; x_wconf 87' lang='lat' dir='ltr'>sine</span> <span class='ocrx_word' id='word_1_263' title='bbox 644 2293 865 2322; x_wconf 89' lang='lat' dir='ltr'>diminutione</span> <span class='ocrx_word' id='word_1_264' title='bbox 885 2292 1049 2331; x_wconf 49' lang='lat' dir='ltr'>qualibet..</span> <span class='ocrx_word' id='word_1_265' title='bbox 1075 2302 1149 2321; x_wconf 92' lang='lat' dir='ltr'>con-</span> 
     </span>
     <span class='ocr_line' id='line_1_39' title="bbox 148 2345 1150 2385; baseline -0.008 -4"><span class='ocrx_word' id='word_1_266' title='bbox 148 2354 335 2381; x_wconf 79' lang='lat' dir='ltr'>vertantur:</span> <span class='ocrx_word' id='word_1_267' title='bbox 365 2348 495 2377; x_wconf 81' lang='lat' dir='ltr'>dilcctis</span> <span class='ocrx_word' id='word_1_268' title='bbox 519 2355 649 2385; x_wconf 80' lang='lat' dir='ltr'>quoque</span> <span class='ocrx_word' id='word_1_269' title='bbox 672 2345 750 2375; x_wconf 86' lang='lat' dir='ltr'>filiis</span> <span class='ocrx_word' id='word_1_270' title='bbox 777 2368 796 2373; x_wconf 95' lang='lat'>..</span> <span class='ocrx_word' id='word_1_271' title='bbox 820 2345 932 2375; x_wconf 83' lang='lat' dir='ltr'>Sancti</span> <span class='ocrx_word' id='word_1_272' title='bbox 956 2345 1043 2374; x_wconf 84' lang='lat' dir='ltr'>Petri</span> <span class='ocrx_word' id='word_1_273' title='bbox 1070 2346 1150 2374; x_wconf 88' lang='lat' dir='ltr'>Der-</span> 
     </span>
     <span class='ocr_line' id='line_1_40' title="bbox 148 2397 1150 2437; baseline -0.008 -3"><span class='ocrx_word' id='word_1_274' title='bbox 148 2403 271 2437; x_wconf 78' lang='lat' dir='ltr'>vensis,</span> <span class='ocrx_word' id='word_1_275' title='bbox 294 2399 573 2432; x_wconf 85' lang='lat' dir='ltr'>Cathalaunensis</span> <span class='ocrx_word' id='word_1_276' title='bbox 590 2399 746 2428; x_wconf 81' lang='lat' dir='ltr'>diocesis.</span> <span class='ocrx_word' id='word_1_277' title='bbox 766 2402 795 2427; x_wconf 88' lang='lat' dir='ltr'>et</span> <span class='ocrx_word' id='word_1_278' title='bbox 813 2421 832 2426; x_wconf 85' lang='lat'>..</span> <span class='ocrx_word' id='word_1_279' title='bbox 853 2397 964 2427; x_wconf 81' lang='lat' dir='ltr'>Sancti</span> <span class='ocrx_word' id='word_1_280' title='bbox 981 2397 1150 2427; x_wconf 77' lang='lat' dir='ltr'>Vincentii</span> 
     </span>
     <span class='ocr_line' id='line_1_41' title="bbox 148 2450 1148 2490; baseline -0.007 -4"><span class='ocrx_word' id='word_1_281' title='bbox 148 2456 307 2486; x_wconf 86' lang='lat' dir='ltr'>Metensis</span> <span class='ocrx_word' id='word_1_282' title='bbox 325 2453 500 2484; x_wconf 82' lang='lat' dir='ltr'>abbatibus</span> <span class='ocrx_word' id='word_1_283' title='bbox 516 2461 572 2490; x_wconf 88' lang='lat' dir='ltr'>per</span> <span class='ocrx_word' id='word_1_284' title='bbox 588 2452 716 2481; x_wconf 87' lang='lat' dir='ltr'>litteras</span> <span class='ocrx_word' id='word_1_285' title='bbox 734 2455 863 2480; x_wconf 79' lang='lat' dir='ltr'>nostras</span> <span class='ocrx_word' id='word_1_286' title='bbox 880 2450 1086 2489; x_wconf 79' lang='lat' dir='ltr'>injunximus</span> <span class='ocrx_word' id='word_1_287' title='bbox 1104 2455 1148 2485; x_wconf 74' lang='lat' dir='ltr'>ut.</span> 
     </span>
     <span class='ocr_line' id='line_1_42' title="bbox 148 2503 1148 2546; baseline -0.008 -7"><span class='ocrx_word' id='word_1_288' title='bbox 148 2518 262 2539; x_wconf 86' lang='lat' dir='ltr'>omnes</span> <span class='ocrx_word' id='word_1_289' title='bbox 281 2511 458 2546; x_wconf 80' lang='lat' dir='ltr'>proventus</span> <span class='ocrx_word' id='word_1_290' title='bbox 478 2510 507 2535; x_wconf 80' lang='lat' dir='ltr'>ct</span> <span class='ocrx_word' id='word_1_291' title='bbox 523 2505 680 2539; x_wconf 80' lang='lat' dir='ltr'>redditus,</span> <span class='ocrx_word' id='word_1_292' title='bbox 699 2513 734 2533; x_wconf 85' lang='lat' dir='ltr'>ac</span> <span class='ocrx_word' id='word_1_293' title='bbox 748 2503 934 2533; x_wconf 84' lang='lat' dir='ltr'>subsidium</span> <span class='ocrx_word' id='word_1_294' title='bbox 948 2503 1148 2541; x_wconf 85' lang='lat' dir='ltr'>hujusmodi.</span> 
     </span>
     <span class='ocr_line' id='line_1_43' title="bbox 148 2555 1150 2601; baseline -0.007 -10"><span class='ocrx_word' id='word_1_295' title='bbox 148 2567 257 2601; x_wconf 84' lang='lat' dir='ltr'>preter</span> <span class='ocrx_word' id='word_1_296' title='bbox 275 2569 373 2599; x_wconf 76' lang='lat' dir='ltr'>quam</span> <span class='ocrx_word' id='word_1_297' title='bbox 391 2570 408 2589; x_wconf 82' lang='lat' dir='ltr'>a</span> <span class='ocrx_word' id='word_1_298' title='bbox 425 2557 625 2588; x_wconf 83' lang='lat' dir='ltr'>monasterio</span> <span class='ocrx_word' id='word_1_299' title='bbox 643 2556 825 2591; x_wconf 83' lang='lat' dir='ltr'>Gorziensi,</span> <span class='ocrx_word' id='word_1_300' title='bbox 846 2557 973 2593; x_wconf 76' lang='lat' dir='ltr'>integre</span> <span class='ocrx_word' id='word_1_301' title='bbox 993 2555 1150 2593; x_wconf 75' lang='lat' dir='ltr'>colligen-</span> 
     </span>
     <span class='ocr_line' id='line_1_44' title="bbox 149 2609 1150 2650; baseline -0.008 -5"><span class='ocrx_word' id='word_1_302' title='bbox 149 2620 210 2650; x_wconf 88' lang='lat' dir='ltr'>tes,</span> <span class='ocrx_word' id='word_1_303' title='bbox 235 2613 383 2643; x_wconf 84' lang='lat' dir='ltr'>deductis</span> <span class='ocrx_word' id='word_1_304' title='bbox 402 2610 594 2650; x_wconf 62' lang='lat' dir='ltr'>quingentis</span> <span class='ocrx_word' id='word_1_305' title='bbox 615 2610 736 2639; x_wconf 74' lang='lat' dir='ltr'>marcis</span> <span class='ocrx_word' id='word_1_306' title='bbox 757 2609 886 2647; x_wconf 72' lang='lat' dir='ltr'>argenti</span> <span class='ocrx_word' id='word_1_307' title='bbox 906 2618 963 2647; x_wconf 90' lang='lat' dir='ltr'>pro</span> <span class='ocrx_word' id='word_1_308' title='bbox 984 2613 1150 2638; x_wconf 80' lang='lat' dir='ltr'>sustenta-</span> 
     </span>
     <span class='ocr_line' id='line_1_45' title="bbox 147 2660 1148 2703; baseline -0.008 -7"><span class='ocrx_word' id='word_1_309' title='bbox 147 2666 236 2696; x_wconf 89' lang='lat' dir='ltr'>tione</span> <span class='ocrx_word' id='word_1_310' title='bbox 250 2664 394 2703; x_wconf 81' lang='lat' dir='ltr'>episcopi</span> <span class='ocrx_word' id='word_1_311' title='bbox 407 2662 590 2696; x_wconf 72' lang='lat' dir='ltr'>memorati,</span> <span class='ocrx_word' id='word_1_312' title='bbox 605 2661 772 2691; x_wconf 83' lang='lat' dir='ltr'>solvendis</span> <span class='ocrx_word' id='word_1_313' title='bbox 787 2660 904 2695; x_wconf 89' lang='lat' dir='ltr'>eidem,</span> <span class='ocrx_word' id='word_1_314' title='bbox 919 2660 953 2688; x_wconf 93' lang='lat' dir='ltr'>in</span> <span class='ocrx_word' id='word_1_315' title='bbox 965 2660 1148 2689; x_wconf 75' lang='lat' dir='ltr'>debitorum</span> 
     </span>
     <span class='ocr_line' id='line_1_46' title="bbox 147 2714 1149 2750; baseline -0.006 -2"><span class='ocrx_word' id='word_1_316' title='bbox 147 2718 357 2750; x_wconf 80' lang='lat' dir='ltr'>solutionem,</span> <span class='ocrx_word' id='word_1_317' title='bbox 375 2717 461 2746; x_wconf 85' lang='lat' dir='ltr'>sicut</span> <span class='ocrx_word' id='word_1_318' title='bbox 477 2716 599 2745; x_wconf 91' lang='lat' dir='ltr'>dictum</span> <span class='ocrx_word' id='word_1_319' title='bbox 617 2719 676 2745; x_wconf 79' lang='lat' dir='ltr'>est.</span> <span class='ocrx_word' id='word_1_320' title='bbox 691 2714 861 2743; x_wconf 86' lang='lat' dir='ltr'>residuum</span> <span class='ocrx_word' id='word_1_321' title='bbox 878 2717 1067 2742; x_wconf 84' lang='lat' dir='ltr'>convertere</span> <span class='ocrx_word' id='word_1_322' title='bbox 1085 2722 1149 2742; x_wconf 81' lang='lat' dir='ltr'>non</span> 
     </span>
     <span class='ocr_line' id='line_1_47' title="bbox 146 2765 1150 2805; baseline -0.006 -4"><span class='ocrx_word' id='word_1_323' title='bbox 146 2772 310 2805; x_wconf 85' lang='lat' dir='ltr'>omittant,</span> <span class='ocrx_word' id='word_1_324' title='bbox 338 2769 501 2799; x_wconf 85' lang='lat' dir='ltr'>solutione</span> <span class='ocrx_word' id='word_1_325' title='bbox 524 2768 620 2797; x_wconf 87' lang='lat' dir='ltr'>annis</span> <span class='ocrx_word' id='word_1_326' title='bbox 642 2766 784 2804; x_wconf 74' lang='lat' dir='ltr'>singulis</span> <span class='ocrx_word' id='word_1_327' title='bbox 803 2765 971 2805; x_wconf 85' lang='lat' dir='ltr'>jamdictis</span> <span class='ocrx_word' id='word_1_328' title='bbox 990 2771 1150 2795; x_wconf 64' lang='lat' dir='ltr'>nun-cato-</span> 
     </span>
     <span class='ocr_line' id='line_1_48' title="bbox 145 2818 1150 2862; baseline -0.008 -8"><span class='ocrx_word' id='word_1_329' title='bbox 145 2825 238 2854; x_wconf 86' lang='lat' dir='ltr'>ribus</span> <span class='ocrx_word' id='word_1_330' title='bbox 269 2822 560 2862; x_wconf 87' lang='lat' dir='ltr'>proportionaliter</span> <span class='ocrx_word' id='word_1_331' title='bbox 587 2820 750 2850; x_wconf 86' lang='lat' dir='ltr'>sacienda.</span> <span class='ocrx_word' id='word_1_332' title='bbox 783 2819 924 2857; x_wconf 86' lang='lat' dir='ltr'>Ideoque</span> <span class='ocrx_word' id='word_1_333' title='bbox 955 2818 1150 2847; x_wconf 76' lang='lat' dir='ltr'>mandamus</span> 
     </span>
     <span class='ocr_line' id='line_1_49' title="bbox 146 2871 1149 2916; baseline -0.005 -10"><span class='ocrx_word' id='word_1_334' title='bbox 146 2881 321 2916; x_wconf 84' lang='lat' dir='ltr'>quatenus,</span> <span class='ocrx_word' id='word_1_335' title='bbox 340 2874 610 2913; x_wconf 87' lang='lat' dir='ltr'>compositionem</span> <span class='ocrx_word' id='word_1_336' title='bbox 631 2873 767 2903; x_wconf 86' lang='lat' dir='ltr'>eandem</span> <span class='ocrx_word' id='word_1_337' title='bbox 780 2872 941 2901; x_wconf 81' lang='lat' dir='ltr'>facientes</span> <span class='ocrx_word' id='word_1_338' title='bbox 954 2871 993 2900; x_wconf 86' lang='lat' dir='ltr'>ab</span> <span class='ocrx_word' id='word_1_339' title='bbox 1011 2875 1149 2909; x_wconf 77' lang='lat' dir='ltr'>utraque</span> 
     </span>
     <span class='ocr_line' id='line_1_50' title="bbox 146 2924 1149 2968; baseline -0.006 -9"><span class='ocrx_word' id='word_1_340' title='bbox 146 2934 237 2968; x_wconf 89' lang='lat' dir='ltr'>parte</span> <span class='ocrx_word' id='word_1_341' title='bbox 253 2928 493 2958; x_wconf 85' lang='lat' dir='ltr'>inviolabiliter</span> <span class='ocrx_word' id='word_1_342' title='bbox 511 2926 691 2961; x_wconf 83' lang='lat' dir='ltr'>observari,</span> <span class='ocrx_word' id='word_1_343' title='bbox 713 2925 741 2955; x_wconf 89' lang='lat' dir='ltr'>si</span> <span class='ocrx_word' id='word_1_344' title='bbox 753 2925 901 2963; x_wconf 79' lang='lat' dir='ltr'>prefatus</span> <span class='ocrx_word' id='word_1_345' title='bbox 914 2924 1086 2962; x_wconf 85' lang='lat' dir='ltr'>episcopus</span> <span class='ocrx_word' id='word_1_346' title='bbox 1099 2924 1149 2953; x_wconf 77' lang='lat' dir='ltr'>vel</span> 
     </span>
     <span class='ocr_line' id='line_1_51' title="bbox 146 2978 1147 3022; baseline -0.007 -9"><span class='ocrx_word' id='word_1_347' title='bbox 146 2983 286 3022; x_wconf 83' lang='lat' dir='ltr'>quilibet</span> <span class='ocrx_word' id='word_1_348' title='bbox 298 2982 383 3011; x_wconf 89' lang='lat' dir='ltr'>alius</span> <span class='ocrx_word' id='word_1_349' title='bbox 396 2981 499 3011; x_wconf 88' lang='lat' dir='ltr'>dictos</span> <span class='ocrx_word' id='word_1_350' title='bbox 514 2980 704 3010; x_wconf 87' lang='lat' dir='ltr'>collectores</span> <span class='ocrx_word' id='word_1_351' title='bbox 721 2978 881 3017; x_wconf 90' lang='lat' dir='ltr'>impedire</span> <span class='ocrx_word' id='word_1_352' title='bbox 898 2978 1147 3016; x_wconf 78' lang='lat' dir='ltr'>presumpserit,</span> 
     </span>
    </p>
   </div>
   <div class='ocr_carea' id='block_1_3' title="bbox 1230 383 2236 951">
    <p class='ocr_par' dir='ltr' id='par_1_3' title="bbox 1230 383 2236 951">
     <span class='ocr_line' id='line_1_52' title="bbox 1231 383 2236 422; baseline 0 -10"><span class='ocrx_word' id='word_1_353' title='bbox 1231 384 1409 422; x_wconf 77' lang='lat' dir='ltr'>quominus</span> <span class='ocrx_word' id='word_1_354' title='bbox 1425 384 1616 414; x_wconf 86' lang='lat' dir='ltr'>mandatum</span> <span class='ocrx_word' id='word_1_355' title='bbox 1636 383 1853 422; x_wconf 86' lang='lat' dir='ltr'>apostolicum</span> <span class='ocrx_word' id='word_1_356' title='bbox 1870 386 2086 421; x_wconf 80' lang='lat' dir='ltr'>exequantur,</span> <span class='ocrx_word' id='word_1_357' title='bbox 2105 391 2161 412; x_wconf 86' lang='lat' dir='ltr'>vos</span> <span class='ocrx_word' id='word_1_358' title='bbox 2180 391 2236 412; x_wconf 83' lang='lat' dir='ltr'>eos</span> 
     </span>
     <span class='ocr_line' id='line_1_53' title="bbox 1231 436 2236 475; baseline -0.002 -9"><span class='ocrx_word' id='word_1_359' title='bbox 1231 446 1247 466; x_wconf 81' lang='lat' dir='ltr'>a</span> <span class='ocrx_word' id='word_1_360' title='bbox 1260 437 1315 466; x_wconf 90' lang='lat' dir='ltr'>tali</span> <span class='ocrx_word' id='word_1_361' title='bbox 1327 437 1585 475; x_wconf 85' lang='lat' dir='ltr'>presumptione.</span> <span class='ocrx_word' id='word_1_362' title='bbox 1602 436 1822 475; x_wconf 87' lang='lat' dir='ltr'>appellatione</span> <span class='ocrx_word' id='word_1_363' title='bbox 1837 440 1972 470; x_wconf 87' lang='lat' dir='ltr'>remota,</span> <span class='ocrx_word' id='word_1_364' title='bbox 1988 444 2045 474; x_wconf 86' lang='lat' dir='ltr'>per</span> <span class='ocrx_word' id='word_1_365' title='bbox 2061 443 2236 465; x_wconf 86' lang='lat' dir='ltr'>censuram</span> 
     </span>
     <span class='ocr_line' id='line_1_54' title="bbox 1231 487 2236 527; baseline -0.003 -8"><span class='ocrx_word' id='word_1_366' title='bbox 1231 489 1490 519; x_wconf 79' lang='lat' dir='ltr'>ecclesiasticam</span> <span class='ocrx_word' id='word_1_367' title='bbox 1511 489 1743 527; x_wconf 72' lang='lat' dir='ltr'>compescatis,</span> <span class='ocrx_word' id='word_1_368' title='bbox 1766 488 1890 518; x_wconf 80' lang='lat' dir='ltr'>auxilio</span> <span class='ocrx_word' id='word_1_369' title='bbox 1915 487 2154 518; x_wconf 87' lang='lat' dir='ltr'>nichilominus</span> <span class='ocrx_word' id='word_1_370' title='bbox 2176 496 2236 517; x_wconf 92' lang='lat' dir='ltr'>no-</span> 
     </span>
     <span class='ocr_line' id='line_1_55' title="bbox 1423 539 2234 580; baseline -0.004 -9"><span class='ocrx_word' id='word_1_371' title='bbox 1423 565 1444 570; x_wconf 90' lang='lat'>..</span> <span class='ocrx_word' id='word_1_372' title='bbox 1472 542 1565 571; x_wconf 83' lang='lat' dir='ltr'>ducis</span> <span class='ocrx_word' id='word_1_373' title='bbox 1591 542 1816 579; x_wconf 75' lang='lat' dir='ltr'>Lothoringie,</span> <span class='ocrx_word' id='word_1_374' title='bbox 1845 564 1863 570; x_wconf 87' lang='lat'>..</span> <span class='ocrx_word' id='word_1_375' title='bbox 1886 540 2033 580; x_wconf 87' lang='lat' dir='ltr'>majoris,</span> <span class='ocrx_word' id='word_1_376' title='bbox 2053 563 2074 569; x_wconf 88' lang='lat'>..</span> <span class='ocrx_word' id='word_1_377' title='bbox 2094 539 2234 575; x_wconf 85' lang='lat' dir='ltr'>scabini,</span> 
     </span>
     <span class='ocr_line' id='line_1_56' title="bbox 1231 592 2236 634; baseline -0.002 -11"><span class='ocrx_word' id='word_1_378' title='bbox 1231 595 1387 625; x_wconf 87' lang='lat' dir='ltr'>tredecim</span> <span class='ocrx_word' id='word_1_379' title='bbox 1401 595 1587 634; x_wconf 85' lang='lat' dir='ltr'>juratorum</span> <span class='ocrx_word' id='word_1_380' title='bbox 1610 594 1840 624; x_wconf 84' lang='lat' dir='ltr'>universitatis</span> <span class='ocrx_word' id='word_1_381' title='bbox 1858 594 2029 628; x_wconf 86' lang='lat' dir='ltr'>Metensis,</span> <span class='ocrx_word' id='word_1_382' title='bbox 2048 597 2079 623; x_wconf 87' lang='lat' dir='ltr'>et</span> <span class='ocrx_word' id='word_1_383' title='bbox 2095 592 2236 622; x_wconf 85' lang='lat' dir='ltr'>aliorum</span> 
     </span>
     <span class='ocr_line' id='line_1_57' title="bbox 1230 645 2235 686; baseline -0.003 -9"><span class='ocrx_word' id='word_1_384' title='bbox 1230 657 1312 686; x_wconf 82' lang='lat' dir='ltr'>quos</span> <span class='ocrx_word' id='word_1_385' title='bbox 1335 648 1486 685; x_wconf 85' lang='lat' dir='ltr'>expedire</span> <span class='ocrx_word' id='word_1_386' title='bbox 1513 648 1682 683; x_wconf 87' lang='lat' dir='ltr'>videritis,</span> <span class='ocrx_word' id='word_1_387' title='bbox 1709 648 1737 676; x_wconf 85' lang='lat' dir='ltr'>si</span> <span class='ocrx_word' id='word_1_388' title='bbox 1761 655 1896 677; x_wconf 87' lang='lat' dir='ltr'>necesse</span> <span class='ocrx_word' id='word_1_389' title='bbox 1921 646 2040 677; x_wconf 82' lang='lat' dir='ltr'>fuerit..</span> <span class='ocrx_word' id='word_1_390' title='bbox 2068 645 2235 675; x_wconf 72' lang='lat' dir='ltr'>advocato,</span> 
     </span>
     <span class='ocr_line' id='line_1_58' title="bbox 1230 697 2236 739; baseline -0.003 -9"><span class='ocrx_word' id='word_1_391' title='bbox 1230 701 1303 730; x_wconf 90' lang='lat' dir='ltr'>Non</span> <span class='ocrx_word' id='word_1_392' title='bbox 1331 701 1540 730; x_wconf 83' lang='lat' dir='ltr'>obstantibus</span> <span class='ocrx_word' id='word_1_393' title='bbox 1565 700 1733 739; x_wconf 83' lang='lat' dir='ltr'>aliquibus</span> <span class='ocrx_word' id='word_1_394' title='bbox 1756 700 1878 729; x_wconf 89' lang='lat' dir='ltr'>litteris</span> <span class='ocrx_word' id='word_1_395' title='bbox 1903 708 1921 729; x_wconf 85' lang='lat' dir='ltr'>a</span> <span class='ocrx_word' id='word_1_396' title='bbox 1942 699 2025 729; x_wconf 81' lang='lat' dir='ltr'>Sede</span> <span class='ocrx_word' id='word_1_397' title='bbox 2048 697 2236 736; x_wconf 84' lang='lat' dir='ltr'>Apostolica</span> 
     </span>
     <span class='ocr_line' id='line_1_59' title="bbox 1230 751 2235 791; baseline -0.003 -9"><span class='ocrx_word' id='word_1_398' title='bbox 1230 753 1415 791; x_wconf 88' lang='lat' dir='ltr'>impetratis</span> <span class='ocrx_word' id='word_1_399' title='bbox 1432 753 1483 783; x_wconf 82' lang='lat' dir='ltr'>vel</span> <span class='ocrx_word' id='word_1_400' title='bbox 1500 753 1599 783; x_wconf 87' lang='lat' dir='ltr'>etiam</span> <span class='ocrx_word' id='word_1_401' title='bbox 1615 753 1849 791; x_wconf 85' lang='lat' dir='ltr'>impetrandis,</span> <span class='ocrx_word' id='word_1_402' title='bbox 1868 761 1931 790; x_wconf 84' lang='lat' dir='ltr'>que</span> <span class='ocrx_word' id='word_1_403' title='bbox 1947 752 2078 790; x_wconf 84' lang='lat' dir='ltr'>plenam</span> <span class='ocrx_word' id='word_1_404' title='bbox 2100 751 2139 781; x_wconf 91' lang='lat' dir='ltr'>de</span> <span class='ocrx_word' id='word_1_405' title='bbox 2161 759 2235 789; x_wconf 89' lang='lat' dir='ltr'>pre-</span> 
     </span>
     <span class='ocr_line' id='line_1_60' title="bbox 1231 803 2236 841; baseline -0.004 -5"><span class='ocrx_word' id='word_1_406' title='bbox 1231 807 1317 836; x_wconf 88' lang='lat' dir='ltr'>senti</span> <span class='ocrx_word' id='word_1_407' title='bbox 1343 816 1408 836; x_wconf 89' lang='lat' dir='ltr'>non</span> <span class='ocrx_word' id='word_1_408' title='bbox 1437 807 1577 836; x_wconf 85' lang='lat' dir='ltr'>fecerint</span> <span class='ocrx_word' id='word_1_409' title='bbox 1604 807 1822 841; x_wconf 83' lang='lat' dir='ltr'>mentionem,</span> <span class='ocrx_word' id='word_1_410' title='bbox 1854 815 1912 836; x_wconf 84' lang='lat' dir='ltr'>seu</span> <span class='ocrx_word' id='word_1_411' title='bbox 1935 805 2171 835; x_wconf 85' lang='lat' dir='ltr'>constitutione</span> <span class='ocrx_word' id='word_1_412' title='bbox 2196 803 2236 833; x_wconf 89' lang='lat' dir='ltr'>de</span> 
     </span>
     <span class='ocr_line' id='line_1_61' title="bbox 1231 856 2235 898; baseline -0.003 -10"><span class='ocrx_word' id='word_1_413' title='bbox 1231 859 1358 889; x_wconf 88' lang='lat' dir='ltr'>duabus</span> <span class='ocrx_word' id='word_1_414' title='bbox 1378 859 1476 889; x_wconf 84' lang='lat' dir='ltr'>dietis</span> <span class='ocrx_word' id='word_1_415' title='bbox 1498 859 1597 898; x_wconf 88' lang='lat' dir='ltr'>[etc.].</span> <span class='ocrx_word' id='word_1_416' title='bbox 1619 859 1712 896; x_wconf 84' lang='lat' dir='ltr'>Quod</span> <span class='ocrx_word' id='word_1_417' title='bbox 1737 859 1765 888; x_wconf 85' lang='lat' dir='ltr'>si</span> <span class='ocrx_word' id='word_1_418' title='bbox 1788 867 1852 888; x_wconf 92' lang='lat' dir='ltr'>non</span> <span class='ocrx_word' id='word_1_419' title='bbox 1873 858 1968 888; x_wconf 89' lang='lat' dir='ltr'>ambo</span> <span class='ocrx_word' id='word_1_420' title='bbox 1991 862 2052 887; x_wconf 86' lang='lat' dir='ltr'>etc.</span> <span class='ocrx_word' id='word_1_421' title='bbox 2079 858 2152 887; x_wconf 87' lang='lat' dir='ltr'>Dat.</span> <span class='ocrx_word' id='word_1_422' title='bbox 2175 856 2235 887; x_wconf 87' lang='lat' dir='ltr'>Vi-</span> 
     </span>
     <span class='ocr_line' id='line_1_62' title="bbox 1233 910 2041 951; baseline -0.004 -9"><span class='ocrx_word' id='word_1_423' title='bbox 1233 912 1340 948; x_wconf 86' lang='lat' dir='ltr'>terbii,</span> <span class='ocrx_word' id='word_1_424' title='bbox 1361 913 1409 942; x_wconf 89' lang='lat' dir='ltr'>III</span> <span class='ocrx_word' id='word_1_425' title='bbox 1429 912 1586 941; x_wconf 82' lang='lat' dir='ltr'>kalendas</span> <span class='ocrx_word' id='word_1_426' title='bbox 1600 912 1698 951; x_wconf 85' lang='lat' dir='ltr'>junii,</span> <span class='ocrx_word' id='word_1_427' title='bbox 1718 920 1803 941; x_wconf 89' lang='lat' dir='ltr'>anno</span> <span class='ocrx_word' id='word_1_428' title='bbox 1820 910 2007 940; x_wconf 87' lang='lat' dir='ltr'>undecimo.</span> <span class='ocrx_word' id='word_1_429' title='bbox 2029 922 2041 936; x_wconf 71' lang='lat' dir='ltr'>n</span> 
     </span>
    </p>
   </div>
   <div class='ocr_carea' id='block_1_4' title="bbox 1231 542 1397 571">
    <p class='ocr_par' dir='ltr' id='par_1_4' title="bbox 1231 542 1397 571">
     <span class='ocr_line' id='line_1_63' title="bbox 1231 542 1397 571; baseline 0.006 -1"><span class='ocrx_word' id='word_1_430' title='bbox 1231 542 1308 571; x_wconf 87' lang='lat' dir='ltr'>bilis</span> <span class='ocrx_word' id='word_1_431' title='bbox 1334 542 1397 571; x_wconf 83' lang='lat' dir='ltr'>viri</span> 
     </span>
    </p>
   </div>
   <div class='ocr_carea' id='block_1_5' title="bbox 1303 1085 1423 1112">
    <p class='ocr_par' dir='ltr' id='par_1_5' title="bbox 1303 1085 1423 1112">
     <span class='ocr_line' id='line_1_64' title="bbox 1303 1085 1423 1112; baseline 0 0"><span class='ocrx_word' id='word_1_432' title='bbox 1303 1085 1423 1112; x_wconf 55' lang='lat'>3215</span> 
     </span>
    </p>
   </div>
   <div class='ocr_carea' id='block_1_6' title="bbox 1232 1144 2238 1421">
    <p class='ocr_par' dir='ltr' id='par_1_6' title="bbox 1232 1144 2238 1421">
     <span class='ocr_line' id='line_1_65' title="bbox 1269 1144 2238 1174; baseline -0.004 0"><span class='ocrx_word' id='word_1_433' title='bbox 1269 1147 1371 1174; x_wconf 76' lang='lat' dir='ltr'>Sancti</span> <span class='ocrx_word' id='word_1_434' title='bbox 1390 1147 1469 1174; x_wconf 88' lang='lat' dir='ltr'>Petri</span> <span class='ocrx_word' id='word_1_435' title='bbox 1485 1146 1644 1173; x_wconf 65' lang='lat' dir='ltr'>Dervensis</span> <span class='ocrx_word' id='word_1_436' title='bbox 1661 1150 1687 1172; x_wconf 71' lang='lat' dir='ltr'>et</span> <span class='ocrx_word' id='word_1_437' title='bbox 1706 1145 1809 1172; x_wconf 73' lang='lat' dir='ltr'>Sancti</span> <span class='ocrx_word' id='word_1_438' title='bbox 1825 1145 1979 1172; x_wconf 75' lang='lat' dir='ltr'>Vincentii</span> <span class='ocrx_word' id='word_1_439' title='bbox 1994 1144 2138 1171; x_wconf 82' lang='lat' dir='ltr'>Metensis</span> <span class='ocrx_word' id='word_1_440' title='bbox 2151 1144 2238 1171; x_wconf 84' lang='lat' dir='ltr'>abba-</span> 
     </span>
     <span class='ocr_line' id='line_1_66' title="bbox 1232 1194 2237 1228; baseline -0.003 -6"><span class='ocrx_word' id='word_1_441' title='bbox 1232 1196 1321 1225; x_wconf 78' lang='lat' dir='ltr'>tibus,</span> <span class='ocrx_word' id='word_1_442' title='bbox 1339 1197 1373 1222; x_wconf 84' lang='lat' dir='ltr'>de</span> <span class='ocrx_word' id='word_1_443' title='bbox 1389 1196 1490 1222; x_wconf 86' lang='lat' dir='ltr'>eadem</span> <span class='ocrx_word' id='word_1_444' title='bbox 1508 1204 1537 1221; x_wconf 78' lang='lat' dir='ltr'>re</span> <span class='ocrx_word' id='word_1_445' title='bbox 1553 1195 1701 1227; x_wconf 74' lang='lat' dir='ltr'>scribens,</span> <span class='ocrx_word' id='word_1_446' title='bbox 1720 1194 1841 1221; x_wconf 88' lang='lat' dir='ltr'>mandat</span> <span class='ocrx_word' id='word_1_447' title='bbox 1861 1197 2020 1228; x_wconf 76' lang='lat' dir='ltr'>quatenus,</span> <span class='ocrx_word' id='word_1_448' title='bbox 2036 1196 2194 1227; x_wconf 80' lang='lat' dir='ltr'>proventus</span> <span class='ocrx_word' id='word_1_449' title='bbox 2210 1195 2237 1219; x_wconf 88' lang='lat' dir='ltr'>et</span> 
     </span>
     <span class='ocr_line' id='line_1_67' title="bbox 1232 1241 2238 1278; baseline -0.004 -7"><span class='ocrx_word' id='word_1_450' title='bbox 1232 1245 1364 1271; x_wconf 85' lang='lat' dir='ltr'>redditus</span> <span class='ocrx_word' id='word_1_451' title='bbox 1376 1244 1520 1271; x_wconf 79' lang='lat' dir='ltr'>Metensis</span> <span class='ocrx_word' id='word_1_452' title='bbox 1533 1244 1718 1278; x_wconf 77' lang='lat' dir='ltr'>episcopatus</span> <span class='ocrx_word' id='word_1_453' title='bbox 1728 1243 1911 1276; x_wconf 72' lang='lat' dir='ltr'>colligentes,</span> <span class='ocrx_word' id='word_1_454' title='bbox 1922 1242 2056 1269; x_wconf 85' lang='lat' dir='ltr'>deductis</span> <span class='ocrx_word' id='word_1_455' title='bbox 2068 1241 2238 1275; x_wconf 79' lang='lat' dir='ltr'>quingentis</span> 
     </span>
     <span class='ocr_line' id='line_1_68' title="bbox 1233 1290 2238 1326; baseline -0.004 -6"><span class='ocrx_word' id='word_1_456' title='bbox 1233 1294 1339 1320; x_wconf 79' lang='lat' dir='ltr'>marcis</span> <span class='ocrx_word' id='word_1_457' title='bbox 1358 1293 1471 1324; x_wconf 54' lang='lat' dir='ltr'>argenti</span> <span class='ocrx_word' id='word_1_458' title='bbox 1494 1301 1543 1326; x_wconf 83' lang='lat' dir='ltr'>pro</span> <span class='ocrx_word' id='word_1_459' title='bbox 1560 1292 1774 1319; x_wconf 74' lang='lat' dir='ltr'>sustentatione</span> <span class='ocrx_word' id='word_1_460' title='bbox 1790 1291 1934 1318; x_wconf 81' lang='lat' dir='ltr'>Metensis</span> <span class='ocrx_word' id='word_1_461' title='bbox 1953 1290 2092 1325; x_wconf 80' lang='lat' dir='ltr'>episcopi.</span> <span class='ocrx_word' id='word_1_462' title='bbox 2112 1290 2142 1316; x_wconf 90' lang='lat' dir='ltr'>in</span> <span class='ocrx_word' id='word_1_463' title='bbox 2159 1291 2238 1316; x_wconf 89' lang='lat' dir='ltr'>solu-</span> 
     </span>
     <span class='ocr_line' id='line_1_69' title="bbox 1232 1339 2237 1369; baseline -0.006 0"><span class='ocrx_word' id='word_1_464' title='bbox 1232 1342 1341 1369; x_wconf 87' lang='lat' dir='ltr'>tionem</span> <span class='ocrx_word' id='word_1_465' title='bbox 1363 1342 1528 1369; x_wconf 85' lang='lat' dir='ltr'>debitorum</span> <span class='ocrx_word' id='word_1_466' title='bbox 1552 1341 1696 1368; x_wconf 85' lang='lat' dir='ltr'>Metcnsis</span> <span class='ocrx_word' id='word_1_467' title='bbox 1719 1340 1859 1367; x_wconf 83' lang='lat' dir='ltr'>ecclesiae</span> <span class='ocrx_word' id='word_1_468' title='bbox 1880 1339 2030 1366; x_wconf 84' lang='lat' dir='ltr'>residuum</span> <span class='ocrx_word' id='word_1_469' title='bbox 2053 1341 2237 1365; x_wconf 70' lang='lat' dir='ltr'>convertant.</span> 
     </span>
     <span class='ocr_line' id='line_1_70' title="bbox 1232 1388 1885 1421; baseline -0.005 -4"><span class='ocrx_word' id='word_1_470' title='bbox 1232 1391 1366 1421; x_wconf 62' lang='lat' dir='ltr'>——(R1-:c..</span> <span class='ocrx_word' id='word_1_471' title='bbox 1385 1390 1428 1419; x_wconf 82' lang='lat'>18.</span> <span class='ocrx_word' id='word_1_472' title='bbox 1446 1392 1465 1416; x_wconf 79' lang='lat' dir='ltr'>t&#39;.</span> <span class='ocrx_word' id='word_1_473' title='bbox 1483 1390 1533 1416; x_wconf 68' lang='lat'>294</span> <span class='ocrx_word' id='word_1_474' title='bbox 1550 1394 1595 1421; x_wconf 74' lang='lat' dir='ltr'>v&#39;&#39;;</span> <span class='ocrx_word' id='word_1_475' title='bbox 1614 1398 1682 1416; x_wconf 89' lang='lat' dir='ltr'>ann.</span> <span class='ocrx_word' id='word_1_476' title='bbox 1701 1390 1754 1419; x_wconf 78' lang='lat' dir='ltr'>XI,</span> <span class='ocrx_word' id='word_1_477' title='bbox 1771 1388 1885 1419; x_wconf 52' lang='lat'>(2109.)</span> 
     </span>
    </p>
   </div>
   <div class='ocr_carea' id='block_1_7' title="bbox 1813 1082 2165 1115">
    <p class='ocr_par' dir='ltr' id='par_1_7' title="bbox 1813 1082 2165 1115">
     <span class='ocr_line' id='line_1_71' title="bbox 1813 1082 2165 1115; baseline -0.006 -5"><span class='ocrx_word' id='word_1_478' title='bbox 1813 1083 1947 1115; x_wconf 77' lang='lat' dir='ltr'>Viterbe,</span> <span class='ocrx_word' id='word_1_479' title='bbox 1963 1083 1997 1109; x_wconf 88' lang='lat'>30</span> <span class='ocrx_word' id='word_1_480' title='bbox 2014 1083 2072 1109; x_wconf 84' lang='lat' dir='ltr'>mai</span> <span class='ocrx_word' id='word_1_481' title='bbox 2086 1082 2165 1109; x_wconf 71' lang='lat'>1237.</span> 
     </span>
    </p>
   </div>
   <div class='ocr_carea' id='block_1_8' title="bbox 1232 1490 2238 1634">
    <p class='ocr_par' dir='ltr' id='par_1_8' title="bbox 1232 1490 2238 1634">
     <span class='ocr_line' id='line_1_72' title="bbox 1274 1490 2236 1525; baseline -0.001 -7"><span class='ocrx_word' id='word_1_482' title='bbox 1274 1504 1285 1518; x_wconf 84' lang='lat'>«</span> <span class='ocrx_word' id='word_1_483' title='bbox 1307 1515 1326 1520; x_wconf 94' lang='lat'>..</span> <span class='ocrx_word' id='word_1_484' title='bbox 1344 1492 1450 1521; x_wconf 80' lang='lat' dir='ltr'>Sancti</span> <span class='ocrx_word' id='word_1_485' title='bbox 1467 1492 1546 1520; x_wconf 75' lang='lat' dir='ltr'>Petri</span> <span class='ocrx_word' id='word_1_486' title='bbox 1566 1492 1734 1525; x_wconf 62' lang='lat' dir='ltr'>Der-vensis,</span> <span class='ocrx_word' id='word_1_487' title='bbox 1754 1490 2008 1519; x_wconf 75' lang='lat' dir='ltr'>Callmlawzensis</span> <span class='ocrx_word' id='word_1_488' title='bbox 2024 1490 2158 1523; x_wconf 76' lang='lat' dir='ltr'>diocesis,</span> <span class='ocrx_word' id='word_1_489' title='bbox 2176 1494 2201 1518; x_wconf 79' lang='lat' dir='ltr'>el</span> <span class='ocrx_word' id='word_1_490' title='bbox 2218 1511 2236 1517; x_wconf 87' lang='lat'>..</span> 
     </span>
     <span class='ocr_line' id='line_1_73' title="bbox 1232 1541 2238 1580; baseline -0.003 -7"><span class='ocrx_word' id='word_1_491' title='bbox 1232 1545 1337 1573; x_wconf 75' lang='lat' dir='ltr'>Sancti</span> <span class='ocrx_word' id='word_1_492' title='bbox 1350 1545 1497 1573; x_wconf 69' lang='lat' dir='ltr'>Vim-eutii</span> <span class='ocrx_word' id='word_1_493' title='bbox 1511 1544 1649 1572; x_wconf 73' lang='lat' dir='ltr'>Metensis</span> <span class='ocrx_word' id='word_1_494' title='bbox 1660 1544 1822 1572; x_wconf 75' lang='lat' dir='ltr'>abbatibus.</span> <span class='ocrx_word' id='word_1_495' title='bbox 1837 1542 1919 1573; x_wconf 91' lang='lat' dir='ltr'>Cum</span> <span class='ocrx_word' id='word_1_496' title='bbox 1932 1541 2238 1580; x_wconf 84' lang='lat' dir='ltr'>superquibusdam</span> 
     </span>
     <span class='ocr_line' id='line_1_74' title="bbox 1233 1597 1585 1634; baseline -0.009 -8"><span class='ocrx_word' id='word_1_497' title='bbox 1233 1614 1281 1625; x_wconf 87' lang='lat'>—.</span> <span class='ocrx_word' id='word_1_498' title='bbox 1299 1597 1371 1626; x_wconf 88' lang='lat' dir='ltr'>Dat.</span> <span class='ocrx_word' id='word_1_499' title='bbox 1392 1601 1426 1626; x_wconf 91' lang='lat' dir='ltr'>ut</span> <span class='ocrx_word' id='word_1_500' title='bbox 1445 1605 1555 1634; x_wconf 89' lang='lat' dir='ltr'>supra.</span> <span class='ocrx_word' id='word_1_501' title='bbox 1574 1608 1585 1622; x_wconf 74' lang='lat' dir='ltr'>n</span> 
     </span>
    </p>
   </div>
   <div class='ocr_carea' id='block_1_9' title="bbox 1817 1761 2166 1789">
    <p class='ocr_par' dir='ltr' id='par_1_9' title="bbox 1817 1761 2166 1789">
     <span class='ocr_line' id='line_1_75' title="bbox 1817 1761 2166 1789; baseline 0.003 -3"><span class='ocrx_word' id='word_1_502' title='bbox 1817 1761 1949 1789; x_wconf 65' lang='lat' dir='ltr'>Viterbe.</span> <span class='ocrx_word' id='word_1_503' title='bbox 1965 1761 1995 1787; x_wconf 87' lang='lat'>31</span> <span class='ocrx_word' id='word_1_504' title='bbox 2015 1761 2074 1787; x_wconf 87' lang='lat' dir='ltr'>mai</span> <span class='ocrx_word' id='word_1_505' title='bbox 2087 1761 2166 1787; x_wconf 71' lang='lat'>1237.</span> 
     </span>
    </p>
   </div>
   <div class='ocr_carea' id='block_1_10' title="bbox 1303 1762 1420 1790">
    <p class='ocr_par' dir='ltr' id='par_1_10' title="bbox 1303 1762 1420 1790">
     <span class='ocr_line' id='line_1_76' title="bbox 1303 1762 1420 1790; baseline 0 0"><span class='ocrx_word' id='word_1_506' title='bbox 1303 1762 1420 1790; x_wconf 55' lang='lat' dir='ltr'>321ss</span> 
     </span>
    </p>
   </div>
   <div class='ocr_carea' id='block_1_11' title="bbox 1231 1823 2240 2195">
    <p class='ocr_par' dir='ltr' id='par_1_11' title="bbox 1231 1823 2240 2195">
     <span class='ocr_line' id='line_1_77' title="bbox 1269 1823 2239 1858; baseline -0.003 -6"><span class='ocrx_word' id='word_1_507' title='bbox 1269 1827 1377 1858; x_wconf 73' lang='lat' dir='ltr'>Regem</span> <span class='ocrx_word' id='word_1_508' title='bbox 1400 1824 1570 1857; x_wconf 64' lang='lat' dir='ltr'>Hungariae</span> <span class='ocrx_word' id='word_1_509' title='bbox 1594 1828 1672 1856; x_wconf 61' lang='lat' dir='ltr'>rogat</span> <span class='ocrx_word' id='word_1_510' title='bbox 1697 1827 1727 1850; x_wconf 83' lang='lat' dir='ltr'>ut</span> <span class='ocrx_word' id='word_1_511' title='bbox 1751 1824 1912 1850; x_wconf 77' lang='lat' dir='ltr'>Romaniae</span> <span class='ocrx_word' id='word_1_512' title='bbox 1933 1824 2067 1858; x_wconf 84' lang='lat' dir='ltr'>imperio,</span> <span class='ocrx_word' id='word_1_513' title='bbox 2090 1823 2239 1850; x_wconf 85' lang='lat' dir='ltr'>continuis</span> 
     </span>
     <span class='ocr_line' id='line_1_78' title="bbox 1231 1873 2240 1907; baseline -0.001 -7"><span class='ocrx_word' id='word_1_514' title='bbox 1231 1874 1376 1907; x_wconf 68' lang='lat' dir='ltr'>angustiis</span> <span class='ocrx_word' id='word_1_515' title='bbox 1400 1873 1532 1907; x_wconf 74' lang='lat' dir='ltr'>fatigato,</span> <span class='ocrx_word' id='word_1_516' title='bbox 1553 1873 1725 1905; x_wconf 69' lang='lat' dir='ltr'>subveniat,</span> <span class='ocrx_word' id='word_1_517' title='bbox 1747 1877 1773 1899; x_wconf 77' lang='lat' dir='ltr'>et</span> <span class='ocrx_word' id='word_1_518' title='bbox 1796 1873 1911 1899; x_wconf 83' lang='lat' dir='ltr'>studeat</span> <span class='ocrx_word' id='word_1_519' title='bbox 1935 1873 2010 1906; x_wconf 80' lang='lat' dir='ltr'>quod</span> <span class='ocrx_word' id='word_1_520' title='bbox 2032 1873 2185 1906; x_wconf 66' lang='lat' dir='ltr'>proveniat</span> <span class='ocrx_word' id='word_1_521' title='bbox 2208 1876 2240 1899; x_wconf 84' lang='lat' dir='ltr'>ut</span> 
     </span>
     <span class='ocr_line' id='line_1_79' title="bbox 1232 1921 2239 1954; baseline -0.001 -6"><span class='ocrx_word' id='word_1_522' title='bbox 1232 1924 1363 1949; x_wconf 80' lang='lat' dir='ltr'>Assanus</span> <span class='ocrx_word' id='word_1_523' title='bbox 1375 1922 1524 1948; x_wconf 82' lang='lat' dir='ltr'>Ecclesiae</span> <span class='ocrx_word' id='word_1_524' title='bbox 1540 1921 1695 1948; x_wconf 74' lang='lat' dir='ltr'>devotione</span> <span class='ocrx_word' id='word_1_525' title='bbox 1708 1921 1846 1948; x_wconf 81' lang='lat' dir='ltr'>continua</span> <span class='ocrx_word' id='word_1_526' title='bbox 1860 1922 2041 1954; x_wconf 81' lang='lat' dir='ltr'>complaceat</span> <span class='ocrx_word' id='word_1_527' title='bbox 2055 1924 2083 1947; x_wconf 88' lang='lat' dir='ltr'>et</span> <span class='ocrx_word' id='word_1_528' title='bbox 2096 1921 2239 1947; x_wconf 70' lang='lat' dir='ltr'>Vatacius</span> 
     </span>
     <span class='ocr_line' id='line_1_80' title="bbox 1232 1969 2238 2005; baseline -0.002 -8"><span class='ocrx_word' id='word_1_529' title='bbox 1232 1971 1268 1997; x_wconf 85' lang='lat' dir='ltr'>ad</span> <span class='ocrx_word' id='word_1_530' title='bbox 1296 1971 1389 2005; x_wconf 84' lang='lat' dir='ltr'>ipsius</span> <span class='ocrx_word' id='word_1_531' title='bbox 1411 1971 1555 2004; x_wconf 70' lang='lat' dir='ltr'>gremium</span> <span class='ocrx_word' id='word_1_532' title='bbox 1579 1973 1763 2001; x_wconf 80' lang='lat' dir='ltr'>revertatur;</span> <span class='ocrx_word' id='word_1_533' title='bbox 1790 1970 1816 1996; x_wconf 87' lang='lat' dir='ltr'>ei</span> <span class='ocrx_word' id='word_1_534' title='bbox 1839 1970 1986 2003; x_wconf 73' lang='lat' dir='ltr'>significat</span> <span class='ocrx_word' id='word_1_535' title='bbox 2010 1978 2038 1996; x_wconf 86' lang='lat' dir='ltr'>se</span> <span class='ocrx_word' id='word_1_536' title='bbox 2060 1969 2238 1996; x_wconf 86' lang='lat' dir='ltr'>Perusinum</span> 
     </span>
     <span class='ocr_line' id='line_1_81' title="bbox 1233 2018 2238 2054; baseline -0.003 -7"><span class='ocrx_word' id='word_1_537' title='bbox 1233 2021 1400 2054; x_wconf 82' lang='lat' dir='ltr'>episcopum</span> <span class='ocrx_word' id='word_1_538' title='bbox 1419 2023 1445 2046; x_wconf 83' lang='lat' dir='ltr'>et</span> <span class='ocrx_word' id='word_1_539' title='bbox 1466 2018 1670 2054; x_wconf 80' lang='lat' dir='ltr'>J[obaunem]‚</span> <span class='ocrx_word' id='word_1_540' title='bbox 1688 2019 1834 2053; x_wconf 80' lang='lat' dir='ltr'>quondam</span> <span class='ocrx_word' id='word_1_541' title='bbox 1854 2019 2033 2045; x_wconf 84' lang='lat' dir='ltr'>Bosnensem</span> <span class='ocrx_word' id='word_1_542' title='bbox 2058 2019 2238 2052; x_wconf 75' lang='lat' dir='ltr'>episcopum,</span> 
     </span>
     <span class='ocr_line' id='line_1_82' title="bbox 1233 2067 2238 2103; baseline -0.003 -7"><span class='ocrx_word' id='word_1_543' title='bbox 1233 2070 1268 2096; x_wconf 86' lang='lat' dir='ltr'>ad</span> <span class='ocrx_word' id='word_1_544' title='bbox 1279 2073 1374 2103; x_wconf 80' lang='lat' dir='ltr'>partes</span> <span class='ocrx_word' id='word_1_545' title='bbox 1386 2069 1548 2095; x_wconf 79' lang='lat' dir='ltr'>Romaniae</span> <span class='ocrx_word' id='word_1_546' title='bbox 1557 2068 1716 2099; x_wconf 82' lang='lat' dir='ltr'>destinare,</span> <span class='ocrx_word' id='word_1_547' title='bbox 1728 2077 1797 2102; x_wconf 79' lang='lat' dir='ltr'>quos</span> <span class='ocrx_word' id='word_1_548' title='bbox 1808 2068 1833 2094; x_wconf 87' lang='lat' dir='ltr'>ei</span> <span class='ocrx_word' id='word_1_549' title='bbox 1844 2068 2031 2094; x_wconf 85' lang='lat' dir='ltr'>commendat</span> <span class='ocrx_word' id='word_1_550' title='bbox 2041 2068 2185 2099; x_wconf 72' lang='lat' dir='ltr'>¹.—(R1-:c,.</span> <span class='ocrx_word' id='word_1_551' title='bbox 2194 2067 2238 2098; x_wconf 86' lang='lat'>18,</span> 
     </span>
     <span class='ocr_line' id='line_1_83' title="bbox 1235 2115 2239 2149; baseline -0.003 -5"><span class='ocrx_word' id='word_1_552' title='bbox 1235 2120 1253 2144; x_wconf 88' lang='lat' dir='ltr'>t&#39;.</span> <span class='ocrx_word' id='word_1_553' title='bbox 1269 2118 1319 2144; x_wconf 73' lang='lat'>294</span> <span class='ocrx_word' id='word_1_554' title='bbox 1337 2122 1380 2149; x_wconf 70' lang='lat' dir='ltr'>x·⁴&#39;;</span> <span class='ocrx_word' id='word_1_555' title='bbox 1398 2126 1466 2144; x_wconf 86' lang='lat' dir='ltr'>ann.</span> <span class='ocrx_word' id='word_1_556' title='bbox 1484 2118 1536 2148; x_wconf 76' lang='lat' dir='ltr'>xl,</span> <span class='ocrx_word' id='word_1_557' title='bbox 1552 2125 1576 2143; x_wconf 89' lang='lat' dir='ltr'>c.</span> <span class='ocrx_word' id='word_1_558' title='bbox 1593 2116 1659 2148; x_wconf 84' lang='lat'>110;</span> <span class='ocrx_word' id='word_1_559' title='bbox 1676 2132 1707 2134; x_wconf 97' lang='lat'><strong>—</strong></span> <span class='ocrx_word' id='word_1_560' title='bbox 1722 2116 1855 2143; x_wconf 70' lang='lat' dir='ltr'>MOREAU</span> <span class='ocrx_word' id='word_1_561' title='bbox 1870 2116 1948 2147; x_wconf 81' lang='lat'>1191,</span> <span class='ocrx_word' id='word_1_562' title='bbox 1967 2117 1986 2142; x_wconf 81' lang='lat' dir='ltr'>t.</span> <span class='ocrx_word' id='word_1_563' title='bbox 2004 2115 2065 2147; x_wconf 67' lang='lat'>284,</span> <span class='ocrx_word' id='word_1_564' title='bbox 2082 2116 2187 2147; x_wconf 74' lang='lat' dir='ltr'>partim</span> <span class='ocrx_word' id='word_1_565' title='bbox 2204 2123 2239 2141; x_wconf 78' lang='lat' dir='ltr'>ex</span> 
     </span>
     <span class='ocr_line' id='line_1_84' title="bbox 1236 2165 1763 2195; baseline -0.004 -2"><span class='ocrx_word' id='word_1_566' title='bbox 1236 2168 1416 2195; x_wconf 65' lang='lat' dir='ltr'>HAYNALno:</span> <span class='ocrx_word' id='word_1_567' title='bbox 1432 2181 1462 2184; x_wconf 88' lang='lat'>—</span> <span class='ocrx_word' id='word_1_568' title='bbox 1480 2166 1637 2192; x_wconf 60' lang='lat' dir='ltr'>Pommsw</span> <span class='ocrx_word' id='word_1_569' title='bbox 1653 2165 1763 2195; x_wconf 80' lang='lat'>10385.)</span> 
     </span>
    </p>
   </div>
   <div class='ocr_carea' id='block_1_12' title="bbox 1232 2264 2240 2358">
    <p class='ocr_par' dir='ltr' id='par_1_12' title="bbox 1232 2264 2240 2358">
     <span class='ocr_line' id='line_1_85' title="bbox 1275 2264 2240 2305; baseline -0.001 -11"><span class='ocrx_word' id='word_1_570' title='bbox 1275 2280 1287 2294; x_wconf 80' lang='grc'>«</span> <span class='ocrx_word' id='word_1_571' title='bbox 1310 2290 1330 2296; x_wconf 77' lang='lat'>..</span> <span class='ocrx_word' id='word_1_572' title='bbox 1359 2268 1475 2296; x_wconf 72' lang='lat' dir='ltr'>illustri</span> <span class='ocrx_word' id='word_1_573' title='bbox 1500 2268 1564 2305; x_wconf 70' lang='lat' dir='ltr'>reyi</span> <span class='ocrx_word' id='word_1_574' title='bbox 1590 2267 1731 2304; x_wconf 60' lang='lat' dir='ltr'>L‘nqarie.</span> <span class='ocrx_word' id='word_1_575' title='bbox 1760 2266 1809 2295; x_wconf 88' lang='lat' dir='ltr'>Ad</span> <span class='ocrx_word' id='word_1_576' title='bbox 1830 2265 2066 2295; x_wconf 85' lang='lat' dir='ltr'>assumendum</span> <span class='ocrx_word' id='word_1_577' title='bbox 2087 2264 2240 2294; x_wconf 88' lang='lat' dir='ltr'>hilariter</span> 
     </span>
     <span class='ocr_line' id='line_1_86' title="bbox 1232 2318 2237 2358; baseline -0.003 -8"><span class='ocrx_word' id='word_1_578' title='bbox 1232 2338 1281 2349; x_wconf 88' lang='lat'>—-.</span> <span class='ocrx_word' id='word_1_579' title='bbox 1299 2321 1373 2350; x_wconf 89' lang='lat' dir='ltr'>Dat.</span> <span class='ocrx_word' id='word_1_580' title='bbox 1392 2320 1548 2354; x_wconf 72' lang='lat' dir='ltr'>Viterbii,</span> <span class='ocrx_word' id='word_1_581' title='bbox 1568 2321 1600 2350; x_wconf 93' lang='lat' dir='ltr'>II</span> <span class='ocrx_word' id='word_1_582' title='bbox 1616 2319 1774 2349; x_wconf 83' lang='lat' dir='ltr'>kalendas</span> <span class='ocrx_word' id='word_1_583' title='bbox 1790 2318 1890 2358; x_wconf 88' lang='lat' dir='ltr'>junii,</span> <span class='ocrx_word' id='word_1_584' title='bbox 1912 2327 1998 2348; x_wconf 88' lang='lat' dir='ltr'>anno</span> <span class='ocrx_word' id='word_1_585' title='bbox 2015 2318 2202 2348; x_wconf 88' lang='lat' dir='ltr'>undecimo.</span> <span class='ocrx_word' id='word_1_586' title='bbox 2224 2329 2237 2343; x_wconf 87' lang='lat'>»</span> 
     </span>
    </p>
   </div>
   <div class='ocr_carea' id='block_1_13' title="bbox 1303 2491 1421 2519">
    <p class='ocr_par' dir='ltr' id='par_1_13' title="bbox 1303 2491 1421 2519">
     <span class='ocr_line' id='line_1_87' title="bbox 1303 2491 1421 2519; baseline 0 -1"><span class='ocrx_word' id='word_1_587' title='bbox 1303 2491 1421 2519; x_wconf 52' lang='lat'>3212</span> 
     </span>
    </p>
   </div>
   <div class='ocr_carea' id='block_1_14' title="bbox 1232 2552 2239 2683">
    <p class='ocr_par' dir='ltr' id='par_1_14' title="bbox 1232 2552 2239 2683">
     <span class='ocr_line' id='line_1_88' title="bbox 1267 2552 2239 2587; baseline -0.001 -8"><span class='ocrx_word' id='word_1_588' title='bbox 1267 2553 1533 2587; x_wconf 78' lang='lat' dir='ltr'>Arclliepiseopum</span> <span class='ocrx_word' id='word_1_589' title='bbox 1552 2553 1740 2580; x_wconf 64' lang='lat' dir='ltr'>colocensem</span> <span class='ocrx_word' id='word_1_590' title='bbox 1762 2553 1882 2586; x_wconf 85' lang='lat' dir='ltr'>ejusque</span> <span class='ocrx_word' id='word_1_591' title='bbox 1898 2552 2094 2585; x_wconf 75' lang='lat' dir='ltr'>suffraganeos</span> <span class='ocrx_word' id='word_1_592' title='bbox 2114 2555 2195 2585; x_wconf 78' lang='lat' dir='ltr'>rogat</span> <span class='ocrx_word' id='word_1_593' title='bbox 2211 2554 2239 2578; x_wconf 75' lang='lat' dir='ltr'>et</span> 
     </span>
     <span class='ocr_line' id='line_1_89' title="bbox 1232 2598 2239 2635; baseline -0.002 -8"><span class='ocrx_word' id='word_1_594' title='bbox 1232 2601 1364 2628; x_wconf 83' lang='lat' dir='ltr'>obsecrat</span> <span class='ocrx_word' id='word_1_595' title='bbox 1378 2606 1522 2635; x_wconf 85' lang='lat' dir='ltr'>quatenus</span> <span class='ocrx_word' id='word_1_596' title='bbox 1532 2602 1709 2628; x_wconf 85' lang='lat' dir='ltr'>Perusinum</span> <span class='ocrx_word' id='word_1_597' title='bbox 1723 2601 1891 2635; x_wconf 83' lang='lat' dir='ltr'>episcopum</span> <span class='ocrx_word' id='word_1_598' title='bbox 1905 2604 1931 2627; x_wconf 88' lang='lat' dir='ltr'>et</span> <span class='ocrx_word' id='word_1_599' title='bbox 1940 2598 2139 2634; x_wconf 80' lang='lat' dir='ltr'>J[oliannem]‚</span> <span class='ocrx_word' id='word_1_600' title='bbox 2150 2608 2239 2633; x_wconf 86' lang='lat' dir='ltr'>quon-</span> 
     </span>
     <span class='ocr_line' id='line_1_90' title="bbox 1232 2649 2239 2683; baseline -0.001 -7"><span class='ocrx_word' id='word_1_601' title='bbox 1232 2650 1299 2676; x_wconf 85' lang='lat' dir='ltr'>dam</span> <span class='ocrx_word' id='word_1_602' title='bbox 1318 2650 1498 2676; x_wconf 85' lang='lat' dir='ltr'>Bosnensem</span> <span class='ocrx_word' id='word_1_603' title='bbox 1515 2649 1700 2683; x_wconf 80' lang='lat' dir='ltr'>episcopum,</span> <span class='ocrx_word' id='word_1_604' title='bbox 1719 2658 1788 2683; x_wconf 78' lang='lat' dir='ltr'>quos</span> <span class='ocrx_word' id='word_1_605' title='bbox 1809 2649 1845 2676; x_wconf 88' lang='lat' dir='ltr'>ad</span> <span class='ocrx_word' id='word_1_606' title='bbox 1865 2652 1960 2683; x_wconf 85' lang='lat' dir='ltr'>partes</span> <span class='ocrx_word' id='word_1_607' title='bbox 1983 2649 2152 2682; x_wconf 83' lang='lat' dir='ltr'>Hungariae</span> <span class='ocrx_word' id='word_1_608' title='bbox 2173 2649 2239 2675; x_wconf 84' lang='lat' dir='ltr'>des-</span> 
     </span>
    </p>
   </div>
   <div class='ocr_carea' id='block_1_15' title="bbox 1814 2489 2166 2523">
    <p class='ocr_par' dir='ltr' id='par_1_15' title="bbox 1814 2489 2166 2523">
     <span class='ocr_line' id='line_1_91' title="bbox 1814 2489 2166 2523; baseline 0 -8"><span class='ocrx_word' id='word_1_609' title='bbox 1814 2490 1946 2521; x_wconf 70' lang='lat' dir='ltr'>Yiterbe,</span> <span class='ocrx_word' id='word_1_610' title='bbox 1963 2490 1999 2516; x_wconf 75' lang='lat'>1⁷¹</span> <span class='ocrx_word' id='word_1_611' title='bbox 2010 2489 2074 2523; x_wconf 86' lang='lat' dir='ltr'>juin</span> <span class='ocrx_word' id='word_1_612' title='bbox 2087 2489 2166 2516; x_wconf 74' lang='lat'>1237.</span> 
     </span>
    </p>
   </div>
   <div class='ocr_carea' id='block_1_16' title="bbox 1231 2762 2239 3015">
    <p class='ocr_par' dir='ltr' id='par_1_16' title="bbox 1231 2762 2239 3015">
     <span class='ocr_line' id='line_1_92' title="bbox 1265 2762 2239 2793; baseline -0.002 -7"><span class='ocrx_word' id='word_1_613' title='bbox 1265 2763 1284 2786; x_wconf 82' lang='lat'>1.</span> <span class='ocrx_word' id='word_1_614' title='bbox 1309 2762 1352 2785; x_wconf 92' lang='lat' dir='ltr'>On</span> <span class='ocrx_word' id='word_1_615' title='bbox 1373 2770 1387 2785; x_wconf 86' lang='lat' dir='ltr'>a</span> <span class='ocrx_word' id='word_1_616' title='bbox 1407 2770 1442 2786; x_wconf 90' lang='lat' dir='ltr'>vu</span> <span class='ocrx_word' id='word_1_617' title='bbox 1465 2763 1525 2793; x_wconf 89' lang='lat' dir='ltr'>plus</span> <span class='ocrx_word' id='word_1_618' title='bbox 1546 2763 1611 2786; x_wconf 87' lang='lat' dir='ltr'>haut</span> <span class='ocrx_word' id='word_1_619' title='bbox 1632 2764 1673 2792; x_wconf 59' lang='grc' dir='ltr'>(ιγ’</span> <span class='ocrx_word' id='word_1_620' title='bbox 1692 2763 1765 2792; x_wconf 83' lang='grc'>3695)</span> <span class='ocrx_word' id='word_1_621' title='bbox 1786 2769 1839 2792; x_wconf 84' lang='lat' dir='ltr'>que</span> <span class='ocrx_word' id='word_1_622' title='bbox 1861 2762 2004 2786; x_wconf 58' lang='lat' dir='ltr'>Porri-usa*</span> <span class='ocrx_word' id='word_1_623' title='bbox 2024 2762 2097 2785; x_wconf 81' lang='lat' dir='ltr'>avait</span> <span class='ocrx_word' id='word_1_624' title='bbox 2116 2762 2165 2785; x_wconf 81' lang='lat' dir='ltr'>fait</span> <span class='ocrx_word' id='word_1_625' title='bbox 2184 2768 2239 2785; x_wconf 83' lang='lat' dir='ltr'>une</span> 
     </span>
     <span class='ocr_line' id='line_1_93' title="bbox 1231 2804 2239 2838; baseline 0 -8"><span class='ocrx_word' id='word_1_626' title='bbox 1231 2808 1378 2831; x_wconf 83' lang='lat' dir='ltr'>confusion</span> <span class='ocrx_word' id='word_1_627' title='bbox 1393 2804 1472 2831; x_wconf 81' lang='lat' dir='ltr'>entre</span> <span class='ocrx_word' id='word_1_628' title='bbox 1489 2810 1559 2831; x_wconf 82' lang='lat' dir='ltr'>cette</span> <span class='ocrx_word' id='word_1_629' title='bbox 1576 2807 1653 2838; x_wconf 71' lang='lat' dir='ltr'>piece</span> <span class='ocrx_word' id='word_1_630' title='bbox 1669 2810 1695 2831; x_wconf 83' lang='lat' dir='ltr'>et</span> <span class='ocrx_word' id='word_1_631' title='bbox 1711 2808 1777 2831; x_wconf 84' lang='lat' dir='ltr'>celle</span> <span class='ocrx_word' id='word_1_632' title='bbox 1790 2807 1835 2837; x_wconf 88' lang='lat' dir='ltr'>qui</span> <span class='ocrx_word' id='word_1_633' title='bbox 1853 2809 1930 2837; x_wconf 84' lang='lat' dir='ltr'>porte</span> <span class='ocrx_word' id='word_1_634' title='bbox 1945 2807 1969 2830; x_wconf 84' lang='lat' dir='ltr'>le</span> <span class='ocrx_word' id='word_1_635' title='bbox 1985 2811 2013 2829; x_wconf 82' lang='lat' dir='ltr'>n⁰</span> <span class='ocrx_word' id='word_1_636' title='bbox 2028 2807 2102 2831; x_wconf 80' lang='lat'>10:369</span> <span class='ocrx_word' id='word_1_637' title='bbox 2113 2807 2181 2830; x_wconf 82' lang='lat' dir='ltr'>dans</span> <span class='ocrx_word' id='word_1_638' title='bbox 2195 2813 2239 2830; x_wconf 86' lang='lat' dir='ltr'>ses</span> 
     </span>
     <span class='ocr_line' id='line_1_94' title="bbox 1231 2851 2237 2882; baseline 0 -7"><span class='ocrx_word' id='word_1_639' title='bbox 1231 2854 1362 2881; x_wconf 77' lang='lat' dir='ltr'>Reyesta,·</span> <span class='ocrx_word' id='word_1_640' title='bbox 1379 2859 1433 2875; x_wconf 81' lang='lat' dir='ltr'>aux</span> <span class='ocrx_word' id='word_1_641' title='bbox 1447 2852 1602 2876; x_wconf 78' lang='lat' dir='ltr'>references</span> <span class='ocrx_word' id='word_1_642' title='bbox 1616 2851 1760 2882; x_wconf 73' lang='lat' dir='ltr'>indiquees</span> <span class='ocrx_word' id='word_1_643' title='bbox 1774 2858 1823 2881; x_wconf 84' lang='lat' dir='ltr'>par</span> <span class='ocrx_word' id='word_1_644' title='bbox 1837 2851 1982 2876; x_wconf 72' lang='lat' dir='ltr'>POTTHAST</span> <span class='ocrx_word' id='word_1_645' title='bbox 1993 2858 2059 2875; x_wconf 80' lang='lat' dir='ltr'>sous</span> <span class='ocrx_word' id='word_1_646' title='bbox 2073 2852 2097 2874; x_wconf 82' lang='lat' dir='ltr'>le</span> <span class='ocrx_word' id='word_1_647' title='bbox 2110 2855 2138 2874; x_wconf 79' lang='lat' dir='ltr'>n⁰</span> <span class='ocrx_word' id='word_1_648' title='bbox 2155 2851 2237 2880; x_wconf 76' lang='lat'>10:385,</span> 
     </span>
     <span class='ocr_line' id='line_1_95' title="bbox 1231 2895 2236 2926; baseline -0.001 -7"><span class='ocrx_word' id='word_1_649' title='bbox 1231 2896 1249 2919; x_wconf 93' lang='lat' dir='ltr'>il</span> <span class='ocrx_word' id='word_1_650' title='bbox 1266 2897 1322 2920; x_wconf 77' lang='lat' dir='ltr'>faut</span> <span class='ocrx_word' id='word_1_651' title='bbox 1341 2897 1470 2926; x_wconf 79' lang='lat' dir='ltr'>ajouter:</span> <span class='ocrx_word' id='word_1_652' title='bbox 1490 2896 1634 2920; x_wconf 72' lang='lat' dir='ltr'>RAYNALot</span> <span class='ocrx_word' id='word_1_653' title='bbox 1646 2915 1651 2925; x_wconf 79' lang='lat'>,</span> <span class='ocrx_word' id='word_1_654' title='bbox 1667 2897 1806 2924; x_wconf 77' lang='lat' dir='ltr'>Annales,</span> <span class='ocrx_word' id='word_1_655' title='bbox 1824 2895 1857 2919; x_wconf 86' lang='lat' dir='ltr'>ad</span> <span class='ocrx_word' id='word_1_656' title='bbox 1874 2902 1937 2919; x_wconf 82' lang='lat' dir='ltr'>ann.</span> <span class='ocrx_word' id='word_1_657' title='bbox 1956 2895 2023 2924; x_wconf 75' lang='lat'>1237,</span> <span class='ocrx_word' id='word_1_658' title='bbox 2039 2895 2050 2926; x_wconf 69' lang='grc' dir='ltr'>ἓ</span> <span class='ocrx_word' id='word_1_659' title='bbox 2065 2896 2104 2924; x_wconf 83' lang='lat'>71,</span> <span class='ocrx_word' id='word_1_660' title='bbox 2121 2898 2139 2919; x_wconf 90' lang='lat' dir='ltr'>t.</span> <span class='ocrx_word' id='word_1_661' title='bbox 2156 2895 2219 2918; x_wconf 82' lang='lat' dir='ltr'>XIII</span> <span class='ocrx_word' id='word_1_662' title='bbox 2231 2913 2236 2922; x_wconf 83' lang='lat'>.</span> 
     </span>
     <span class='ocr_line' id='line_1_96' title="bbox 1232 2939 2238 2970; baseline -0.001 -6"><span class='ocrx_word' id='word_1_663' title='bbox 1232 2948 1257 2970; x_wconf 89' lang='lat' dir='ltr'>p.</span> <span class='ocrx_word' id='word_1_664' title='bbox 1275 2940 1331 2969; x_wconf 71' lang='lat'>504,</span> <span class='ocrx_word' id='word_1_665' title='bbox 1349 2941 1400 2964; x_wconf 83' lang='lat' dir='ltr'>col.</span> <span class='ocrx_word' id='word_1_666' title='bbox 1417 2941 1446 2969; x_wconf 50' lang='grc' dir='ltr'>(ἐς</span> <span class='ocrx_word' id='word_1_667' title='bbox 1468 2941 1492 2964; x_wconf 85' lang='lat' dir='ltr'>le</span> <span class='ocrx_word' id='word_1_668' title='bbox 1514 2944 1588 2964; x_wconf 82' lang='lat' dir='ltr'>texte</span> <span class='ocrx_word' id='word_1_669' title='bbox 1609 2947 1662 2970; x_wconf 86' lang='lat' dir='ltr'>que</span> <span class='ocrx_word' id='word_1_670' title='bbox 1683 2940 1828 2964; x_wconf 54' lang='lat' dir='ltr'>mmmm</span> <span class='ocrx_word' id='word_1_671' title='bbox 1851 2940 1942 2963; x_wconf 82' lang='lat' dir='ltr'>donne</span> <span class='ocrx_word' id='word_1_672' title='bbox 1963 2939 1996 2963; x_wconf 88' lang='lat' dir='ltr'>de</span> <span class='ocrx_word' id='word_1_673' title='bbox 2016 2943 2087 2963; x_wconf 85' lang='lat' dir='ltr'>cette</span> <span class='ocrx_word' id='word_1_674' title='bbox 2103 2940 2180 2970; x_wconf 74' lang='lat' dir='ltr'>piece</span> <span class='ocrx_word' id='word_1_675' title='bbox 2196 2943 2238 2963; x_wconf 85' lang='lat' dir='ltr'>est</span> 
     </span>
     <span class='ocr_line' id='line_1_97' title="bbox 1232 2984 1880 3015; baseline 0 -7"><span class='ocrx_word' id='word_1_676' title='bbox 1232 2984 1371 3008; x_wconf 86' lang='lat' dir='ltr'>d&#39;ailleurs</span> <span class='ocrx_word' id='word_1_677' title='bbox 1387 2985 1535 3015; x_wconf 78' lang='lat' dir='ltr'>incomplet</span> <span class='ocrx_word' id='word_1_678' title='bbox 1552 2984 1588 3007; x_wconf 85' lang='lat' dir='ltr'>du</span> <span class='ocrx_word' id='word_1_679' title='bbox 1605 2984 1688 3008; x_wconf 73' lang='lat' dir='ltr'>debut</span> <span class='ocrx_word' id='word_1_680' title='bbox 1704 2988 1730 3008; x_wconf 78' lang='lat' dir='ltr'>et</span> <span class='ocrx_word' id='word_1_681' title='bbox 1746 2984 1779 3007; x_wconf 78' lang='lat' dir='ltr'>de</span> <span class='ocrx_word' id='word_1_682' title='bbox 1794 2985 1819 3008; x_wconf 84' lang='lat' dir='ltr'>la</span> <span class='ocrx_word' id='word_1_683' title='bbox 1835 2984 1880 3009; x_wconf 89' lang='lat' dir='ltr'>fin.</span> 
     </span>
    </p>
   </div>
  </div>
 </body>
</html>
