2519 3518
65 283 120 319 t49
900 272 1129 311 NEUVIEME
1151 271 1309 308 ANNEE.
2090 282 2145 310 150

62 347 220 387 populum
239 347 484 384 Christianum,
508 349 602 388 cujus
618 349 766 379 defectus
784 349 872 378 circa
891 346 1064 377 tuitionem

62 400 163 430 Terre
195 400 340 438 predicte
369 400 515 438 suppleri
545 409 602 438 per
632 406 775 431 vestram
807 399 1064 430 sollicitudinem

62 451 273 490 spei-aliatum
294 461 331 482 ex
343 461 417 490 quo,
431 452 508 482 dum
524 453 700 483 recolimus
716 453 858 492 qualiter
873 452 906 481 in
921 455 1064 480 anteces-

63 504 195 534 soribus
211 504 331 534 vestris
354 504 413 534 hec
432 509 546 535 sancta
565 505 730 535 institutio
749 505 894 535 Ecclesie
910 502 1063 533 orientali

62 555 128 586 ruit
142 557 360 592 accommoda,
375 557 475 595 digna
486 557 625 592 meritis,
641 558 708 588 Deo
719 562 820 595 grata,
836 555 1064 586 vehementius

63 608 233 638 ammirari
250 608 478 647 compellimur
494 613 525 639 et
545 610 678 647 gravius
700 609 915 643 commoveri,
943 607 1063 638 coactis

58 660 129 699 jam
154 660 286 690 credere
310 660 475 699 pluribus,
503 662 589 700 quod
609 662 754 692 studium
775 662 818 691 sit
843 661 934 691 vobis
957 659 1063 698 preci-

62 721 165 751 puum
189 717 224 742 ut
247 713 380 743 termini
401 713 502 743 vestri
523 714 557 743 in
581 714 678 744 terris
699 714 845 743 fidelium
871 712 1060 747 dilatentur,

62 774 203 804 quorum
219 765 360 796 intentio
376 775 448 796 esse
461 766 556 796 debet
572 767 610 796 de
627 767 779 796 manibus
796 765 980 796 infidelium
998 765 1063 795 eri-

61 826 139 857 pere
166 822 287 848 terram
311 818 436 849 Christi
463 819 625 856 sanguine
652 823 887 849 consecratam.
913 818 1062 856 Denique

62 878 127 899 non
145 875 194 900 est
206 869 267 900 hoc
282 870 412 900 dextere
428 870 557 900 Excelsi
574 871 723 905 mutatio,
741 871 798 901 sed
813 870 990 900 declinatio
1006 878 1063 907 po-

63 922 130 952 tius
142 922 272 953 dextere
286 923 320 952 in
333 923 514 958 sinistram,
529 923 617 962 quia,
631 932 716 959 cum,
732 923 846 953 relicto
860 922 981 957 seculo,
995 923 1063 952 Deo

61 973 274 1004 decreveritis
291 975 449 1010 militare,
472 976 593 1006 iterum
609 976 723 1005 mundi
748 975 889 1013 negotiis
912 974 1062 1012 implica-

60 1026 144 1056 mini
161 1027 306 1064 sugitivi.
324 1028 409 1058 Sane
427 1028 633 1058 occasionem
652 1027 841 1067 hujusmodi
861 1026 1062 1064 assumpsis-

61 1078 104 1108 tis
115 1078 227 1108 forsan
239 1088 277 1109 ex
288 1088 325 1110 eo
335 1080 431 1118 quod,
446 1080 486 1110 ad
503 1079 777 1118 supplicationem
791 1084 945 1114 vestram,
961 1078 1061 1109 Sedes

59 1131 249 1169 Apostolica
278 1131 444 1162 interdum
473 1132 565 1162 vobis
596 1132 736 1162 indulsit
765 1136 800 1161 ut
823 1136 929 1161 castra
953 1134 1061 1160 vestra

58 1187 172 1213 contra
187 1183 396 1214 Christianos
413 1185 527 1219 etiam,
552 1185 580 1214 si
603 1185 784 1214 necessitas
807 1184 965 1221 exigeret,
987 1192 1061 1213 cum

59 1235 284 1266 moderatione
306 1236 472 1275 inculpate
497 1237 611 1272 tutele,
637 1237 721 1266 tueri
745 1236 902 1275 possetis,
922 1235 1060 1265 minime

58 1288 266 1318 attendentes
285 1289 371 1327 quod
386 1289 597 1327 privilegium
617 1293 761 1319 meretur
780 1289 982 1322 ammittere,
1003 1287 1060 1326 qui

58 1340 220 1379 permissa
236 1341 300 1371 sibi
317 1341 464 1371 abutitur
481 1345 652 1380 potestate,
669 1345 699 1371 et
716 1341 783 1379 qui,
799 1340 924 1371 relictis
941 1340 993 1370 sui
1007 1348 1059 1369 or-

58 1392 148 1422 dinis
167 1393 343 1428 institutis,
362 1394 401 1423 ad
417 1393 605 1423 communia
625 1393 739 1423 volunt
756 1393 896 1423 aliorum
911 1393 987 1431 jura
1009 1392 1059 1421 di-

58 1448 196 1478 vertere.
231 1445 398 1475 communi
424 1445 543 1475 debent
566 1446 640 1484 jure
669 1445 815 1480 censeri;
847 1445 983 1482 dignum
1011 1449 1060 1474 est

57 1497 147 1528 enim
162 1501 198 1526 ut
214 1497 271 1535 qui
289 1497 432 1527 similem
452 1506 526 1527 cum
543 1497 618 1527 aliis
641 1497 742 1527 vitam
764 1497 961 1534 suscipiunt,
980 1506 1059 1526 ean-

56 1549 130 1580 dem
146 1558 219 1580 cum
235 1549 303 1579 illis
320 1551 466 1580 sentiant
480 1551 515 1579 in
529 1550 658 1588 legibus
675 1550 894 1588 disciplinam.
916 1549 1058 1588 Ideoque

54 1602 259 1641 presentium
275 1602 368 1632 vobis
386 1603 594 1638 auctoritate,
612 1603 647 1631 in
664 1603 785 1632 virtute
803 1602 1003 1637 obedientie,
1022 1611 1058 1631 ac

55 1654 117 1685 suh
135 1655 406 1686 interminatione
423 1655 660 1689 anathematis,
678 1655 827 1685 districte
849 1654 1058 1693 precipiendo

54 1707 250 1737 mandamus
291 1711 454 1746 quatenus
491 1716 595 1746 usque
635 1707 675 1737 ad
714 1707 904 1745 passagium
945 1707 1057 1736 martii

53 1759 202 1798 proximo
226 1759 331 1788 futuri
356 1768 413 1797 per
435 1764 663 1798 procuratores
686 1760 831 1795 idoneos,
855 1760 1057 1790 sufficienter

54 1811 234 1842 instructos
246 1820 344 1850 super
357 1811 428 1847 hoc,
446 1816 557 1842 nostro
572 1821 627 1842 vos
642 1812 831 1851 conspectui
846 1812 1054 1850 presentetis,

53 1863 246 1894 mandatum
273 1864 489 1902 apostolicum
517 1865 690 1895 humiliter
714 1865 889 1903 recepturi.
918 1865 1055 1895 Interim

54 1920 165 1947 autem
190 1925 208 1946 a
232 1917 357 1947 mutuis
382 1917 690 1955 impugnationibus
716 1918 848 1956 penitus
873 1917 1052 1952 desistatis,

54 1967 185 1998 nullum
200 1972 369 1999 moventes
382 1969 470 1999 inter
485 1978 542 1999 vos
558 1969 692 2005 bellum,
711 1969 763 1999 vel
779 1978 931 2007 guerram
950 1969 989 1999 ad
1007 1970 1055 1999 in-

53 2019 160 2050 vicem
185 2020 361 2056 facientes;
386 2020 533 2059 alioquin
557 2021 685 2051 dilectis
706 2021 785 2051 filiis
811 2044 828 2050 ..
859 2021 897 2051 de
922 2021 1054 2059 Templo

53 2073 188 2103 Domini
204 2077 234 2103 et
248 2095 269 2102 ..
288 2073 400 2103 Sancti
416 2073 580 2104 Samuelis
593 2073 767 2103 abbatibus
780 2074 1053 2113 Acconen[sibus]

52 2125 177 2156 nostris
195 2125 311 2156 damus
326 2125 447 2156 litteris
463 2126 498 2155 in
512 2126 676 2156 mandatis
692 2130 727 2155 ut
744 2126 777 2156 in
795 2135 850 2156 vos
867 2135 1054 2156 excommu—

52 2178 231 2208 nicationis
248 2182 279 2208 et
295 2178 330 2207 in
347 2182 450 2208 terras
462 2182 588 2208 vestras
604 2178 772 2208 interdicti
789 2179 971 2208 sententias
988 2188 1053 2208 non

53 2229 209 2260 differant
223 2230 442 2268 promulgare.
459 2231 532 2260 Dat.
546 2230 688 2265 Perusii,
701 2231 732 2260 X
743 2230 902 2260 kalendas
917 2235 1054 2269 septem-

51 2281 134 2318 bris,
153 2291 238 2312 anno
255 2290 352 2312 nono.
372 2294 385 2308 »

88 2412 192 2437 2⁷43-
210 2425 240 2430 --
258 2413 409 2448 Scriptum
426 2416 468 2441 est
484 2422 570 2448 super
583 2415 637 2441 hoc
651 2414 845 2439 executoribus.

119 2613 237 2642 2244
622 2613 758 2644 Pffimuse,
774 2612 807 2638 23
821 2614 888 2639 aout
901 2612 979 2639 1235.

85 2675 129 2702 De
147 2675 269 2710 Templo
289 2674 410 2702 Domini
429 2677 457 2701 et
481 2674 582 2701 Sancti
609 2674 757 2701 Samuelis
781 2673 937 2700 abbatibus
958 2674 1052 2700 Acco-

50 2723 191 2752 nensibus
206 2723 242 2750 de
262 2723 363 2750 eadem
385 2731 414 2750 re
435 2722 580 2755 scribens,
600 2722 721 2749 mandat
742 2724 885 2755 quatenus
906 2729 997 2755 usque
1015 2721 1051 2748 ad

50 2772 218 2808 passagium
232 2771 334 2798 martii
345 2771 479 2806 proximo
493 2771 596 2803 futuri,
608 2778 711 2805 puram
725 2773 753 2797 et
765 2771 882 2804 plenam
894 2769 1050 2797 veritatem

48 2828 135 2855 super
150 2820 206 2853 his,
221 2828 271 2854 per
289 2820 403 2847 litteras
419 2828 500 2852 suas,
517 2819 697 2846 authenticis
711 2818 817 2852 sigillis
835 2818 979 2850 munitas,
994 2818 1050 2851 ipsi

46 2876 140 2904 papae
163 2868 290 2895 fideliter
314 2870 472 2902 exponant.
494 2882 526 2885 —
552 2868 637 2899 (Rau.
661 2866 709 2899 18,
736 2867 755 2892 f.
779 2866 812 2892 64
832 2869 877 2897 v⁰;
901 2874 969 2892 ann.
992 2865 1049 2898 IX,

50 2924 75 2943 c.
89 2915 158 2948 206;
175 2931 207 2934 —
223 2916 355 2944 Monam
371 2915 455 2949 1190,
475 2916 495 2942 f.
513 2915 581 2947 112;
599 2930 631 2933 —
646 2915 671 2943 J.
686 2915 854 2942 Deum-me
875 2914 917 2941 Le
935 2914 1049 2946 Rocnx,

1147 344 1305 370 Carlulairc
1328 346 1438 378 ydndral
1461 346 1505 371 des
1530 347 1721 379 llospitah'ers,
1747 350 1767 373 t.
1794 347 1834 379 11,
1861 355 1888 381 p.
1914 347 1978 378 490,
2005 351 2033 374 n·
2052 348 2145 378 2121.)

1188 456 1200 470 α
1225 467 1243 472 ..
1268 445 1301 473 tle
1323 445 1439 482 Templo
1461 446 1584 474 Domini
1604 451 1629 474 el
1652 468 1671 474 ..
1695 446 1800 475 Sancti
1820 447 1970 475 Samuelis
1989 447 2144 475 abbatibus

1146 496 1400 535 Acconensi[bus].
1441 497 1563 527 Audita
1602 498 1765 528 discordia
1805 507 1868 537 que
1909 515 1956 527 —.
1997 499 2069 528 Dat.
2110 504 2143 528 ut

1147 558 1256 586 supra.
1277 561 1289 575 n

1216 699 1332 726 2⁷45
1713 701 1848 733 Perouse,
1864 701 1898 728 22
1911 704 1978 728 ausit
1993 702 2070 728 1235.

1180 759 1418 794 Archiepiseopis
1441 763 1469 787 et
1489 761 1631 795 episcopis
1644 762 1679 788 ad
1694 771 1763 796 quos
1782 763 1896 789 litterae
1917 763 1988 790 istae
2002 772 2143 797 pervene-

1146 807 1216 840 rint,
1234 808 1354 834 mandat
1377 811 1520 842 quatenus
1542 809 1620 836 cirea
1643 810 1842 836 defensionem
1863 811 2140 845 crucesignatorum.

1145 864 1215 889 quos
1231 857 1366 883 nonnulli
1384 857 1521 890 gravibus
1541 857 1658 884 damnis
1678 858 1844 885 afficiebant
1864 862 1891 885 ot
1909 859 2045 892 jacturis=
2065 860 2142 893 vigi-

1146 904 1217 930 lent.
1234 919 1264 923 -
1278 905 1363 936 (ΒΕΘ.
1381 904 1429 936 18,
1448 906 1467 932 f.
1482 905 1514 931 64
1531 908 1576 937 v⁰;
1593 914 1662 932 ann.
1676 906 1731 938 lx,
1747 915 1770 933 c.
1785 906 1853 938 207;
1867 921 1897 925 -—
1912 907 2043 935 Monam
2058 908 2140 936 1190.

1145 953 1165 978 ἱ.
1180 951 1254 983 110.)

1186 1050 1198 1065 α
1216 1040 1455 1076 Archiepiscopis
1471 1045 1495 1068 et
1514 1041 1656 1077 episcopis
1671 1041 1710 1069 tul
1725 1050 1796 1078 quos
1812 1042 1909 1069 littere
1929 1043 1980 1070 iste
1998 1051 2141 1079 pert-em*-

1144 1092 1221 1119 rint.
1245 1091 1289 1120 Ex
1311 1091 1513 1128 negligentia
1536 1092 1735 1130 prelatorum
1759 1110 1807 1122 —.
1832 1094 1904 1123 Dat.
1929 1095 2070 1125 Perusii,
2095 1095 2141 1124 XI

1144 1142 1301 1172 kalendas
1318 1143 1524 1181 septembris,
1544 1153 1629 1173 anno
1646 1153 1743 1174 nono.
1764 1157 1776 1171 r»

1713 1296 1848 1327 Perouse,
1863 1296 1895 1323 24
1911 1299 1978 1323 aot'it
1991 1297 2069 1323 1235.

1213 1293 1330 1321 2748

1177 1354 1287 1381 Abbati
1302 1354 1405 1381 Sancti
1422 1355 1545 1382 Martini
1562 1356 1597 1382 de
1618 1356 1770 1389 Gemellis,
1784 1360 1811 1384 et
1827 1358 2001 1384 scholastico
2016 1359 2140 1385 cantori-

1143 1411 1198 1436 que
1217 1402 1467 1430 Ambianensibus
1486 1404 1607 1431 mandat
1627 1408 1769 1438 quatenus
1790 1405 1983 1437 Baldoinum,
2002 1407 2139 1433 comitem

1143 1450 1329 1483 Gisnensem,
1340 1451 1370 1477 in
1382 1451 1511 1485 ipsorum
1525 1452 1661 1479 manibus
1672 1452 1802 1486 deposita
1815 1454 1937 1487 pecunia
1950 1462 2000 1487 pro
2011 1454 2140 1481 subsidio

1141 1499 1247 1526 Terrae
1268 1498 1408 1532 Sanctae,
1429 1499 1466 1526 ab
1485 1501 1790 1528 excommunicatione
1803 1501 1967 1533 absolvant,
1985 1511 2070 1536 quam
2090 1511 2141 1536 pro

1142 1555 1283 1574 manuum
1309 1547 1468 1581 injectione
1493 1548 1623 1575 violenta
1647 1549 1677 1575 in
1699 1549 1856 1583 Aegidium
1867 1571 1873 1581 ,
1899 1550 2138 1577 archidiaconum

1141 1595 1352 1628 Morinensem,
1365 1596 1538 1623 incurrerat.
1552 1611 1582 1614 —
1597 1597 1682 1629 (Res.
1694 1596 1738 1630 18,
1751 1598 1771 1623 f.
1781 1597 1815 1623 65
1827 1601 1848 1623 r⁰
1861 1606 1867 1629 ;
1882 1606 1950 1624 ann.
1964 1598 2016 1631 IX,
2029 1608 2053 1625 c.
2065 1598 2140 1625 *2081

1183 1708 1195 1722 «
1217 1719 1234 1724 ..
1252 1697 1353 1725 abbati
1372 1697 1478 1727 Sancti
1498 1697 1628 1726 illarlim‘
1643 1698 1676 1726 tle
1695 1698 1846 1732 Gemellis,
1870 1721 1889 1726 ..
1906 1699 2060 1727 scolastico
2076 1704 2100 1727 e!
2117 1722 2138 1726 ..

1140 1750 1261 1778 cantori
1284 1749 1547 1778 Ambianensibus.
1576 1749 1705 1779 Nobilis
1730 1750 1779 1778 vir
1804 1750 2001 1780 Baldoinus.
2031 1760 2139 1780 rom-:s

1140 1801 1327 1836 Gisnensis,
1351 1810 1409 1831 sua
1426 1801 1521 1831 nobis
1547 1802 1704 1839 petitione
1726 1803 1921 1831 monstravit
1942 1803 2042 1841 quod.
2065 1812 2139 1832 cum

1139 1853 1209 1891 ipse
1230 1854 1263 1882 in
1287 1854 1455 1891 Egidium,
1475 1854 1742 1883 archidiaconum
1761 1855 1998 1885 Morinensem,
2019 1865 2136 1885 manus

1138 1906 1309 1944 injecisset
1325 1906 1407 1935 citra
1426 1906 1600 1943 sanguinis
1617 1907 1810 1936 etl'usionem
1836 1907 1884 1935 vel
1909 1916 2073 1937 enormem
2091 1908 2138 1937 le-

1139 1959 1265 1988 sionem
1282 1962 1403 1988 temere
1424 1958 1600 1993 violentas,
1622 1959 1650 1988 ei
1668 1960 1874 1996 postmodum
1891 1970 1988 1997 super
2005 1960 2063 1988 lim·
2081 1970 2137 1998 pe-

1138 2010 1249 2040 nitens
1266 2009 1412 2048 plenarie
1432 2010 1604 2040 satisfecit.
1623 2011 1770 2050 Cumque
1790 2012 1895 2049 ipsius
1913 2012 2137 2042 alm-hidiaconi

1134 2063 1295 2102 juraverit
1307 2067 1392 2093 stare
1402 2063 1577 2097 mandatis,
1591 2063 1732 2102 injunxit
1744 2064 1847 2094 eidem
1862 2070 1894 2094 ut
1910 2074 1967 2103 per
1978 2066 2137 2103 quasdam

1137 2115 1294 2146 ecclesias
1311 2115 1515 2145 cathedrales
1533 2121 1561 2145 et
1584 2116 1665 2145 alias
1688 2117 1721 2145 in
1746 2116 1983 2155 sollempnibus
2006 2127 2137 2156 proces-

1137 2167 1287 2197 sionibus
1301 2167 1409 2197 nudus
1427 2172 1457 2197 et
1473 2167 1694 2202 (list-alciatus,
1715 2177 1788 2198 cuni
1806 2169 1936 2199 brat-his
1953 2174 1981 2199 et
1999 2171 2135 2199 camisia

1137 2224 1275 2255 tantum,
1294 2220 1367 2254 iret,
1384 2221 1493 2257 virgas
1508 2220 1540 2249 in
1558 2221 1710 2250 manibus
1725 2221 1912 2251 deserendo.
1929 2231 2000 2251 cum
2015 2222 2135 2261 quilius

1137 2282 1170 2303 se
1192 2273 1315 2302 faceret
1339 2272 1423 2311 apud
1444 2274 1533 2310 ipsas
1558 2272 1713 2303 ecclesias
1732 2273 1918 2308 vertici-arn
1943 2275 2029 2312 quod
2049 2275 2135 2304 idem

1137 2328 1257 2358 asserit
1272 2327 1444 2357 humiliter
1458 2336 1491 2357 se
1508 2327 1636 2357 fecisse.
1657 2327 1752 2358 Unde
1767 2328 1861 2357 nohis
1876 2328 2046 2358 humiliter
2063 2339 2135 2367 sup-

1136 2380 1270 2419 plicavit
1284 2384 1329 2415 ut,
1348 2390 1437 2415 cum,
1458 2385 1588 2419 propter
1610 2380 1766 2425 capitales
1788 2381 1981 2411 inimicitias
1997 2405 2002 2416 ,
2021 2382 2059 2411 ad
2077 2383 2135 2412 Se-

1135 2434 1208 2463 dem
1240 2433 1461 2471 Apostolicam
1488 2433 1705 2472 personaliter
1730 2434 1896 2463 commode
1925 2434 2036 2464 venire
2070 2444 2133 2463 non

1135 2486 1250 2524 possit,
1269 2485 1344 2521 sibi,
1365 2490 1477 2523 parato
1493 2485 1653 2515 redimere
1672 2485 1815 2515 labore-111
1833 2486 1962 2515 itineris
1979 2486 2132 2524 operibus

1135 2539 1285 2577 pietatis,
1311 2538 1483 2576 providere
1506 2547 1604 2576 super
1623 2539 1683 2567 hoc
1706 2539 1963 2568 misericorditer
1981 2539 2134 2573 dignare-

1135 2600 1219 2620 mur.
1239 2591 1501 2621 Nec-essitatibus
1518 2591 1620 2628 igitur
1635 2592 1733 2620 Terre
1754 2592 1870 2620 Sancte
1887 2590 2057 2620 consulere
2076 2600 2132 2619 cu·

1135 2643 1274 2681 pientes,
1295 2643 1487 2673 discretioni
1504 2648 1610 2672 vestre
1628 2653 1684 2681 per
1703 2642 1879 2680 apostolica
1903 2643 2021 2680 scripta
2040 2652 2131 2671 inan-

1134 2695 1250 2725 daiuus
1269 2701 1443 2734 quatenus,
1463 2695 1491 2724 si
1507 2700 1553 2725 est
1572 2696 1626 2724 ita.
1648 2695 1752 2732 ipsius
1770 2694 1898 2723 comitis
1919 2694 2129 2723 facultatibus

1134 2751 1165 2778 et
1189 2747 1348 2786 qualitate
1370 2756 1508 2786 persone
1531 2747 1664 2785 provida
1689 2747 1950 2776 consideration-2¹
1972 2746 2128 2784 pensatis.

1134 2809 1171 2830 eo
1192 2801 1226 2829 in
1245 2800 1399 2830 manibus
1419 2800 1538 2829 vestris
1558 2799 1739 2837 deponente
1760 2798 1931 2835 pecuniam
1948 2807 2004 2835 pro
2022 2798 2130 2827 subsi-

1133 2854 1186 2883 dio
1204 2854 1303 2883 Terre
1320 2853 1473 2891 predicte,
1495 2862 1591 2891 quam
1607 2852 1755 2889 expedire
1773 2851 1932 2880 videritis.
1949 2859 2005 2888 pro
2019 2850 2130 2888 hujus-

1133 2907 1221 2936 modi
1239 2906 1460 2944 redemptione
1477 2905 1609 2940 lalujiris,
1635 2914 1690 2932 nm*
1711 2912 1774 2932 non
1792 2908 1820 2933 et
1839 2912 1934 2941 quam
1958 2902 2053 2931 idem.
2075 2912 2130 2939 pir»
