2423 3487
199 316 235 345 119
920 304 1157 335 1150151005
1179 303 1234 332 DE
1257 294 1478 331 GREGOIRE
1502 301 1560 330 lx.
2236 297 2291 326 100

201 378 349 409 dorensis
371 382 398 407 et
421 375 554 411 collegis
580 374 650 412 ejus
675 372 816 411 injunxit
840 376 886 401 ut.
911 371 939 400 si
963 373 1125 400 constaret
1150 368 1197 397 eis

200 433 395 459 memoratos
415 427 542 466 judices
559 426 643 455 dieta
661 424 849 463 hujusmodi
871 423 1004 453 testium
1026 422 1129 450 fuisse
1146 429 1198 449 se—

200 487 302 515 cutos,
322 490 379 511 nce
399 490 415 509 a
437 479 618 517 prolatione
639 477 802 507 sententie
825 481 951 505 tantum
973 473 1128 511 temporis
1152 473 1199 501 ct*-

202 535 362 569 iluxissct,
382 533 465 571 quod
486 531 561 560 falsi
580 530 747 569 querelam
771 529 975 562 excluderet,
1001 525 1199 556 sententiam

201 590 305 627 ipsam
323 591 350 616 ct
367 585 450 624 quud
470 594 506 613 cx
523 593 559 612 ea
577 588 725 613 secutum
743 583 865 617 fuerat,
886 583 1087 610 revocarent.
1106 579 1201 608 Post-

202 641 331 669 modum
351 647 435 672 vero,
454 636 593 665 dirersis
617 635 907 665 commissionibus
929 634 968 662 ad
984 633 1131 662 diversos
1147 631 1201 670 111-

202 694 289 722 ‹lices
307 690 489 728 impetratis
506 689 673 727 variisque
688 687 963 725 appellationibus
975 685 1111 724 objectis
1123 684 1201 713 binc

203 745 289 775 111110,
308 753 380 773 cum
399 752 456 771 uos
475 765 493 770 ..
513 741 743 770 archidiacono
761 739 945 769 Senonensi
969 742 997 767 et
1020 737 1202 776 conjudici-

204 798 263 827 bus
286 796 355 825 suis
381 795 440 824 ¹sub
464 798 549 823 certa
571 794 676 822 forma
698 792 914 821 direxerimus
936 790 1057 828 scripta
1078 793 1200 822 nostra,

204 848 420 887 appellatione
438 846 568 875 tandem
585 854 620 874 cx
638 849 728 882 parte.
745 843 874 873 comitis
891 842 1100 880 interposita.
1119 842 1202 871 bone

205 901 360 931 memorie
384 923 402 928 ..
426 898 682 935 Rolliomagensi
702 897 947 934 archiepiscopo
968 900 998 925 et¹
1022 894 1204 933 conjudici-

204 956 265 983 bus
284 954 353 982 suis
371 952 596 981 uutmlaviiuus
615 955 663 983 ut,
688 950 836 988 partibus
853 949 1056 983 convocatis,
1076 947 1205 985 simpli-

206 1008 286 1037 cin-1·
305 1010 332 1036 et
352 1006 388 1034 de
406 1005 501 1043 plano
518 1004 551 1032 iu
568 1004 639 1041 ipso
659 1003 800 1040 negotio.
821 1002 906 1041 quod
923 1002 978 1031 diu
995 1005 1206 1039 prorogatum

208 1061 322 1094 suerat,
342 1058 565 1096 procedentes,
582 1065 644 1085 11011
663 1055 871 1085 obstantibus
890 1055 1010 1084 litteris
1028 1059 1056 1084 et
1074 1063 1206 1092 proces-

207 1113 298 1142 sibus
316 1110 527 1148 supradictis,
549 1109 577 1138 si
596 1109 717 1139 nobilis
733 1109 783 1137 vir
799 1131 819 1136 ..
838 1117 946 1137 0011105
966 1107 1207 1137 WHndocinen·

208 1165 264 1195 sis.
279 1161 778 1195 5000055010011111151110111011111,
794 1161 882 1190 infra
892 1165 1032 1199 quatuor
1043 1160 1207 1189 mensium

210 1217 397 1250 terminum,
414 1224 510 1253 quem
527 1214 590 1243 sibi
607 1213 862 1252 peremptorium
879 1213 1099 1250 assignarent,
1118 1212 1209 1241 suffi—

209 1271 333 1299 cienter
359 1278 467 1298 coram
492 1268 539 1297 015
564 1267 728 1305 probaret,
752 1267 837 1296 sicut
862 1267 1065 1305 propositum
1089 1266 1208 1298 fuerat,

210 1333 265 1361 per
284 1322 383 1351 falsos
400 1326 430 1351 ‹Jt
447 1324 615 1358 corruptos
634 1324 732 1349 testes
750 1328 807 1357 pro
824 1319 909 1348 dicta
928 1318 1066 1348 muliere
1087 1317 1210 1347 diffini-

212 1377 309 1405 tivam
327 1374 524 1404 sententiam
547 1382 617 1403 esse
637 1373 752 1407 latam,
776 1372 841 1401 nisi
862 1373 943 1401 forte
961 1372 1000 1401 ab
1017 1372 1087 1410 ejus
1103 1370 1212 1409 prola-

212 1430 299 1459 tione
333 1432 458 1457 tantum
488 1427 643 1464 temporis
678 1426 873 1461 effluxisset,
906 1425 992 1463 quod
1026 1424 1212 1454 excluderet

212 1482 288 1511 falsi
307 1481 485 1519 queri-lam,
510 1480 573 1518 ipsi
592 1480 727 1509 candem
752 1479 951 1509 seutentiam
969 1482 999 1507 et
1021 1478 1105 1516 quod
1123 1486 1159 1506 ex
1176 1486 1213 1506 ca,

214 1538 437 1567 5110010111051,
456 1537 605 1562 cessante
629 1532 862 1570 appellatione,
885 1531 1031 1569 legitime
1058 1540 1213 1560 revocan-

216 1593 274 1619 tes.
292 1587 441 1616 audirent
459 1586 695 1615 nichilominus
713 1589 742 1615 et
759 1585 867 1615 debito
884 1585 948 1614 fine
965 1584 1164 1614 deciderent.
1186 1584 1214 1613 si

214 1640 292 1679 quid
310 1649 407 1677 ¹super
426 1639 580 1676 predictis
598 1639 683 1668 inter
699 1642 807 1676 partes
824 1646 994 1667 remanere
1011 1637 1216 1674 contingeret

216 1692 416 1731 questionis:
436 1691 582 1730 alioquin
600 1692 751 1721 comitem
766 1691 874 1728 ipsum
888 1695 920 1720 ut
937 1690 1109 1720 diffinitive
1126 1699 1216 1728 pare-

218 1750 276 1776 ret,
296 1754 351 1782 per
365 1744 756 1773 excommunicationem¹
773 1744 806 1772 in
826 1753 1000 1782 personam
1017 1747 1047 1773 et
1063 1743 1216 1772 interdic-

218 1803 285 1827 tum
302 1798 333 1826 in
353 1803 487 1831 terram,
510 1797 727 1835 appcdlatione
751 1797 946 1835 postposita,
970 1801 1165 1826 coartarent.
1191 1798 1218 1826 Α

218 1851 338 1889 quibus
355 1859 427 1879 cum
441 1850 618 1888 jzuudictus
642 1859 748 1879 comes
774 1854 918 1879 nostram
939 1850 1143 1879 audientiam
1162 1859 1218 1887 ap-

217 1903 382 1941 pellasset,
399 1903 468 1941 cjus
483 1904 613 1933 tandem
630 1908 659 1933 et
679 1903 814 1933 alterius
832 1903 934 1941 partis
950 1903 1218 1941 procuratoribus

218 1956 251 1985 111
269 1960 377 1985 nostra
394 1956 560 1993 presentia
572 1956 771 1990 constitutis,
790 1965 860 1991 nos,
875 1965 972 1994 super
988 1956 1049 1986 hoc
1063 1965 1100 1986 ex
1113 1956 1219 1986 officio

220 2014 330 2038 nostro
346 2008 517 2046 providere
533 2008 695 2043 volentes,
719 2008 836 2038 dilecto
856 2008 923 2037 filio
946 2009 1103 2046 magistro
1122 2009 1220 2038 11701·-

220 2062 325 2095 nario,
344 2061 501 2091 canonico
514 2061 697 2096 Tervisino,
717 2062 867 2091 Parisius
884 2062 1111 2097 commoranti,
1127 2071 1220 2091 man-

221 2114 370 2143 darimus
387 2118 432 2143 ut.
454 2114 574 2143 litteris
596 2114 636 2143 ad
656 2123 729 2144 011111
747 2114 797 2144 vel
821 2114 860 2143 ad
879 2114 962 2144 alios
987 2124 1085 2152 super
1109 2115 1222 2144 eodem

223 2166 352 2201 negotio
369 2166 563 2203 impetratis.
586 2176 644 2195 seu
660 2167 869 2204 processibus
888 2176 944 2205 per
961 2176 1015 2197 eas
1032 2167 1167 2202 habitis,
1187 2176 1223 2197 ao

224 2218 498 2255 appellationibus
528 2219 731 2257 interpositis
760 2228 969 2258 ne111uaquam
995 2220 1221 2255 obstantibus,

221 2271 313 2309 juxta
336 2271 473 2299 formam
497 2271 560 2308 ipsi
583 2271 828 2309 archiepiscopo
852 2276 882 2301 et
905 2272 1133 2311 conjudicibus
1154 2273 1224 2303 suis

226 2323 378 2352 traditam
394 2323 427 2351 in
440 2332 539 2352 causa
551 2324 738 2360 procederet
750 2329 974 2354 memoratam.
989 2326 1102 2363 Nuper
1116 2330 1225 2355 autem

226 2376 491 2414 procuratoribus
521 2377 694 2415 utriusque
721 2378 823 2415 partis
855 2378 888 2406 in
919 2383 1029 2407 nostra
1061 2379 1227 2416 presentia

226 2429 415 2458 constitutis
432 2433 462 2459 et
478 2429 633 2459 dilectum
650 2430 754 2459 filium
770 2436 917 2460 nostrum
931 2431 1122 2470 T[homam],
1139 2432 1228 2461 tituli

227 2482 345 2512 Sancte
369 2482 489 2511 Sabine
512 2483 730 2520 presbiterum
755 2484 972 2518 cardinalem,
992 2494 1009 2514 a
1026 2485 1120 2515 nobis
1143 2486 1228 2523 opti-

228 2534 383 2563 nentibus
401 2535 594 2567 auditorem,
613 2536 742 2565 comitis
756 2537 923 2574 proposuit
941 2542 1130 2574 procurator
1143 2538 1229 2576 quod

227 2587 374 2625 predicta
404 2588 578 2617 diffinitiva
608 2597 671 2617 non
710 2593 778 2619 erat
810 2590 995 2619 executioni
1026 2591 1228 2627 mandanda,

229 2648 323 2674 cum,
354 2640 411 2669 lite
446 2649 509 2669 11011
537 2645 717 2671 contestata
747 2646 777 2671 et
805 2642 903 2671 etiam
933 2652 1030 2672 causa
1061 2643 1230 2681 petitionis

231 2692 364 2727 omissa,
380 2693 480 2722 suerit
498 2693 718 2731 promulgata,
738 2694 765 2723 is
782 2694 879 2723 etiam
895 2695 951 2732 qui
968 2700 1158 2732 procurator
1178 2705 1231 2725 co-

228 2744 318 2774 mitis
341 2745 442 2774 fuisse
468 2746 671 2784 proponitur,
696 2751 886 2784 procurator
909 2756 974 2776 non
999 2748 1116 2781 extitit,
1138 2752 1179 2783 et,
1203 2749 1231 2778 si

229 2797 420 2826 mandatum
437 2797 569 2836 aliquod
586 2798 745 2833 exhibuit,
767 2799 889 2829 falsum
906 2799 978 2829 fuit.
1006 2800 1160 2839 bilemque
1178 2811 1231 2830 co-

268 2959 286 2983 l.
301 2962 348 2984 Ms.
365 2970 370 2984 ;
385 2963 686 2986 excommunicationis.

1281 375 1349 396 mes
1375 370 1451 395 tunc
1473 364 1628 403 temporis
1653 364 1761 393 minor
1786 366 1870 397 erat;
1899 363 1956 401 qui
1977 371 2051 392 cum
2073 363 2174 392 fuerit
2194 363 2290 393 inde-

1282 419 1406 453 fensus,
1437 417 1667 446 auctoritatem
1692 416 1739 445 rei
1761 415 1908 454 judicate
1936 415 2057 444 habere
2090 424 2154 444 non
2185 415 2292 453 potuit

1282 471 1445 501 sententia
1466 470 1664 508 supradicta,
1680 469 1855 507 presertim
1873 477 1945 497 cum
1965 477 2028 498 non
2048 468 2082 497 in
2099 473 2291 506 procurato·-

1283 532 1361 558 rem,
1390 523 1446 561 qui
1471 522 1563 552 litem
1591 522 1712 551 dicitur
1737 525 1951 556 contestatus,
1982 521 2039 551 sed
2060 521 2095 550 in
2121 521 2293 551 dominum

1283 575 1382 604 verba
1399 575 1563 604 sententie
1582 579 1760 604 noscantur
1780 582 1852 604 esse
1869 574 2020 603 formata.
2038 574 2087 603 Ad
2104 574 2163 603 hec
2183 574 2292 612 potius

1284 628 1399 657 relatio
1425 636 1523 665 quam
1547 627 1713 656 sententia
1740 636 1777 656 ex
1802 626 1912 655 verbis
1934 626 2085 665 judicum
2109 627 2290 662 invenitur,

1284 681 1377 718 quia,
1401 689 1464 708 non
1488 679 1668 717 presentis,
1692 679 1749 708 sed
1768 679 1918 716 preteriti
1943 679 2097 716 temporis
2112 679 2210 709 verbo
2226 679 2292 714 usi,

1285 733 1458 761 dixerunt:
1477 745 1488 758 κ
1504 732 1703 761 sententiam
1716 731 1926 769 protulimus,
1945 732 2100 768 comitem
2117 733 2294 770 condemp-

1286 789 1411 814 nantes.
1431 797 1442 810 »
1459 786 1655 814 Procurator
1667 794 1743 814 vero
1756 784 1906 815 mulieris
1920 794 1956 815 cx
1974 785 2110 815 adverso
2122 785 2292 824 respondit

1286 837 1371 875 quod
1398 847 1454 875 per
1480 837 1677 875 rescriptum
1700 837 1838 875 predicti
1865 837 2108 875 predecessoris
2138 838 2242 867 nostri
2266 839 2294 868 Ι.

1288 900 1368 928 pape
1383 891 1508 929 liquido
1526 890 1703 928 apparebat
1718 890 1810 920 litem
1828 891 1932 920 fuisse
1954 891 2039 928 apud
2058 891 2173 921 sedem
2191 892 2297 929 Apos-

1289 943 1419 972 tolicam
1437 947 1665 977 contestatam,
1683 942 1796 981 ibique
1814 952 1911 972 cause
1929 943 2116 973 defensioni
2133 952 2166 972 se
2184 952 2297 981 procu-

1290 1000 1431 1025 ratorem
1448 996 1577 1025 comitis
1594 995 1771 1030 obtulisse;
1796 995 1848 1024 cui
1868 995 1953 1034 quod
1977 995 2082 1025 salsus
2105 996 2206 1025 fuerit
2222 1004 2298 1034 pro-

1290 1053 1431 1083 curator,
1451 1057 1524 1078 sero
1537 1048 1709 1077 videbatur
1726 1048 1856 1086 opponi.
1875 1057 1948 1077 cum
1967 1052 2095 1086 tempus
2109 1052 2298 1086 competens

1291 1101 1330 1131 ad
1347 1101 1538 1140 hujusmodi
1552 1101 1628 1130 salsi
1646 1101 1815 1139 querelam
1833 1110 1898 1131 non
1911 1101 1953 1131 sit
1968 1101 2105 1130 dubium
2122 1101 2299 1131 effluxisse.

1291 1155 1417 1193 Adjecit
1447 1163 1577 1193 quoque
1601 1154 1687 1192 quod
1713 1163 1836 1189 comes,
1867 1159 2009 1192 tempore
2036 1153 2100 1184 late
2121 1154 2299 1190 sententie,

1292 1207 1388 1237 miles
1404 1208 1478 1242 fuit,
1507 1216 1570 1246 quo
1593 1208 1646 1236 vix
1667 1207 1901 1237 inveniebatur
1922 1207 1956 1236 in
1973 1207 2122 1245 partibus
2139 1207 2218 1243 illis,
2243 1207 2303 1246 qui

1293 1261 1398 1298 magis
1428 1261 1463 1290 in
1491 1261 1593 1290 armis
1621 1264 1778 1290 strenuus
1806 1260 2004 1295 haberetnr3
2033 1261 2145 1299 sicque
2173 1260 2301 1298 agebat,

1294 1313 1509 1343 contrahebat
1526 1317 1556 1343 et
1573 1313 1620 1343 510
1637 1313 1748 1342 omnia
1764 1313 1923 1349 faciebat,
1943 1313 2028 1343 sicut
2045 1313 2185 1352 quilibet
2198 1314 2304 1352 maj0r

1294 1367 1408 1401 annis,
1428 1371 1459 1396 et
1480 1367 1662 1396 secundum
1687 1366 1793 1404 legem
1815 1370 1843 1395 01
1866 1366 2141 1396 consuetudinem
2160 1367 2304 1396 Franco-

1295 1428 1378 1454 rum,
1408 1423 1583 1458 postquam
1606 1418 1702 1449 miles
1723 1423 1772 1449 est
1798 1419 1936 1457 aliquis,
1965 1428 2029 1449 non
2058 1419 2140 1449 solet
2164 1419 2306 1450 minoris

1292 1473 1366 1511 jure
1394 1473 1541 1508 censeri,
1570 1473 1741 1511 proposuit
1765 1472 1864 1502 etiam
1895 1473 1981 1511 quod
2009 1477 2122 1502 contra
2152 1473 2307 1503 comitem

1296 1525 1500 1563 possessorio
1520 1526 1583 1555 fuit
1600 1530 1727 1560 aetum,
1745 1525 1779 1554 in
1800 1534 1864 1563 quo
1885 1534 1950 1554 non
1972 1526 2142 1555 consuevit
2159 1526 2197 1555 de
2214 1525 2315 1555 facili.

1296 1579 1482 1608 minoribus
1503 1578 1686 1608 subveniri.
1706 1579 1811 1616 Super
1832 1587 1869 1607 eo
1887 1582 1995 1607 autem
2014 1578 2100 1617 quod
2123 1578 2245 1608 dicitur
2268 1578 2307 1609 de

1297 1631 1407 1661 verbis
1425 1631 1600 1666 sententie,
1619 1631 1770 1660 formatis
1787 1631 1821 1660 in
1839 1631 2002 1666 comitem,
2020 1640 2084 1660 non
2102 1631 2136 1660 in
2151 1640 2308 1669 procura-

1299 1689 1401 1714 torem
1415 1685 1573 1723 ejusdem,
1588 1693 1783 1723 responsum
1796 1688 1922 1714 estnon
1936 1684 2101 1723 essejuris
2114 1684 2222 1714 civilis
2234 1684 2309 1714 sub-

1299 1737 1464 1772 tilitatem,
1484 1737 1541 1767 sed
1557 1737 1739 1776 equitatem
1756 1737 1947 1767 canonicam
1966 1737 2239 1767 observandam&
2259 1736 2309 1767 Ad

1299 1789 1360 1819 bec
1377 1789 1596 1828 prolationem
1613 1789 1777 1820 sententie
1794 1798 1870 1828 pars
1887 1789 1990 1819 altera
2009 1790 2042 1818 111
2060 1790 2198 1819 dubium
2215 1798 2312 1820 revo-

1300 1852 1374 1872 care
1390 1851 1454 1872 non
1468 1847 1605 1881 poterat,
1621 1852 1684 1881 que
1696 1846 1810 1872 contra
1825 1843 2023 1872 sententiam
2042 1843 2148 1881 ipsam
2162 1843 2312 1873 diversas

1300 1895 1429 1926 litteras
1451 1900 1482 1926 et
1505 1895 1545 1925 ad
1565 1895 1714 1925 diversos
1734 1895 1864 1934 10111005
1886 1895 2090 1933 impetrarat.
2108 1896 2177 1926 Nos
2192 1896 2306 1934 igitur,

1302 1948 1425 1978 auditis
1445 1948 1513 1978 11115
1537 1953 1567 1978 01
1586 1948 1662 1978 111115
1686 1957 1743 1986 per
1761 1947 1893 1978 fidelem
1918 1948 2111 1978 relationem
2132 1948 2312 1979 cardinalis

1302 2002 1451 2040 predicti,
1469 2002 1665 2031 mandamus
1680 2006 1855 2040 quatenus,
1874 2001 1940 2031 biis
1959 2010 2023 2031 non
2040 2001 2261 2037 obstantibus,
2276 2001 2313 2031 in

1303 2064 1403 2085 causa
1421 2055 1514 2094 juxta
1532 2055 1672 2084 formam
1695 2054 1852 2092 predictis
1874 2054 2223 2093 Rothomagenjsibus]
2246 2058 2313 2084 tra-

1304 2107 1406 2137 ditam
1424 2106 1620 2145 procedatis.
1638 2106 1731 2143 Quod
1748 2106 1776 2136 51
1793 2106 1878 2136 dicte
1896 2106 2029 2135 mulieri
2047 2106 2314 2136 excommunica-

1304 2161 1428 2190 tionem
1447 2160 1604 2199 ol)jecerit
1619 2168 1695 2198 pars
1713 2159 1869 2194 adversa,
1893 2168 1933 2189 ne
1955 2168 2146 2197 processum
2167 2163 2315 2189 vestrum

1305 2213 1459 2252 impediri
1480 2213 1660 2251 contingat,
1679 2222 1753 2242 cum
1772 2212 1899 2242 diutius
1917 2212 1960 2241 sit
1980 2212 2052 2250 ipsa
2070 2212 2207 2249 fatigata
2223 2211 2315 2242 labo-

1306 2266 1398 2296 ribus
1413 2271 1443 2296 et
1461 2266 1630 2304 expensis,
1650 2270 1680 2296 et
1697 2266 1866 2303 negotium
1882 2265 2025 2303 longiori
2044 2269 2187 2303 tempore
2207 2273 2316 2303 proro-

1307 2323 1439 2356 gatum,
1468 2328 1545 2354 vos,
1575 2319 1614 2348 ab
1643 2328 1681 2349 ea
1708 2318 1887 2348 sufficienti
1915 2318 2069 2347 cautione
2100 2322 2230 2356 recepta
2258 2326 2317 2356 pro

1308 2371 1429 2407 dubiis,
1452 2376 1482 2401 et
1498 2381 1555 2410 pro
1571 2371 1760 2401 manifestis
1777 2371 1931 2405 emenda,
1953 2370 2172 2400 absolutionis
2191 2371 2317 2401 benefi-

1309 2424 1395 2453 cium
1412 2424 1611 2463 impendatis
1629 2424 1746 2459 eidem,
1765 2424 1799 2453 in
1816 2433 1916 2453 causa
1931 2423 2170 2454 nichilominus
2186 2432 2320 2462 proces-

1310 2477 1391 2506 suri.
1409 2477 1503 2514 Quod
1519 2477 1547 2507 si
1564 2486 1630 2507 non
1646 2486 1760 2507 ornnes
1778 2481 1838 2507 etc.
1857 2478 1931 2507 Dat.
1953 2481 1986 2506 nt
2006 2486 2116 2515 supra.
2136 2489 2149 2503 ι)

1383 2690 1503 2718 2660
1890 2691 2026 2722 Ρο1·0050,
2043 2690 2075 2716 21
2089 2689 2154 2724 juin
2170 2689 2249 2716 1235.

1349 2751 1490 2779 Ministro
1515 2755 1543 2779 et
1570 2752 1703 2779 eremitis
1724 2752 1759 2779 de
1779 2751 1969 2786 Montan[a]²
1988 2752 2095 2785 Nigra,
2118 2751 2323 2778 Antiochenae

1313 2800 1468 2833 dioecesis,
1490 2801 1674 2835 petentibus,
1697 2801 1775 2828 beati
1796 2801 1953 2828 Benedicti
1973 2801 2104 2834 regulam
2128 2803 2156 2827 et
2177 2799 2325 2834 regularia

1349 2927 1368 2950 1.
1386 2930 1435 2952 Ms.
1453 2937 1459 2951 :
1476 2927 1660 2951 observando.

1347 2970 1369 2993 2.
1387 2971 1516 2994 Montana
1532 2979 1566 2995 ou
1582 2972 1737 2995 Montanae.
