2519 3518
117 297 173 328 413

114 368 179 393 erat
194 367 322 397 taxatus,
339 367 463 391 vacante
479 363 654 398 praebenda,
668 378 698 381 —
715 364 831 390 studeat
845 363 971 390 irritare.
986 378 1015 381 —-
1031 363 1117 393 (Res.

116 413 165 446 18,
183 415 202 440 f.
219 413 271 440 167
285 416 323 445 r⁰;
340 421 409 439 ann.
424 412 463 445 X,
478 420 502 439 c.
520 412 594 443 119.)

159 526 171 541 «
193 537 212 542 ..
229 514 454 551 archiepiscopo
474 514 701 542 Mediolanensi.
724 512 871 542 Dilectus
894 512 982 541 tilius
1008 535 1026 540 ..
1047 521 1121 550 prc-

117 566 244 606 positus
257 566 295 596 de
313 566 415 596 Dexio
426 583 474 594 —.
492 566 565 595 Dat.
582 566 781 599 Interamne,
795 565 905 594 idibus
917 565 1016 603 junii,
1035 573 1121 593 anno

117 620 256 650 decimo.
278 632 289 645 »

189 797 305 825 3¹95

156 861 264 893 Regem
284 860 462 886 Francorum
483 863 561 892 rogat
585 861 729 893 qnatenus
745 858 781 885 ab
802 858 1025 893 impugnatione
1048 858 1122 891 regis

119 909 282 941 Navarrae,
295 909 411 935 comitis
424 908 616 942 Campaniae,
630 907 824 941 crucesignati
843 911 869 934 et
886 907 1009 934 aliorum
1028 915 1124 934 cruce-

121 957 303 991 signatorum
321 957 454 989 desistat,
472 960 500 983 et
517 965 616 991 pacem
632 957 661 983 in
677 965 764 990 regno
777 964 827 982 suo
844 960 950 988 servet,
965 958 995 982 ut
1011 955 1125 989 negotio

121 1005 228 1032 Terrae
244 1005 371 1032 Sanctae
386 1005 602 1032 subveniretur.
619 1020 649 1023 —
671 1006 758 1036 (nm.
780 1004 823 1037 18,
840 1006 858 1031 f.
876 1004 926 1031 167
943 1008 979 1036 r‘';
994 1013 1063 1031 ann.
1086 1005 1124 1036 X,

121 1063 146 1081 c.
160 1054 227 1087 120;
241 1069 272 1073 —
287 1054 419 1082 Monimo
432 1054 512 1087 1191,
526 1056 544 1080 i.
556 1054 606 1086 79;
621 1069 651 1072 —
666 1054 820 1081 Pommr
830 1054 927 1085 10194,
937 1054 1006 1085 salso
1022 1054 1123 1084 initio.)

727 797 826 829 Tertii,
843 796 875 823 18
890 797 955 830 juin
972 796 1050 822 1236.

164 1168 177 1183 α
198 1179 217 1185 ..
237 1157 354 1185 illustri
372 1157 435 1193 reyi
452 1157 592 1185 Francie.
611 1155 656 1190 Si,
678 1155 766 1185 velut
782 1155 949 1193 cipressus
962 1155 997 1183 in
1014 1158 1124 1184 monte

122 1209 214 1247 Syon
231 1208 315 1238 etin
340 1208 466 1237 Libano
489 1208 606 1237 cedrus
627 1207 805 1242 extollitur,
834 1207 881 1236 sic
902 1215 996 1245 reges
1019 1211 1049 1236 et
1072 1216 1125 1236 re-

123 1269 224 1299 gnum
241 1261 378 1291 Francic
395 1269 413 1290 a
429 1261 569 1290 Domino
584 1269 641 1298 pre
656 1260 774 1289 ceteris
790 1259 901 1297 regnis
919 1264 949 1289 et
966 1259 1125 1297 principi-

123 1314 185 1343 bus
202 1313 398 1348 exaltantur,
411 1313 445 1342 id
456 1322 493 1343 ea
507 1313 634 1342 ratione
646 1312 811 1342 credimus
828 1312 911 1347 fieri,
927 1316 962 1341 ut
978 1312 1126 1350 ipsorum

123 1366 321 1401 ministerio,
338 1374 396 1403 per
414 1374 494 1404 quos
511 1365 613 1394 multa
634 1365 706 1394 sine
729 1364 978 1394 intermissione
1005 1365 1126 1393 carita—

124 1419 166 1449 tis
182 1428 280 1458 opera
297 1419 448 1448 novimus
465 1418 622 1452 exerceri,
641 1418 726 1446 sicut
742 1417 914 1451 hactenus,
931 1417 978 1446 sic
998 1421 1027 1446 et
1051 1426 1126 1454 per-

123 1477 221 1511 petuo
241 1472 421 1502 honoretur
443 1470 606 1505 Ecclesia,
629 1475 660 1500 et
687 1471 787 1500 Terra
811 1470 941 1504 Sancta,
965 1479 1028 1508 que
1050 1469 1126 1500 illo-

124 1534 196 1556 rum
218 1525 326 1555 studio
349 1524 413 1554 alia
436 1524 506 1554 vice
532 1524 570 1554 de
595 1523 749 1553 manibus
781 1524 989 1561 Paganorum
1019 1523 1126 1553 extitit

121 1583 228 1613 eruta,
246 1578 386 1616 gaudeat
408 1577 528 1608 iterum
546 1577 724 1607 eorundem
746 1576 869 1606 auxilio
895 1576 934 1605 ab
955 1577 1126 1614 Agareno-

123 1640 197 1662 rum
213 1630 483 1670 oppressionibus
504 1630 655 1660 liberata.
681 1631 750 1660 Hoc
767 1634 875 1659 autem
900 1630 1045 1660 ostendit
1067 1629 1126 1659 illa

124 1683 171 1713 tui
186 1683 280 1721 regni
301 1691 476 1712 numerosa
495 1682 589 1711 turba
606 1681 765 1716 fidelium,
785 1690 859 1720 que,
887 1681 1049 1711 divinitus
1072 1682 1125 1710 in-

122 1736 259 1775 spirata,
273 1744 319 1770 se,
335 1735 442 1765 cruc-is
459 1739 628 1773 assumpto
645 1734 827 1772 signaculo,
842 1734 882 1763 ad
894 1735 993 1764 Terre
1007 1734 1126 1764 Sancte

123 1797 318 1820 succursum
336 1788 525 1827 apparatius
541 1797 597 1826 pre
612 1788 740 1818 cunctis
757 1788 899 1825 accingit
916 1792 1001 1817 terre
1018 1788 1127 1818 catho-

124 1842 211 1877 licis,
231 1842 284 1872 sui
300 1841 474 1872 vendicare
493 1842 686 1872 desiderans
708 1841 866 1880 injuriam
884 1841 1125 1879 Redemptoris.

125 1895 243 1934 Igitur,
264 1894 314 1924 fili
333 1895 525 1931 karissime,
554 1895 714 1933 gaudeas,
739 1899 785 1929 et,
810 1895 1057 1932 crucesignatos
1077 1896 1128 1924 fa-

123 1956 203 1978 vore
218 1948 310 1986 regio
322 1952 509 1986 protegens,
523 1948 559 1977 in
573 1947 687 1977 eodem
700 1956 802 1985 regno
814 1947 992 1985 quicquam
1003 1947 1129 1977 moveri

126 2001 326 2032 turbationis
348 2005 403 2030 aut
427 2000 575 2030 scandali
597 2008 663 2029 non
685 1999 868 2038 permittas,
890 2008 946 2037 per
963 1999 1050 2038 quod
1071 1999 1128 2029 bo-

127 2062 207 2083 num
229 2053 330 2083 totius
353 2053 513 2083 catholice
535 2053 613 2083 fidei
636 2057 667 2082 et
687 2053 786 2082 Terre
808 2052 953 2090 predicte
976 2051 1129 2082 liberatio

127 2105 234 2136 valeat
249 2105 415 2144 impediri,
433 2114 474 2136 ne
493 2114 567 2143 spes
582 2114 703 2143 magna
721 2104 833 2142 gaudii
853 2113 917 2142 que
937 2113 994 2142 per
1016 2113 1130 2134 cruce-

126 2159 275 2197 signatos
291 2158 423 2188 eosdem
439 2158 478 2188 ab
495 2158 573 2188 orbe
591 2162 658 2188 toto
674 2157 870 2195 concipitur,
891 2157 939 2187 eis
957 2157 996 2186 ab
1012 2157 1130 2196 hujus-

126 2211 216 2242 modi
237 2211 404 2250 proposito
426 2210 614 2246 retardatis,
635 2210 670 2240 in
695 2209 860 2248 generalis
885 2209 1007 2239 doloris
1031 2209 1131 2240 dissi-

127 2264 221 2294 dium
241 2268 461 2295 convertatur.
479 2264 614 2299 Verum,
637 2272 722 2298 cum,
747 2263 832 2293 sieut
852 2262 984 2299 dicitur,
1009 2267 1131 2293 terram

129 2317 296 2347 carissimi
311 2317 346 2346 in
362 2316 495 2348 Christo
511 2316 573 2345 filii
589 2316 695 2346 nostri
713 2338 732 2345 ..
750 2315 838 2354 regis
856 2316 1015 2350 Navarre,
1033 2316 1131 2345 comi-

128 2371 172 2400 tis
193 2369 389 2408 Campanie,
415 2369 489 2408 qui,
520 2368 628 2399 crucis
664 2368 836 2406 signaculo
864 2368 1064 2406 insignitus,
1095 2368 1130 2398 in

127 2422 278 2453 crucifixi
308 2422 482 2452 servitium
515 2421 681 2460 proficisci
717 2421 884 2459 proponit,
920 2421 1130 2460 proposueris

127 2476 336 2515 impugnare,
355 2483 492 2514 nosque,
510 2474 549 2504 de
565 2474 708 2504 fratrum
725 2478 913 2504 nostrorum
934 2478 965 2504 et
983 2474 1131 2504 omnium

129 2527 331 2567 prelatorum
347 2531 424 2557 tunc
441 2526 528 2565 apud
544 2526 662 2557 sedem
677 2525 901 2564 Apostolicam
918 2526 1132 2556 existentium

126 2581 280 2617 consilio,
297 2580 489 2611 duxerimus
508 2579 731 2614 statuendum,
748 2583 782 2608 ut
799 2588 859 2617 pax
873 2583 929 2609 aut
945 2584 1059 2618 treuge
1074 2589 1132 2618 per

129 2638 234 2664 totum
258 2633 370 2663 orbem
395 2637 560 2663 terrarum
582 2631 699 2662 saltem
719 2640 776 2670 per
797 2631 1054 2670 quadriennium
1074 2632 1132 2662 ob-

128 2690 314 2721 serventur,
332 2686 380 2716 eis
394 2685 451 2724 qui
467 2685 632 2715 contraire
648 2684 922 2722 presumpserint,
945 2684 985 2714 ad
1000 2684 1035 2713 id
1055 2693 1133 2715 cen-

129 2748 210 2769 sura
233 2738 459 2769 ecclesiastica
482 2736 718 2776 compellendis
737 2746 743 2765 :
768 2737 982 2766 serenitatem
1007 2737 1134 2775 regiam

130 2800 284 2830 rogamus
298 2801 357 2830 per
375 2791 602 2830 aspersionem
617 2789 792 2828 sanguinis
811 2789 917 2820 Jhesu
935 2789 1072 2825 Christi,
1097 2790 1133 2819 in

130 2844 361 2875 remissionem
386 2844 446 2874 tibi
467 2843 696 2883 peccaminum
718 2843 932 2882 injungentes
957 2847 1132 2881 quatenus,

132 2905 174 2927 ne
190 2901 280 2927 tanta
298 2898 397 2927 Terre
421 2897 540 2928 Sancte
559 2897 700 2936 jactura.
721 2904 784 2935 que
805 2900 937 2934 propter
957 2895 1029 2930 hoc,
1048 2896 1135 2934 quod

131 2949 236 2979 absit!
253 2954 361 2988 posset
386 2950 588 2987 contingere,
611 2949 649 2979 de
666 2949 732 2978 tuis
754 2948 909 2978 manibus
933 2943 1134 2986 requiratur,

976 289 1161 326 mxli-mn
1183 295 1341 324 ANNEE.

2146 293 2201 322 4¹4

1203 370 1219 389 a
1242 360 1360 398 prefati
1385 360 1471 397 regis
1495 365 1523 389 et
1549 360 1687 389 aliorum
1711 360 2014 397 cruc-:signatorum
2032 361 2201 399 impugna-

1204 413 1290 442 tione
1314 413 1488 442 desistens.
1517 423 1627 450 paceni
1654 413 1685 441 in
1714 418 1767 441 tuo
1794 422 1892 447 ref-'no
1915 422 2067 451 procures
2093 414 2203 443 taliter

1203 466 1286 495 fieri.
1305 465 1391 504 qnod
1408 470 1437 495 ct
1455 465 1561 495 crucis
1580 466 1746 503 negotium
1772 465 1875 495 valeat
1897 467 2091 503 prornovuri,
2115 471 2143 496 et
2170 472 2202 495 tu

1204 528 1240 548 ex
1258 518 1318 548 hoc
1333 518 1429 548 Illum
1443 519 1600 548 merearis
1614 519 1733 548 babere
1748 519 1935 556 propitium.
1953 519 2008 557 qui
2025 528 2082 557 pro
2098 519 2203 548 saluts:

1205 576 1259 601 tua
1275 576 1305 601 et
1327 572 1426 601 totius
1449 571 1585 601 lnunani
1609 572 1739 609 generis
1762 572 1794 601 in
1815 572 1894 608 lig-'ni
1916 572 2063 610 patibulo
2080 573 2203 611 proprii

1205 624 1362 653 sustinuit
1387 624 1531 662 corporis
1556 624 1748 653 cruciatum.
1776 625 1847 653 Dat.
1875 625 2078 655 interamne.
2103 625 2202 654 XIIII

1204 676 1360 706 kalendas
1374 677 1462 715 julii.
1481 686 1568 706 anno
1584 677 1721 706 decimo.
1743 690 1753 702 n

1241 807 1344 830 3196.
1363 818 1389 820 —
1409 804 1439 829 111
1461 803 1585 829 eundem
1604 805 1662 829 iere
1680 804 1796 829 moduni
1817 825 1833 829 ..

1208 853 1292 877 matri
1307 853 1447 877 carissimi
1467 853 1494 877 ιή
1515 852 1621 877 Christo
1642 853 1696 884 filii
1711 854 1798 877 ntstri
1815 871 1833 878 ..

1853 805 1942 835 rryinc
1960 804 2071 829 [francio
2090 804 2205 835 illustri,

1852 853 1969 878 illustris
1992 854 2061 885 rfyis
2084 854 2206 883 francic,

1206 909 1296 934 usque
1314 909 1319 927 :
1343 901 1522 935 promoveri,
1538 901 1634 927 verbis
1649 904 1848 935 cotiiswtentet·
1866 902 1996 928 mutatis.
2014 902 2086 929 Ean}
2109 903 2207 929 borta-

1207 952 1253 975 tur
1267 953 1411 982 quatenus
1428 949 1520 975 filium
1540 958 1622 975 suum
1642 950 1676 975 :nl
1696 950 1722 976 ici
1742 950 1871 976 inducat.

1241 1073 1393 1096 3¹91—
1416 1070 1447 1096 In
1471 1070 1595 1095 eundem
1622 1072 1679 1096 tere
1704 1071 1820 1097 tutulum
1841 1093 1858 1096 ..
1883 1072 2045 1104 [viriacus-i,
2069 1092 2086 1097 ..
2115 1072 2210 1104 Linqu-

1206 1119 1285 1143 nensi
1299 1120 1322 1142 et
1338 1137 1356 1143 ..
1373 1117 1571 1144 silvanectensi
1592 1120 1734 1151 episcopis,
1751 1123 1774 1144 ce
1792 1139 1809 1144 ..
1830 1120 1922 1144 abbati
1937 1120 2147 1148 claret-attensi.
2164 1129 2210 1148 us-

1207 1175 1262 1200 que
1287 1166 1317 1192 in
1342 1167 1446 1199 finem,
1471 1169 1501 1192 ut
1527 1167 1556 1192 in
1582 1167 1692 1200 prima.
1717 1167 1834 1194 verbis-¹
1860 1169 1991 1195 mutatis.
2014 1168 2063 1195 Eis
2090 1169 2210 1195 mandat

1207 1218 1351 1248 quatenus
1368 1223 1463 1247 regem
1486 1215 1628 1241 Franciae
1645 1215 1681 1241 ad
1701 1224 1801 1249 pacem
1825 1225 1873 1242 svn
1891 1220 2040 1248 treuguam
2064 1226 2129 1243 rum
2148 1226 2212 1250 rege

1207 1263 1358 1290 Navarrae
1375 1263 1519 1289 ineundas
1534 1263 1690 1295 inducant,
1706 1264 1852 1298 alioquin,
1871 1265 2038 1298 hujusmodi
2057 1266 2210 1292 materiam

1207 1312 1352 1344 scandali,
1369 1315 1395 1338 et
1413 1320 1450 1338 an
1470 1312 1549 1338 idem
1570 1312 1787 1339 rexlNax'ar-rae
1802 1313 1881 1339 dit-11»
1898 1313 1955 1346 regi
1975 1314 2115 1340 Franciae
2128 1314 2212 1347 juxta

1207 1360 1289 1393 regni
1311 1360 1553 1387 consuet-udinem
1576 1361 1744 1387 satisfacere
1767 1364 1840 1387 esset
1863 1365 1995 1395 paratus.
2014 1362 2212 1395 inquirentes.

1209 1409 1284 1442 quod
1301 1417 1388 1443 super
1409 1410 1461 1435 hoc
1483 1409 1669 1436 invenerint.
1694 1410 1749 1443 ipsi
1775 1418 1865 1443 papae
1888 1410 2060 1437 rescribant.
2077 1425 2107 1428 —
2125 1411 2213 1438 (Por-

1207 1465 1302 1484 THAST
1316 1457 1426 1488 10193.)

1278 1643 1399 1671 3198
1821 1645 2142 1679 Turni.16jrin1236.

1244 1706 1406 1738 Mauricio,
1430 1706 1592 1739 justitiario
1616 1706 1792 1735 Hiberniae.
1816 1707 1962 1741 significat
1987 1717 2017 1734 se
2042 1709 2214 1735 confirmare

1208 1755 1397 1782 amicabilem
1429 1755 1671 1789 compositionem
1695 1764 1768 1789 quae
1794 1755 1871 1782 inter
1897 1757 1993 1791 ipsun]
2020 1760 2047 1783 et
2073 1758 2212 1791 quosdam

1209 1805 1351 1831 vassallos
1370 1804 1445 1837 regis
1468 1805 1609 1837 Angliae‚
1627 1813 1661 1831 ex
1677 1813 1734 1831 una
1757 1808 1849 1839 parte,
1865 1809 1891 1831 et
1907 1804 2099 1840 GJilbertum]
2116 1806 2214 1833 Mare-

1209 1853 1350 1885 scalcum,
1372 1852 1511 1879 comitem
1533 1853 1762 1885 Pembrochum,
1786 1854 1906 1887 ejusque
1924 1855 2041 1886 fratres,
2059 1863 2094 1881 ex
2110 1856 2213 1887 altera,

1209 1901 1420 1928 intervenerat.
1444 1916 1474 1919 —
1493 1901 1579 1931 (Rau.
1605 1901 1652 1933 18,
1682 1903 1701 1927 1.
1726 1901 1777 1928 16Τ
1803 1906 1848 1932 v0z
1870 1911 1939 1929 ann.
1963 1903 2006 1930 X.
2033 1913 2057 1929 e.
2084 1903 2154 1935 121;
2182 1918 2212 1922 —

1209 1951 1247 1976 cf.
1263 1956 1358 1982 supra,
1371 1957 1399 1975 n.
1416 1949 1486 1975 2599
1501 1952 1529 1975 et
1544 1949 1637 1980 2642.)

1253 2062 1265 2075 «
1285 2050 1385 2079 Nobili
1404 2050 1468 2078 viro
1485 2050 1835 2087 Mauricio,justitiario
1852 2052 1979 2080 Ihcrnie.
1998 2052 2042 2081 Ea
2059 2052 2216 2091 quejudi-

1211 2102 1262 2132 cio
1278 2119 1326 2130 —.
1342 2101 1498 2132 Exhibita
1515 2102 1680 2140 siquidem
1698 2103 1793 2132 nobis
1814 2108 1867 2133 tua
1889 2104 2004 2142 petitio
2025 2105 2215 2135 continebat

1212 2156 1309 2195 quod,
1336 2164 1411 2185 cum
1431 2155 1596 2194 quondam
1617 2155 1826 2195 R[iccardus]
1851 2157 2083 2192 Marescalcus,
2107 2167 2215 2188 comes

1212 2208 1448 2243 Pembrochus,
1474 2217 1626 2245 guerram
1650 2209 1805 2239 movisset
1828 2210 2000 2239 carissimo
2024 2210 2057 2240 in
2084 2211 2217 2242 Christo

1211 2261 1281 2290 filio
1298 2265 1409 2290 nostro
1427 2284 1448 2289 ..
1466 2260 1590 2291 illustri
1608 2261 1676 2299 regi
1696 2261 1826 2299 Aug-die,
1844 2263 1937 2301 cnjus
1954 2263 2116 2293 vassallus
2136 2264 2218 2294 exis-

1211 2313 1266 2349 tis,
1284 2318 1326 2348 te,
1342 2322 1416 2343 cum
1431 2313 1585 2343 omnibus
1603 2314 1849 2353 coadjutoribus
1863 2315 1940 2350 tuis,
1958 2316 2111 2346 vassallis
2128 2318 2216 2355 regis

1213 2366 1371 2405 ejusdem,
1388 2366 1473 2396 dicto
1490 2367 1603 2396 comiti
1619 2372 1814 2405 opponente,
1827 2373 1899 2406 post
1914 2369 2027 2406 gravia
2044 2369 2217 2408 dispendia

1213 2428 1276 2458 que
1292 2420 1465 2450 occasione
1482 2419 1673 2459 hujusmodi
1697 2421 1898 2457 acciderunt,
1923 2422 2011 2452 idem
2034 2432 2142 2453 comes
2163 2433 2216 2453 oc—

1213 2472 1328 2502 cubuit
1343 2472 1378 2502 in
1395 2473 1561 2502 conflictu.
1576 2474 1712 2508 Verum,
1731 2483 1805 2503 cum
1822 2475 1910 2504 inter
1922 2479 1950 2504 te
1964 2485 1999 2505 ac
2012 2476 2217 2515 coadjutores

1214 2525 1356 2561 eosdem,
1375 2534 1412 2555 ex
1428 2531 1520 2564 parte
1536 2535 1613 2561 una,
1630 2531 1661 2556 et
1678 2526 1805 2556 nobiles
1820 2527 1908 2557 viros
1922 2527 2133 2567 G[ilbertum]
2148 2530 2218 2558 Ma-

1213 2577 1411 2613 rescalcum,
1439 2579 1593 2608 comitem
1620 2579 1878 2609 Pembrochum.
1910 2589 1945 2609 ac
1980 2580 2062 2610 alios
2097 2581 2218 2612 fratres

1213 2630 1318 2665 illius,
1342 2639 1379 2660 ex
1403 2630 1479 2660 alia.
1505 2635 1636 2669 propter
1657 2631 1716 2660 hoc
1734 2636 1843 2661 essent
1866 2631 2042 2662 inimicitie
2061 2633 2217 2671 capitales

1214 2687 1336 2718 exorte,
1354 2683 1497 2719 tandem,
1515 2684 1620 2721 gratia
1638 2688 1832 2722 cooperante
1850 2684 1960 2714 divina
1982 2690 2011 2715 et
2033 2686 2129 2715 dictis
2149 2687 2218 2716 sra-

1215 2736 1322 2766 tribus
1349 2746 1383 2766 se
1408 2737 1582 2766 clementie
1604 2737 1693 2774 regie
1716 2737 2006 2772 submittentibus,
2031 2738 2116 2768 dicto
2141 2748 2216 2777 rege

1216 2796 1277 2818 nec
1289 2797 1354 2818 non
1367 2789 1567 2827 quibusdam
1579 2788 1654 2818 aliis
1667 2789 1829 2826 episcopis
1843 2798 1878 2818 ac
1892 2789 2059 2819 nobilibus
2074 2791 2217 2821 median-

1250 2913 1270 2936 1.
1288 2913 1338 2936 Les
1355 2916 1424 2937 mots
1440 2920 1445 2936 :
1465 2922 1474 2935 (ι
1493 2913 1583 2936 abbati
1600 2912 1794 2937 Clarevatteusi

1216 2956 1298 2980 d'une
1313 2958 1477 2981 correction.

1856 2914 1941 2943 prima
1954 2915 2044 2938 verbis
2058 2923 2071 2937 »
2085 2916 2218 2940 resultent
