2423 3487
146 292 214 319 11⁸3
865 283 1100 314 arausinas
1124 280 1177 309 DE
1200 272 1421 309 GREGOIRE
1447 281 1503 309 ix.
2163 275 2234 304 1184

141 357 276 386 ·.»c1·1··>ia
295 364 359 384 nou
376 359 540 392 grantur,
556 362 629 382 cum
650 361 713 381 non
734 351 844 380 minus
865 349 1076 387 provideatur
1094 355 1144 375 re-

141 408 274 446 sipienti
292 407 429 437 ecclesie
447 415 543 444 quam
562 409 702 442 recepto.
716 408 826 441 utpote
839 402 891 431 cui
907 402 945 431 de
958 401 1144 430 litterarum

142 461 290 491 scientia.
309 460 480 489 honestate
498 467 625 487 morum
643 462 671 487 et
692 456 864 486 nobilitate
884 454 1015 491 generis
1032 451 1146 481 lauda-

142 514 204 542 bile
228 512 452 541 testimonium
477 510 669 548 perhibetur
694 519 700 537 :
728 508 980 537 universitatem
1004 509 1145 534 vestram

141 570 262 595 alte-nu¹
278 564 454 602 rogandam
467 563 620 592 duximus
634 567 664 591 et
676 560 884 593 monendam,
902 568 957 596 per
968 556 1147 595 apostolica

141 619 232 648 vobis
250 618 370 655 scripta
388 616 580 645 mandantes
600 619 773 653 quatenus,
794 613 957 650 prefatum
976 610 1144 642 clericum,

142 671 314 701 ecelesiam
338 670 375 699 de
399 670 512 698 Deste.
536 676 633 706 quam
651 667 684 695 in
705 665 849 695 Eduensi
868 663 992 693 diocesi
1009 662 1146 695 obtinet,

143 724 311 759 resignare
329 726 489 760 paratum,
506 721 545 750 ob
564 719 784 749 reverentiam
802 716 989 755 Apostolice
1006 715 1100 745 Sedis
1118 719 1148 744 et

144 781 287 805 nostram
303 775 501 812 recipientes
514 773 642 802 ilariter
654 772 688 801 in
701 771 896 801 canonicum
910 769 985 799 etin
999 769 1146 801 fratrem,

144 828 207 857 sibi
228 827 360 857 stallum
378 827 411 856 in
431 827 529 856 choro
550 831 580 855 et
604 825 711 854 locum
734 824 768 852 111
792 822 935 861 capitulo
957 819 1146 858 assignetis,

144 882 248 911 eidem
274 882 312 910 de
339 880 514 919 prebenda,
542 879 568 908 si
595 883 688 907 vacat
712 877 751 907 ad
776 884 912 914 presens
934 874 1068 904 ibidem.
1098 872 1148 901 vel

144 944 242 973 quam
259 934 322 963 cito
340 942 454 962 vacare
473 931 658 969 contigerit,
678 929 861 959 liberaliter
877 927 1058 966 provisuri;
1083 934 1148 955 non

143 988 293 1017 obstante
310 991 432 1015 statuto
449 985 535 1024 quod
556 984 676 1013 habere
700 982 863 1012 dicimini.
885 981 924 1011 de
943 984 1031 1010 certo
1050 987 1149 1008 cano-

143 1041 292 1070 nicorum
310 1048 458 1069 numero.
469 1038 657 1076 juramento
670 1045 726 1065 seu
744 1035 810 1064 alia
824 1042 1031 1073 quacumque
1045 1031 1149 1060 tirmi-

143 1099 207 1123 tate
235 1092 366 1126 vallato,
391 1091 443 1121 vel
470 1091 497 1119 si
523 1090 615 1119 vobis
640 1098 696 1127 pro
720 1088 795 1117 aliis
818 1087 999 1116 direximus
1026 1084 1148 1122 scripta

143 1151 265 1176 nostra.
284 1145 404 1184 quibus
422 1153 479 1182 per
499 1147 668 1181 presentes
687 1141 814 1171 litteras
832 1140 985 1169 nolumus
1002 1137 1148 1176 prejudi-

143 1200 231 1229 cium
249 1198 412 1236 generari.
433 1196 590 1235 Alioquin
613 1195 729 1224 damus
749 1193 880 1223 dilectis
904 1192 983 1221 111115
1007 1214 1024 1220 ..
1047 1190 1148 1228 priori

143 1254 180 1283 de
211 1252 293 1282 Caro
327 1252 420 1285 Loro,
452 1248 684 1280 Cluniacensis
715 1246 860 1279 ordinis,
893 1243 1149 1275 Matisconensis

143 1305 295 1335 diocesis,
315 1309 345 1334 et
368 1327 386 1332 ..
414 1302 547 1332 officiali
574 1300 810 1331 Matisconensi
831 1298 954 1328 nostris
970 1297 1091 1326 litteris
1114 1296 1148 1325 in

144 1358 318 1391 mandatis,
337 1361 436 1386 utvos
450 1355 489 1385 ad
506 1355 549 1389 id,
567 1353 749 1383 monitione
765 1352 939 1390 premissa,
958 1359 1014 1388 per
1031 1358 1150 1379 censu-

144 1420 213 1440 ram
230 1409 500 1441 ecclesiasticam.
520 1407 585 1436 nisi
603 1405 800 1435 rationabile
823 1404 901 1443 quid
922 1403 1072 1437 obsistat,
1094 1411 1150 1440 ap-

144 1464 321 1502 pellatione
334 1466 467 1497 remota,
482 1459 692 1498 compellant.
709 1459 782 1488 Dat.
800 1457 965 1491 Laterani,
981 1457 1029 1486 111
1048 1464 1151 1485 nonas

146 1516 343 1551 novembris,
367 1524 452 1544 anno
470 1513 674 1543 duodecimo.
696 1524 708 1538 »

219 1700 336 1728 4640

185 1762 346 1790 Senonensi
369 1764 397 1788 et
415 1759 643 1793 Rothomagensi
666 1757 906 1792 archiepiscopis,
924 1759 951 1783 et
974 1756 1057 1782 fratri
1074 1755 1154 1781 Wil-

150 1813 248 1842 1611110,
265 1812 300 1837 116
314 1811 415 1837 ordine
429 1809 592 1840 Minorum,
610 1806 838 1842 paenitentiario
859 1814 920 1835 suo,
946 1804 1065 1831 mandat
1083 1812 1155 1837 qua—

666 1698 785 1729 Latran,
801 1696 817 1722 2
833 1695 986 1722 decembre
1003 1694 1082 1720 1238.

150 1865 234 1887 tenus
252 1860 407 1886 nonnullos
421 1859 456 1884 sle
477 1866 564 1891 regno
581 1856 733 1888 Franciae,
753 1855 802 1889 qui
824 1857 941 1889 propter
961 1856 1154 1882 senectutem,

150 1909 333 1935 debilitatem
350 1916 398 1933 seu
414 1906 618 1932 infirmitatem
639 1913 695 1930 11011
713 1906 830 1938 possent
844 1902 1037 1936 personaliter
1053 1905 1153 1927 votum

151 1957 269 1991 exsequi
286 1957 371 1990 quod.
389 1958 539 1989 assumpto
554 1954 647 1980 erneis
662 1953 754 1986 signo,
768 1952 803 1978 (le
817 1951 995 1978 transeundo
1007 1950 1037 1976 111
1050 1950 1156 1976 Terrae

152 2009 277 2033 Sanctae
291 2005 455 2031 subsidium
474 2004 643 2034 emiserant,
656 2011 670 2028 a
683 2004 750 2028 voto
762 2009 812 2027 suo
823 2000 989 2030 absolvant,
1003 1999 1043 2025 ita
1056 2003 1155 2025 tamen

151 2055 225 2089 quod
243 2054 287 2080 illi
305 2054 385 2088 prius
401 2054 518 2079 solvant
534 2052 563 2078 iu
581 2052 709 2085 ipsorum
728 2049 1016 2083 archiepiscoporum
1039 2050 1066 2074 et
1089 2055 1156 2081 pae-

153 2103 317 2130 nitentiarii
334 2102 469 2128 manibus
483 2101 636 2126 universas
650 2107 792 2133 expensas
806 2106 876 2131 quas
894 2100 989 2123 essent
1005 2096 1034 2122 in
1049 2095 1156 2127 eundo,

153 2151 292 2178 morando
311 2155 338 2177 et
361 2150 508 2176 redeundo
530 2148 647 2180 facturi,
669 2148 783 2174 «illam
810 2154 927 2172 suorum
951 2145 1155 2179 peccaminum

154 2209 166 2225 n
187 2200 403 2233 indulgentiam
423 2198 562 2227 habituri,
583 2206 637 2231 que
656 2196 879 2223 transeuntibus
905 2195 934 2220 in
957 2194 1049 2227 ipsius
1070 2194 1158 2219 Terre

155 2258 167 2273 >¹
190 2257 358 2275 suet-ursum
376 2248 403 2273 in
419 2246 547 2281 generali
565 2245 690 2272 coneilio
706 2247 748 2270 est
763 2252 900 2270 concessa.
914 2250 938 2268 1).
957 2257 987 2260 -—
1009 2242 1095 2271 (lino.
1113 2241 1157 2273 19,

156 2300 174 2324 t'.
192 2298 222 2324 61
241 2302 287 2328 1”’;
304 2296 455 2324 ι11111.ΧΙΙ,
473 2304 497 2321 e.
513 2295 579 2325 3·28;
598 2309 628 2312 —
651 2294 783 2320 MOREAU
804 2292 883 2319 1192.
907 2293 926 2318 l'.
943 2292 1009 2321 223:
1028 2306 1058 2308 —
1082 2291 1158 2317 POT-

155 2355 247 2374 THAST
264 2346 370 2375 10675.)

196 2459 208 2472 ι(
228 2469 248 2474 ..
266 2446 428 2475 senonensi
445 2450 470 2472 rt
489 2467 507 2472 ..
526 2440 1011 2479 Rolliotnayensiarchiepiscopis,
1027 2444 1052 2467 1¹!
1065 2440 1160 2475 fratri

161 2501 314 2529 tt'illvlmo,
327 2500 360 2527 ‹lt›
372 2499 477 2526 ordine
488 2499 621 2533 fratrum
636 2497 801 2530 Ailium-nm,
815 2493 1032 2531 pestilentior-io
1046 2497 1157 2519 nostro.

153 2554 245 2583 Cum.
271 2553 353 2581 sit-ut
382 2551 567 2588 accepimus
591 2566 638 2577 —,
667 2549 739 2577 Dat.
768 2545 934 2579 Laterani,
962 2546 1027 2574 IIII
1056 2554 1158 2573 nonas

153 2605 347 2636 decembris.
367 2614 452 2633 anno
469 2603 672 2632 duodecimo.
698 2615 708 2626 »

221 2795 331 2822 ⁴8⁴1

187 2856 415 2890 Art-hiepiscopo
433 2854 595 2881 Senonensi
613 2857 639 2880 et
656 2853 791 2887 episeopo
802 2851 1020 2879 Silvanectensi
1037 2851 1158 2877 mandat

154 2907 295 2938 quatenus
313 2903 466 2937 pecuniam
481 2911 567 2937 quam
584 2910 635 2928 rex
651 2902 829 2928 Francorum
844 2904 871 2927 et
885 2901 948 2934 eJ‘us
960 2899 1157 2934 progenitores

155 2962 171 2979 a
190 2952 307 2981 ,Iudaeis
327 2951 499 2983 habuerant,
524 2951 559 2977 ab
577 2950 677 2977 eodem
702 2958 768 2984 rege
792 2949 865 2984 ipsis
890 2947 1109 2982 archiepiscopo
1130 2950 1158 2974 et

650 2792 770 2822 Latran,
788 2790 822 2817 10
838 2790 992 2817 decembre
1007 2790 1085 2816 1238.

1225 345 1360 379 episeopo
1376 345 1554 379 assignatam
1579 346 1625 372 vel
1642 345 1862 377 assignandam,
1880 343 2039 374 Balduino,
2062 342 2161 369 heredi
2177 341 2235 368 im-

1227 394 1300 428 perii
1319 394 1481 420 Romaniae
1496 398 1523 420 et
1540 394 1641 420 comiti
1658 393 1851 425 Namucensi,
1866 393 2026 426 assignent.
2040 406 2071 410 ——
2087 392 2173 423 (Rae.
2190 390 2234 423 19,

1227 443 1246 468 1'.
1268 442 1302 468 62
1325 445 1364 473 r“;
1391 451 1460 468 ann.
1488 443 1554 471 XII.
1577 451 1601 468 e.
1626 442 1692 473 3293
1715 457 1747 459 —
1768 441 1900 468 Momm
1919 440 1998 472 1192,
2022 441 2042 467 f.
2065 440 2134 471 229;
2157 438 2234 470 1'b1'd.‚

1227 492 1246 516 t'.
1263 490 1331 521 234;
1346 505 1378 508 —
1393 492 1430 516 ef.
1447 498 1544 522 mma,
1562 499 1579 516 n
1609 490 1677 516 3899
1693 492 1722 516 et
1736 489 1828 520 4205.)

1270 603 1282 616 κ
1303 614 1322 619 ..
1343 591 1568 628 archiepiscopo
1583 591 1749 619 Senonensi
1765 595 1791 618 el
1809 612 1828 618 ..
1853 591 1986 627 episcopo
2003 589 2235 618 silvanectensi.

1228 644 1311 673 Cum
1327 643 1506 673 karissimo
1525 643 1560 672 in
1581 643 1714 673 Christo
1731 642 1799 672 filio
1816 647 1927 672 nostro
1944 640 2147 681 L[udovie0].
2168 641 2237 678 regi

1229 697 1430 726 Francorum
1455 695 1589 732 illustri,
1612 695 1804 725 duxerimus
1825 694 2071 725 concedendum
2088 699 2123 723 ut
2139 702 2238 732 pecu-

1230 749 1320 777 niam
1337 757 1435 787 quam
1447 749 1517 786 ipse
1535 753 1566 778 et
1582 748 1809 787 progenitores
1824 747 1895 786 ejus
1912 757 1930 776 a
1942 747 2059 778 Judeis
2074 751 2105 776 et
2119 746 2238 777 11111160-

1231 811 1302 831 rum
1319 802 1534 832 debitoribus,
1556 801 1612 840 qui
1630 810 1701 831 eam
1718 810 1756 831 ex
1773 800 1885 830 usuris
1903 800 2080 830 extorsisse
2097 799 2238 829 credun-

1231 859 1294 889 tur,
1305 854 1502 889 habuerant,
1517 860 1627 893 posset
1637 855 1670 883 in
1681 854 1865 884 subsidium
1878 853 2239 891 Constantinopolitani

1230 907 1362 945 imperii
1385 907 1564 938 destinare.
1590 908 1667 937 dum
1693 912 1802 937 tamen
1825 916 1880 937 eos
1904 907 2025 945 quibus
2049 906 2143 936 debet
2167 905 2239 936 fieri

1230 961 1408 990 restitutio.
1430 961 1581 991 invenire
1602 961 1765 999 nequiret,
1786 960 1945 998 vobisque
1967 959 2090 989 nostris
2108 958 2238 989 dederi-

1231 1023 1304 1044 mus
1321 1014 1442 1044 litteris
1461 1014 1495 1042 in
1510 1014 1684 1049 mandatis,
1703 1018 1738 1043 ut
1759 1013 1933 1051 pecuniam
1950 1013 2057 1050 ipsam
2075 1020 2179 1050 usque
2199 1011 2239 1041 ad

1231 1072 1380 1097 nostrum
1393 1067 1636 1104 beneplacitum
1650 1066 1828 1096 servaretis
1845 1066 2061 1095 :mandamus
2076 1069 2241 1104 quatenus

1230 1120 1404 1158 pecuniam
1429 1128 1528 1158 quam
1551 1119 1643 1149 vobis
1666 1119 1706 1148 ob
1726 1119 1760 1148 id
1786 1119 1872 1148 idem
1895 1127 1951 1148 rex
1979 1117 2161 1155 assignarit
2189 1117 2243 1147 vel

1231 1173 1361 1203 duxerit
1389 1172 1641 1210 assignandam,
1671 1172 1775 1202 nobili
1801 1172 1870 1202 viro
1899 1170 2099 1211 B[alduino].
2127 1170 2241 1200 heredi

1231 1226 1363 1264 imperii
1386 1225 1548 1256 Romanie
1568 1230 1597 1255 et
1619 1225 1731 1255 comiti
1752 1225 1967 1259 Namucensi,
1992 1224 2027 1253 in
2047 1223 2154 1262 ipsius
2179 1223 2242 1252 im-

1232 1279 1316 1317 perii
1332 1278 1555 1317 proficiscenti
1579 1287 1788 1312 succursum,
1811 1278 1939 1315 integre
1959 1277 2130 1315 assignare
2148 1285 2243 1306 cure-

1233 1334 1285 1362 tis.
1314 1333 1387 1362 Dat.
1413 1331 1579 1366 Laterani,
1600 1333 1668 1362 1111
1687 1332 1762 1361 idus
1781 1331 1982 1361 decembris.
2010 1339 2096 1360 anno
2120 1329 2243 1360 duode-

1234 1395 1330 1415 cimo.
1354 1398 1366 1412 »

1305 1570 1423 1598 4842
1757 1570 1877 1602 Latran,
1894 1569 1910 1596 8
1925 1569 2080 1596 decembre
2094 1568 2172 1595 1238.

1271 1632 1502 1666 Archiepiscopo
1519 1631 1658 1658 Remensi
1679 1631 1798 1658 mandat
1816 1634 1971 1665 quatenus,
1989 1645 2020 1648 —-
2038 1639 2094 1657 non
2111 1630 2246 1657 obstante

1237 1689 1372 1715 processu
1389 1680 1475 1707 electi
1495 1680 1691 1712 Cffloniensis,
1710 1680 1839 1706 nondum
1860 1679 2037 1711 confirmati,
2057 1679 2107 1712 qui
2124 1686 2247 1712 praepo-

1237 1730 1293 1756 sito
1313 1729 1456 1763 Aquensi,
1479 1738 1495 1755 a
1515 1728 1691 1763 quibusdam
1711 1729 1746 1755 de
1767 1728 1897 1762 capitulo
1914 1727 2069 1754 Leodiensi
2088 1727 2118 1754 in
2135 1727 2248 1761 episco-

1238 1787 1306 1812 pum
1332 1777 1526 1804 Leodienscm
1550 1778 1653 1808 eleeto,
1676 1778 1783 1803 fecerat
1805 1785 1912 1802 munus
1933 1776 2168 1802 confirmationis
2190 1775 2248 1802 im-

1238 1827 1341 1861 pendi,
1356 1841 1388 1844 —
1404 1827 1432 1852 in
1448 1826 1563 1859 negotio
1578 1825 1634 1852 sibi
1647 1825 1803 1851 commisso
1817 1833 1904 1858 super
1918 1824 2062 1851 electione
2075 1824 2204 1858 episcopi
2216 1823 2247 1850 in

1239 1876 1340 1902 eadem
1357 1875 1481 1902 ecelesia
1495 1875 1650 1902 Leodiensi
1667 1874 1813 1908 procedat,
1830 1874 1915 1907 juxta
1932 1873 2061 1907 priorum
2080 1873 2246 1899 litterarum

1238 1924 1274 1951 ad
1289 1925 1385 1958 ipsum
1401 1924 1580 1950 directarum
1596 1923 1825 1954 continentiam,
1840 1931 1873 1949 ac
1888 1923 2011 1955 nobiles,
2025 1921 2247 1952 ministeriales,

1239 1973 1468 2000 communitates
1485 1975 1513 1999 et
1527 1973 1627 1999 fideles
1641 1972 1771 2006 ejusdem
1790 1971 1930 1998 eeclesiae
1945 1974 2062 1997 moneat
2074 1973 2102 1997 et
2114 1970 2247 2002 inducat,

1239 2026 1277 2053 et,
1302 2022 1326 2048 si
1351 2030 1423 2055 opus
1446 2021 1546 2052 fuerit,
1572 2022 1730 2055 compellat
1756 2021 1791 2047 ad
1815 2020 2033 2047 defendendum
2061 2019 2196 2045 homines
2221 2021 2249 2045 et

1239 2071 1339 2097 fideles
1364 2070 1457 2104 ipsius
1482 2070 1632 2100 ecclesiae,
1659 2070 1708 2103 qui
1739 2069 1917 2096 sententiam
1944 2068 2134 2103 apostolicam
2162 2075 2249 2102 super

1240 2118 1370 2152 ejusdem
1386 2117 1539 2144 electionis
1556 2119 1671 2151 negotio
1688 2117 1834 2144 voluerint
1853 2120 2031 2151 exspectare.
2049 2131 2080 2134 —
2098 2117 2183 2148 (Rae.
2203 2115 2247 2148 19,

1240 2168 1260 2193 t'.
1280 2167 1313 2193 62
1328 2170 1367 2197 r⁰;
1386 2175 1455 2193 ann.
1471 2167 1539 2199 XII,
1554 2175 1578 2193 c.
1599 2166 1664 2198 330;
1682 2182 1715 2184 —
1731 2165 1958 2197 Monmc1192,
1982 2167 2002 2192 f.
2023 2165 2092 2197 ‘226;
2111 2180 2142 2183 —
2162 2165 2187 2192 J.
2213 2165 2247 2191 P.

1241 2216 1371 2248 Kmscu,
1398 2216 1448 2240 llas
1471 2215 1605 2240 tmesi-lter
1625 2215 1749 2240 Schisma
1769 2222 1826 2240 rom
1849 2214 1932 2239 ,lutere
1955 2214 2038 2244 1233,
2058 2214 2087 2241 in
2113 2213 2249 2239 [liimt'sr-he

1242 2264 1458 2296 Quartalsu·l1rz'st
1478 2266 1516 2288 etc·
1532 2285 1538 2295 ‚
1563 2266 1583 2290 t.
1606 2264 1645 2290 111
1670 2263 1772 2295 (1889),
1799 2272 1826 2297 p.
1849 2263 1910 2295 189,
1935 2266 1963 2289 n‘¹
1985 2263 2015 2294 2;
2036 2277 2067 2280 —
2089 2264 2126 2289 01.
2152 2270 2247 2295 supra,

1242 2318 1270 2340 11·’
1284 2313 1376 2343 4587.)

1283 2427 1295 2440 «
1324 2437 1343 2442 ..
1368 2415 1592 2452 archiepiscopo
1615 2415 1761 2443 erensi.
1790 2412 1960 2443 Intellecto
1987 2412 2083 2451 quod,
2111 2412 2250 2442 ecclesia

1243 2467 1418 2497 Leodiensi
1449 2472 1596 2501 vacante,
1625 2467 1733 2495 divisa
1758 2470 1869 2496 essent
1896 2470 1969 2495 vota
1993 2464 2188 2502 eligentium
2217 2465 2251 2494 in

1241 2520 1383 2550 diversa.
1405 2525 1436 2550 et
1457 2525 1587 2558 propter
1606 2519 1665 2549 hoe
1688 2519 1728 2549 ad
1748 2524 1893 2549 nostram
1913 2518 2118 2548 audientiam
2141 2518 2252 2557 appel-

1242 2573 1355 2607 latum,
1375 2582 1445 2607 nos,
1463 2573 1645 2611 cupientes.
1672 2577 1767 2610 prout
1793 2572 1932 2601 interest
1954 2576 2075 2605 nostra,
2101 2571 2252 2609 indemp-

1242 2626 1339 2655 nitati
1356 2625 1502 2664 ejusdem
1526 2625 1665 2655 ecclesie
1682 2633 1867 2663 precavere,
1892 2623 2022 2653 dilectis
2041 2623 2120 2653 tiliis
2140 2647 2160 2652 ..
2178 2632 2250 2661 pre-

1242 2679 1358 2717 posito,
1381 2702 1402 2707 ..
1428 2679 1552 2708 decano
1580 2683 1611 2708 et
1638 2677 1791 2716 capitulo,
1820 2687 1856 2707 ae
1880 2677 2048 2707 universis
2071 2676 2250 2710 nobilibus,

1241 2731 1520 2761 ministerialibus
1541 2735 1571 2760 et
1597 2730 1892 2760 communitatibus
1916 2729 2070 2759 fidelibus
2093 2729 2177 2759 dicte
2199 2738 2252 2759 ec-

1241 2784 1341 2814 clesie
1364 2794 1421 2822 per
1443 2784 1572 2814 litteras
1595 2788 1724 2813 nostras
1743 2783 1933 2813 curavimus
1955 2782 2140 2811 districtius
2160 2781 2252 2811 inhi-

1240 2837 1328 2871 bere,
1347 2846 1388 2866 ne
1411 2841 1518 2866 castra
1541 2841 1572 2867 et
1594 2836 1798 2866 munitiones
1815 2835 1932 2873 ipsius,
1951 2834 2054 2864 donec
2077 2834 2250 2864 electionis

1240 2889 1409 2927 negotium
1428 2898 1486 2928 per
1503 2889 1620 2919 Sedem
1644 2888 1867 2927 Apostolicam
1888 2887 1989 2917 finem
2010 2886 2158 2917 debitum
2180 2896 2250 2917 sor-

1242 2942 1352 2978 tiatur,
1385 2942 1485 2972 alicui
1517 2942 1662 2980 partium
1692 2942 1863 2980 assignare
1891 2944 2106 2979 presumant,
2134 2940 2184 2971 vel
2211 2940 2249 2971 de
