2519 3518
85 314 141 344 121
925 307 1155 347 NEUVIEME
1177 308 1336 347 ANNEE.
2120 324 2173 353 122

82 383 118 410 et
134 379 278 410 sanioris
294 379 397 417 partis
413 384 595 410 conventus
611 380 834 411 coniventiam
853 385 883 411 et
904 389 1088 415 assensum,

86 432 128 462 ad
143 436 174 462 te
190 441 227 462 ac
242 432 326 462 bone
342 433 500 463 memorie
519 456 538 461 ..
557 433 745 463 Roffensem
759 434 947 472 episcopum
961 438 1090 463 nostras

81 484 214 515 litteras
225 485 462 522 impetrarunt;
476 485 544 520 sed,
559 485 689 515 tandem
707 494 803 515 snum
819 489 1090 523 recognoscentes

85 545 243 572 errorem,
254 537 378 567 reversi
389 537 428 567 ad
440 538 690 573 monasterium,
704 547 738 568 sc
749 538 975 568 misericordie
986 538 1090 576 ipsius

87 590 248 629 episcopi,
278 598 352 620 cum
382 589 458 620 aliis
489 590 661 620 monachis
686 591 742 629 qui
771 590 956 621 litterarum
986 591 1090 628 impe-

85 642 223 672 trationi
252 647 504 677 consenserant,
537 642 760 682 subjecerunt.
787 644 911 673 Verum
940 643 1090 680 magistri

82 695 258 726 Johannes
285 695 323 724 de
353 694 560 734 Kilkenn[ia]
589 700 619 725 et
647 695 804 725 Nicolaus
834 695 872 725 de
903 695 1089 735 XViltonUa]

86 747 248 782 advocati,
263 747 411 778 dicentes
425 747 489 777 sibi
503 757 521 777 a
537 747 664 777 dnobus
681 748 915 778 monachorum
931 749 1089 786 ipsorum,

86 801 145 839 qui
171 800 396 839 prosecutioni
423 809 521 830 cause
547 800 680 830 fuerant
707 800 746 830 ab
771 800 846 830 aliis
873 801 1030 838 deputati,
1060 804 1091 830 et

87 853 209 892 quibus
229 861 245 882 a
263 852 358 882 nobis
375 853 415 882 ad
431 852 491 882 hoc
507 853 681 883 extiterant
698 862 838 891 expense
857 853 996 888 decrete,
1014 862 1091 883 cen-

86 909 158 935 tum
174 905 294 943 viginti
312 914 497 935 marcarum
515 905 689 936 salarium.
708 915 764 943 pro
781 906 881 935 unius
898 906 976 935 anni
993 905 1092 935 advo-

88 957 218 988 catione
237 958 270 987 in
287 966 387 987 causa
403 958 562 996 predicta,
580 959 715 995 prestito
727 959 932 997 juramento,
952 958 1092 996 promis-

89 1019 174 1046 sum,
192 1010 378 1049 impetratis
394 1010 434 1040 ab
451 1019 562 1040 eorum
585 1010 686 1040 altero
703 1011 743 1040 ad
766 1034 785 1039 ..
810 1011 951 1049 priorem
974 1011 1092 1040 Sancte

88 1062 293 1093 Frideswide
311 1067 341 1092 et
357 1063 545 1102 conjudices
562 1072 654 1098 suos,
675 1062 917 1092 Lincoluiensis
933 1063 1090 1098 diocesis,

89 1115 288 1154 quibusdam
319 1114 508 1153 apostolicis
536 1115 657 1145 litteris
683 1124 781 1153 super
801 1115 942 1153 quadam
965 1124 1093 1144 summa

88 1169 229 1206 pecunie
246 1177 282 1198 ac
306 1168 403 1198 rebus
420 1168 495 1198 aliis
512 1168 546 1197 in
570 1168 674 1197 forma
699 1168 841 1205 simplici
863 1173 975 1197 contra
993 1168 1091 1205 ipsos,

90 1220 178 1259 quod
201 1225 231 1250 et
254 1220 402 1259 reliquus
425 1220 533 1250 facere
556 1220 786 1255 comminatur,
811 1221 963 1249 nituntur
985 1220 1025 1249 ab
1046 1220 1093 1249 eis

90 1273 215 1303 dictum
237 1272 395 1302 salarium
414 1277 619 1311 extorquere,
637 1272 788 1311 quamvis
805 1273 938 1302 nonnisi
955 1281 1012 1310 per
1028 1276 1093 1302 tres

90 1325 142 1355 vel
159 1329 300 1364 quatuor
314 1325 396 1360 dies,
414 1325 535 1364 quibus
551 1325 650 1355 etiam
667 1324 820 1354 undecim
840 1334 946 1354 marce
964 1329 1094 1363 propter

88 1377 151 1407 hoc
167 1377 231 1408 sibi
253 1377 359 1407 solute
381 1378 532 1412 fuerunt,
554 1377 589 1406 in
610 1385 710 1406 causa
732 1377 952 1414 patrocinium
974 1377 1095 1415 presti-

90 1430 220 1461 tissent.
239 1430 344 1468 Super
360 1439 424 1468 quo
440 1429 541 1459 iidem
562 1429 651 1468 prior
669 1433 700 1459 et
716 1434 898 1459 conventus
923 1430 1095 1459 subveniri

88 1483 155 1513 sibi
175 1491 234 1521 per
254 1482 371 1513 Sedem
393 1482 616 1521 Apostolicam
637 1481 856 1520 postularunt.
882 1482 973 1511 Licet
992 1482 1095 1520 igitur

89 1535 290 1574 promissum
316 1534 506 1574 hujusmodi
534 1543 569 1563 ac
593 1534 678 1564 dicte
704 1533 813 1564 littere
841 1534 1017 1572 multiplici
1041 1543 1095 1563 ca-

89 1587 238 1625 lumpnie
255 1586 474 1626 subjacerent,
493 1595 552 1616 nos
569 1592 690 1622 tamen,
708 1586 747 1616 de
763 1587 935 1624 potestatis
951 1586 1095 1625 plenitu—

88 1640 167 1670 dine
178 1640 400 1678 providentes,
414 1639 608 1669 mandamus
621 1643 796 1677 quatenus,
811 1639 839 1668 si
854 1643 903 1669 est
916 1640 973 1674 ita,
986 1644 1095 1677 preter

89 1693 254 1732 predictas
276 1693 431 1722 undecim
450 1701 593 1727 marcas,
616 1692 718 1721 facias
742 1692 908 1722 advocatis
931 1692 1053 1722 eisdem
1077 1702 1096 1722 a

89 1745 199 1784 priore
222 1750 253 1775 et
275 1749 439 1775 conventu
464 1745 620 1783 predictis
644 1745 755 1774 decem
782 1754 910 1774 marcas
936 1744 1041 1775 exolvi
1065 1749 1095 1774 et

89 1797 180 1836 ipsos
197 1798 244 1828 eis
263 1806 335 1828 esse
358 1801 547 1832 contentos;
571 1797 830 1827 contradictores
855 1802 919 1832 etc,
945 1802 1095 1827 revocato

89 1858 246 1889 processu
264 1850 484 1888 predictorum
499 1850 659 1888 judicum.
678 1849 706 1879 si
723 1850 835 1879 forsan
853 1850 948 1879 aliter
963 1859 1095 1887 proces-

89 1908 223 1939 serunt;
241 1912 305 1933 non
323 1903 530 1933 obstantibus
543 1902 711 1940 aliquibus
726 1902 858 1936 litteris,
876 1903 904 1931 si
920 1912 982 1940 que
997 1912 1095 1940 super

90 1955 154 1986 hoc
181 1955 394 1994 apparuerint
424 1965 441 1985 a
471 1955 554 1985 Sede
586 1955 775 1992 Apostolica
804 1956 988 1993 impetrate.
1020 1956 1091 1984 Dat.

92 2008 235 2042 Perusii,
251 2009 283 2038 X
299 2008 458 2038 kalendas
478 2008 622 2045 augusti,
641 2017 727 2037 anno
745 2016 842 2037 nono.
862 2020 874 2034 »

163 2186 278 2214 2685

129 2255 143 2273 «
160 2248 192 2274 In
211 2247 336 2274 eundem
353 2247 471 2273 modum
492 2267 509 2273 ..
531 2247 622 2279 priori
638 2246 734 2272 Sancte
751 2247 926 2279 frideswide,
951 2267 968 2274 ..

93 2297 166 2322 lario
181 2298 204 2320 et
224 2315 242 2321 ..
264 2296 363 2321 decano
385 2295 598 2327 montensibus,
621 2295 816 2320 Lincolm'ensis
834 2295 962 2327 diocesis,
982 2304 1073 2329 usque
1088 2304 1094 2322 τ

91 2346 255 2372 contentos.
272 2344 395 2378 Ideoque
409 2343 584 2370 mandamus
600 2346 743 2377 quatenus
758 2343 885 2370 obtentis
898 2343 936 2370 ad
948 2352 999 2371 vos
1014 2344 1096 2371 litte-

92 2393 134 2420 ris
149 2392 336 2427 supersedere
351 2392 473 2424 curetis,
490 2400 541 2426 per
563 2400 610 2418 eas
626 2392 796 2419 nullatenus
811 2392 1009 2426 procedentes.
1027 2393 1094 2420 Dat.

92 2443 127 2468 ut
141 2449 238 2475 supra.
257 2448 270 2467 t)

626 2178 770 2218 'Pet-onse,
785 2185 819 2212 ‘23
833 2185 932 2219 juillet
944 2185 1023 2212 1235.

989 2247 1095 2273 cancel-

165 2605 289 2634 2688·

131 2668 242 2696 Abbati
262 2671 291 2695 et
310 2667 401 2702 priori
416 2667 453 2694 de
471 2666 645 2694 Vrinisbere
660 2668 705 2699 (=
721 2667 928 2701 Frienisberg),
952 2668 1097 2696 Constan-

93 2717 200 2744 tiensis
223 2716 379 2749 dioecesis,
408 2715 530 2742 mandat
557 2717 714 2749 quatenns,
743 2729 775 2733 -—
800 2723 882 2748 curn,
908 2724 995 2743 causa
1020 2716 1098 2744 inter

95 2765 276 2798 Conradum,
293 2764 452 2799 plebanum
469 2763 609 2790 ecclesiae
624 2763 660 2789 de
675 2763 863 2796 Ellenwilre,
880 2772 915 2790 ex
931 2773 987 2791 una
1004 2768 1096 2799 parte,

92 2816 124 2841 et
148 2813 332 2846 Conradum,
358 2812 517 2847 plebanum
547 2812 583 2838 de
610 2811 802 2838 Hunniwilre
822 2814 867 2844 (=
891 2812 1096 2846 Hunaweier),

94 2861 272 2890 Basiliensis
285 2861 426 2888 dioecesis
437 2882 443 2894 ‚
464 2868 498 2887 ex
514 2861 621 2892 altera,
640 2868 726 2894 super
739 2859 914 2893 quibusdam
931 2861 1054 2888 decimis
1069 2864 1098 2888 et

95 2909 182 2937 rebus
197 2909 280 2942 aliis,
301 2917 398 2936 coram
420 2909 539 2936 custode
562 2908 721 2936 Basiliensi
741 2909 861 2942 ejusque
885 2909 1004 2943 collegis
1025 2918 1098 2944 pen-

93 2958 198 2991 dente,
221 2957 300 2985 idem
323 2957 466 2992 plebanus
485 2957 521 2984 de
541 2957 732 2984 Hunniwilre
745 2957 819 2983 alias
835 2956 949 2984 litteras
962 2957 998 2984 ad
1011 2957 1098 2985 abba-

635 2605 772 2637 Pdrouse,
787 2605 820 2631 23
833 2605 933 2639 juillet
946 2605 1025 2633 1235.

1173 383 1230 407 tem
1244 382 1279 408 de
1289 382 1383 410 Stivel
1395 386 1438 415 (=
1449 385 1573 417 Estival)
1585 389 1613 413 et
1624 387 1807 420 conjudicem
1817 389 1879 421 eJus
1891 397 1907 414 a
1919 388 1993 416 Sede
2003 390 2173 424 Apostolica

1172 437 1258 463 super
1273 431 1372 457 codem
1391 433 1505 465 negotio
1522 434 1716 468 impetrasset,
1734 436 1810 462 unde
1823 436 1923 462 eadem
1938 445 2025 464 causa
2041 438 2171 466 maxime

1173 481 1233 504 erat
1248 478 1417 512 implicata,
1438 495 1468 498 —
1487 486 1583 515 partes
1598 482 1633 508 ad
1651 483 1759 516 priores
1778 484 1890 517 judices
1908 485 2076 514 remittant.
2097 487 2173 514 alio-

1173 527 1242 560 quin
1258 535 1305 553 eas
1319 528 1355 554 ad
1369 537 1491 555 examen
1510 530 1668 557 abbatisdo
1683 532 1777 558 Stivel
1788 536 1815 559 et
1829 533 1890 567 ejus
1904 535 2066 567 conjudicis
2078 536 2172 562 redire

1173 579 1287 607 cogant.
1306 577 1438 608 —(R1-:o.
1463 577 1510 610 18,
1537 579 1556 604 f.
1577 578 1610 605 52
1629 582 1673 610 v⁰;
1695 588 1763 606 ann.
1789 581 1845 611 IX,
1869 590 1893 607 c.
1916 582 1982 612 155:
2001 597 2031 600 —
2051 583 2076 610 J.
2092 583 2173 610 Bsn-

1173 630 1289 655 NOULLt,
1305 624 1370 649 Acta
1383 625 1544 656 Pontificum
1559 626 1686 651 heli-elica
1697 648 1702 658 ,
1718 631 1738 654 t.
1754 628 1781 657 Ι,
1799 636 1826 662 p.
1839 629 1899 661 121,
1917 634 1945 656 n'
1959 630 2032 661 180.)

1215 735 1227 748 α
1249 746 1267 751 ..
1285 725 1425 753 abbatie!
1441 747 1460 753 ..
1475 727 1577 762 priori
1593 727 1626 754 cle
1648 728 1831 757 t'rinisherc.
1853 730 2091 759 Constantiensis
2107 731 2174 760 dio-

1172 777 1255 805 cesis.
1286 776 1474 808 Conradus.
1503 778 1663 816 plebanus
1690 780 1827 810 ecclesie
1851 798 1898 810 —.
1926 783 1996 811 Dat.
2024 783 2170 818 Perusii,

1172 828 1202 856 X
1221 828 1378 859 kalendas
1397 831 1540 865 augusti.
1561 840 1647 860 anno
1667 841 1762 861 rinno.
1786 845 1797 859 η

1245 998 1270 1025 2
1277 999 1362 1026 683

1210 1060 1305 1086 Priori
1322 1061 1497 1094 provinciali
1515 1062 1544 1088 in
1563 1063 1749 1092 Lombardia.
1766 1066 1855 1099 priori
1870 1066 2059 1094 Cremonensi
2075 1073 2101 1094 et
2118 1069 2173 1095 [η’

1175 1107 1211 1133 tri
1228 1107 1351 1135 Nicolao
1364 1109 1400 1135 de
1413 1109 1515 1137 Castro
1529 1111 1667 1144 Art—uate,
1685 1113 1877 1141 Placentinae
1891 1115 2045 1148 dioecesis,
2062 1117 2174 1144 ordinis

1177 1155 1415 1183 Praedicator-um
1426 1179 1432 1189 ,
1450 1158 1572 1185 mandat
1587 1163 1730 1193 quatenus
1743 1162 1878 1189 abbatem
1893 1167 1919 1189 et
1938 1166 2094 1191 monachos
2113 1174 2175 1191 tuo-

1176 1205 1297 1231 nas-torti
1315 1205 1416 1231 Sancti
1434 1206 1554 1233 Venerii
1571 1207 1606 1233 de
1619 1208 1706 1241 Tyro,
1723 1210 1834 1236 ordinis
1850 1212 1942 1237 sancti
1962 1213 2126 1245 Benedicti,
2143 1213 2173 1239 in

1175 1253 1243 1279 aliis
1264 1254 1394 1287 ejusdem
1415 1254 1527 1281 ordinis
1548 1257 1734 1284 monasteriis
1755 1259 1897 1285 collocent
1917 1263 1943 1285 et
1965 1261 2174 1288 monasterium

1176 1301 1272 1334 ipsun]
1289 1301 1325 1327 (le
1338 1302 1438 1328 eodem
1456 1303 1568 1331 ordine.
1586 1304 1610 1330 si
1624 1305 1684 1332 fieri
1700 1307 1816 1339 poterit.
1833 1308 1962 1341 alioquin
1981 1309 2055 1335 illud
2068 1310 2103 1336 de
2118 1311 2175 1336 sra—

1176 1349 1270 1376 tribus
1286 1349 1547 1383 Mor-tariensibus,
1563 1353 1735 1386 reforment,
1751 1358 1779 1381 et
1793 1355 2011 1382 institutionem
2026 1360 2054 1384 et
2070 1357 2176 1384 visita-

1176 1397 1286 1424 tionem
1301 1399 1462 1425 seeundum
1478 1399 1684 1428 Mortariensis
1700 1403 1870 1430 monasterii
1888 1404 2023 1431 instituta
2040 1405 2095 1439 ipsi
2114 1414 2177 1432 mo-

1176 1446 1304 1472 nasterio
1317 1447 1488 1474 concedant.
1504 1463 1535 1466 —
1549 1449 1635 1479 (Rite.
1650 1449 1697 1482 18,
1715 1451 1735 1476 f.
1751 1451 1785 1478 52
1805 1454 1847 1483 v⁰;
1867 1460 1935 1478 ann.
1953 1453 2005 1485 lx,
2022 1462 2047 1479 e.
2066 1453 2176 1485 156;—

1176 1493 1333 1521 Formas-r
1342 1494 1411 1521 9967
1423 1495 1455 1527 ¹.)

1715 1003 1850 1036 Pe'muse,
1864 1004 1897 1031 ‘23
1912 1005 2009 1038 juillet
2023 1006 2101 1033 1235.

1219 1606 1232 1621 α
1252 1617 1272 1623 ..
1289 1597 1480 1632 provinciali
1501 1598 1536 1626 in
1551 1598 1731 1627 Lonibardia
1746 1604 1772 1628 et
1789 1623 1808 1628 ..
1826 1601 2043 1640 Cremonenjsi]
2059 1603 2180 1640 priori-

1177 1647 1245 1683 bus,
1265 1653 1290 1677 et
1305 1649 1401 1684 fratri
1418 1649 1542 1678 Nicolao
1557 1650 1591 1679 de
1606 1651 1709 1680 Castro
1723 1652 1871 1688 Arcuato,
1889 1654 2064 1683 Placentiae
2081 1655 2179 1684 dioce-

1177 1701 1228 1734 sis,
1242 1701 1361 1729 ordinis
1370 1702 1611 1731 Predicatorum.
1627 1703 1693 1733 Sua
1706 1704 1800 1734 nobis
1813 1705 1860 1744 [..]
1873 1706 1973 1736 abbas
1986 1707 2181 1737 monasterii

1178 1752 1290 1782 Sancti
1306 1754 1442 1783 Venerii
1459 1754 1496 1783 de
1514 1755 1611 1793 Tyro,
1630 1755 1669 1785 ad
1686 1757 1868 1787 Romanam
1885 1758 2075 1795 Ecclesiam,
2095 1760 2182 1789 sicut

1177 1805 1308 1840 dicitur,
1329 1806 1419 1835 nullo
1438 1807 1545 1837 medio
1568 1809 1780 1845 pertinentis,
1802 1811 1928 1841 ordinis
1949 1813 2054 1842 sancti
2073 1813 2182 1843 Bene-

1177 1858 1273 1893 dicti,
1293 1859 1450 1896 petitione
1475 1861 1670 1890 monstravit
1690 1862 1790 1900 quod,
1810 1872 1883 1892 cum
1906 1864 1992 1894 idem
2015 1870 2182 1895 monaste-

1177 1910 1263 1939 rium
1287 1910 1522 1940 monachorum
1552 1913 1669 1949 grandi
1696 1913 1833 1951 collegio
1854 1915 2041 1946 decoratum
2066 1918 2179 1953 fuerit,

1178 1966 1208 1991 et
1228 1962 1378 1992 ubertate
1404 1962 1565 1993 bonorum
1590 1964 1706 1995 florere
1732 1968 1939 1997 consueverit
1965 1968 2005 1997 ab
2031 1969 2179 2008 antiquo,

1178 2018 1209 2043 et
1228 2014 1262 2043 in
1286 2023 1323 2043 eo
1349 2014 1429 2044 satis
1453 2015 1595 2053 viguerit
1616 2016 1828 2048 laudabiliter
1848 2019 2057 2050 observantia
2081 2030 2181 2059 regu-

1177 2066 1268 2100 laris,
1301 2075 1399 2101 nunc,
1429 2068 1571 2105 peccatis
1600 2069 1808 2107 exigentibus
1838 2076 1869 2101 et
1897 2072 2119 2103 habitantium
2144 2074 2179 2103 in

1178 2118 1290 2148 eodem
1314 2119 1441 2149 malitia
1466 2120 1626 2156 faciente,
1650 2122 1719 2152 fere
1742 2122 1776 2151 in
1797 2124 2026 2161 spiritualibus
2045 2130 2075 2156 et
2097 2130 2180 2156 tem-

1177 2171 1346 2209 poralibus
1378 2176 1428 2201 est
1461 2172 1652 2211 collapsum.
1686 2175 1770 2204 Nam
1804 2177 1951 2215 ejusdem
1987 2179 2181 2209 monasterii

1177 2224 1342 2259 monachi,
1361 2224 1514 2254 instituta
1529 2225 1696 2264 regularia
1711 2236 1775 2257 non
1792 2234 1961 2260 servantes
1978 2235 2007 2260 et
2024 2231 2181 2262 ducentes

1177 2276 1280 2306 vitam
1295 2277 1428 2315 penitus
1444 2277 1656 2313 dissolutam,
1675 2279 1821 2310 alearum
1837 2285 1868 2311 et
1884 2282 2072 2313 taxillarum
2093 2283 2181 2314 ludis

1178 2328 1281 2358 dediti
1299 2333 1330 2358 et
1345 2329 1513 2359 continuis
1530 2330 1746 2362 ebrietatibus
1759 2334 1925 2371 occupati,
1945 2335 1979 2364 in
1996 2335 2091 2366 bonis
2106 2345 2181 2375 pre-

1178 2381 1239 2411 fati
1263 2382 1468 2418 monasterii,
1487 2383 1600 2413 eodem
1620 2384 1737 2425 abbate
1752 2386 1917 2417 renitente
1931 2388 2064 2426 penitus
2082 2393 2113 2419 et
2128 2389 2181 2419 in-

1178 2434 1256 2468 vito,
1270 2434 1485 2473 prodigaliter
1499 2436 1735 2472 debachantur,
1749 2447 1796 2473 ac,
1814 2439 1848 2468 in
1865 2448 1900 2470 se
1915 2440 2059 2471 invicem
2072 2442 2182 2471 mani-

1177 2486 1240 2516 bus
1255 2487 1410 2517 violentis
1425 2487 1558 2526 injectis
1574 2494 1605 2519 et
1617 2490 1821 2521 continentie
1836 2496 1910 2522 voto
1924 2493 2039 2527 fracto,
2051 2493 2182 2524 luxurie

1178 2538 1360 2569 volutabris
1376 2540 1518 2577 turpiter
1542 2549 1577 2571 se
1592 2541 1807 2580 immergunt,
1826 2543 1921 2580 filiis,
1939 2545 2180 2577 incontinentie

1179 2590 1336 2626 testibus,
1360 2591 1398 2621 de
1421 2591 1518 2622 bonis
1542 2594 1750 2630 monasterii,
1775 2604 1840 2625 non
1862 2596 1986 2635 absque
2010 2598 2090 2628 furti
2116 2598 2181 2628 cri-

1178 2643 1284 2678 mine,
1311 2644 1500 2674 necessaria
1526 2645 1764 2676 ministrantes.
1795 2648 1833 2677 Et
1861 2647 1938 2678 licet
1965 2649 2053 2679 idem
2079 2650 2180 2679 abbas

1179 2703 1235 2725 eos
1259 2694 1384 2733 pluries
1410 2696 1574 2734 corrigere
1597 2699 1803 2736 temptaverit
1823 2699 1858 2728 in
1881 2701 2000 2738 spiritu
2019 2701 2179 2736 lenitatis,

1178 2746 1261 2785 ipsi,
1284 2751 1453 2786 tamquam
1472 2748 1618 2786 reprobi,
1641 2754 1811 2787 sperantes
1834 2759 1868 2781 se
1891 2752 1986 2782 fedus
2008 2753 2180 2790 pepegisse

1179 2807 1254 2830 cum
1280 2804 1401 2835 morte,
1427 2800 1554 2838 virgam
1581 2802 1794 2832 correctionis
1824 2803 1985 2841 effugiunt
2012 2809 2043 2834 et
2072 2805 2179 2843 ipsius

1212 2917 1233 2942 1.
1249 2918 1323 2942 Avec
1338 2918 1459 2948 l'incipt't
1475 2926 1487 2940 «t
1505 2918 1561 2942 Sua
1576 2919 1656 2943 nobis
1671 2920 1784 2944 alterius
1799 2929 1821 2949 υ,
1841 2920 1947 2952 d'apre's
1966 2921 2086 2951 Rwont.
2103 2922 2123 2952 1,
2138 2923 2179 2950 77,

1179 2965 1208 2985 n·
1226 2961 1278 2986 132.
