2519 3518
133 284 208 316 1193
978 277 1199 316 DOUZIEME
1222 277 1381 314 ANNEE.
2148 285 2222 316 1194

130 359 232 390 super
246 352 306 382 hoc
323 361 388 383 non
403 362 547 392 opponas
563 352 783 388 obstaculum,
802 352 858 383 sed
878 352 997 391 potius,
1018 360 1076 390 pro
1093 350 1139 379 di—

132 404 210 434 vina
227 409 258 434 et
276 410 388 435 nostra
404 406 601 441 reverentia,
623 414 755 444 operam
782 405 959 443 diligenter
980 405 1138 435 adhibeas

131 460 169 486 ut
185 461 330 495 optatum
346 458 504 488 sortiatur
524 459 677 489 effectum
696 476 745 487 —.
769 459 842 488 Dat.
861 458 1027 493 Laterani,
1046 457 1138 488 XVII

130 508 291 540 kalendas
304 510 463 549 januarii,
481 519 568 541 anno
584 511 789 541 duodecimo.
809 523 822 537 n

169 634 280 657 ⁴6⁶3.
299 645 330 649 -—
347 631 379 658 In
394 630 519 658 eundem
535 631 652 658 modum
669 652 685 658 ..
699 632 816 664 episcopo
828 631 1027 663 Mah'sconensi,
1042 631 1073 657 in
1087 639 1140 657 sua.

128 677 251 705 diocesi.

169 730 281 754 ⁴66⁴.
299 741 331 745 —
348 728 380 754 In
394 728 519 754 eundem
542 728 661 754 modum
678 749 696 755 ..
713 730 831 760 episcopo
847 728 1072 759 claromontensi,
1090 737 1139 755 us-

130 783 188 808 que
203 784 209 801 :
227 777 361 810 prosequi
378 777 541 811 cupientes,
555 777 673 804 dilectis
689 777 759 804 filiis
778 798 795 804 ..
817 777 917 804 abbati
935 777 970 804 de
986 777 1138 804 Mauziaco

132 825 161 849 et
177 824 317 857 magistro
334 825 491 851 VVillelmo
509 825 544 851 de
567 824 705 857 Sabazae,
727 825 868 852 canonico
888 825 1137 858 Claromontensi,

129 869 268 897 dedimus
290 871 397 898 nostris
418 872 525 898 litteris
545 872 576 898 in
601 872 749 899 mandatis
763 876 795 899 ut
816 873 877 899 illis
893 872 929 899 de
950 875 1000 899 tua
1016 872 1136 905 diocesi,

130 918 182 952 qui
198 919 233 945 de
249 919 332 946 bonis
348 920 404 946 sibi
421 923 476 947 etc.
494 935 526 938 —
540 920 598 953 (Cf.
613 927 709 953 supra,
727 924 755 947 n⁰
768 920 861 952 4633.)

168 971 280 994 4665.
297 983 329 986 -
346 969 377 995 111
395 969 519 996 eundem
537 969 656 996 modum
671 970 820 1002 ..episcopo
835 969 1009 1002 Gebenncnsi,
1025 978 1115 1003 usque
1130 977 1136 996 :

130 1016 266 1050 prosequi
290 1017 452 1051 cupientes,
478 1017 596 1044 dilectis
619 1018 689 1044 filiis
713 1039 731 1044 ..
751 1017 851 1044 abbati
871 1018 975 1045 Sancti
998 1018 1137 1052 Sulpicii,

130 1063 338 1092 Cisterciensis
350 1065 473 1098 ordinis,
491 1068 519 1092 et
537 1086 554 1093 ..
572 1066 682 1092 decano
698 1066 821 1092 ecclesie
834 1066 869 1093 de
884 1066 1031 1099 Sizuzaco,
1047 1066 1138 1093 Belli-

128 1113 226 1139 censis
240 1116 268 1140 et
283 1114 486 1141 Gebennensis
501 1114 662 1147 diocesum,
679 1115 815 1141 dedimus
829 1118 884 1142 etc.

168 1165 280 1188 4666.
298 1177 329 1180 -
347 1163 379 1189 Ι11
394 1162 519 1189 eundem
537 1163 656 1189 modum
675 1184 693 1189 ..
710 1164 789 1188 electo
806 1163 954 1190 Bellicensz‘.

167 1214 279 1238 4667.
297 1225 329 1229 -
344 1212 376 1238 111
392 1211 517 1238 eundem
535 1211 654 1238 modum
672 1211 782 1238 eisdem
802 1233 819 1238 ..
836 1212 929 1246 abbati
946 1210 1054 1246 [Sandi
1073 1211 1139 1237 Sicl—

130 1259 212 1291 picii,
238 1259 422 1284 Cisterciensis
450 1259 558 1285 ordinis
571 1280 577 1292 ,
605 1260 756 1284 Bellicensis
780 1258 902 1294 diocesis]
913 1281 919 1292 ‚
945 1262 968 1285 eb
995 1281 1012 1286 ..
1038 1259 1139 1285 decano

129 1305 244 1341 [ecclesie
264 1307 295 1332 de
320 1306 461 1339 Sizuzaco,
483 1307 661 1333 Gebennensis
676 1306 809 1342 diocesisJ,
835 1316 926 1342 usque
946 1316 952 1334 :
973 1308 1136 1335 consuevit.

130 1357 216 1389 Quod
233 1357 258 1384 si
275 1366 332 1384 non
346 1358 432 1385 ambo
447 1356 538 1393 [etc.].

199 1517 319 1545 4888

164 1579 308 1613 Magistro
320 1579 478 1606 willelmo
499 1579 534 1606 de
555 1579 664 1606 Sancto
683 1580 802 1612 Amore,
824 1580 929 1606 rectori
946 1581 1087 1607 ecclesiae
1103 1581 1138 1608 de

126 1628 295 1660 Guervilla,
321 1627 462 1655 canonico
476 1628 663 1660 Belvacensi,
685 1628 834 1662 significat
849 1637 879 1655 se
892 1637 958 1655 cum
976 1637 1018 1662 eo,
1038 1644 1069 1648 —-
1087 1629 1137 1663 qui

127 1685 178 1711 per
193 1677 306 1704 cultum
328 1676 471 1703 scientiae
492 1678 639 1703 meruerat
655 1684 668 1701 (1
690 1676 721 1703 in
742 1676 854 1703 artibus
871 1679 899 1703 et
916 1677 980 1711 jure
995 1678 1137 1705 canonico

127 1733 142 1751 ))
163 1725 334 1752 cathedram
361 1725 562 1759 magistralem
590 1725 722 1752 Parisius
744 1725 901 1752 ascendere
925 1733 949 1758 ›>,
966 1741 999 1744 —-
1015 1726 1136 1760 dispen-

126 1782 191 1801 sare
214 1781 227 1799 ((
249 1776 281 1800 ut
301 1776 489 1808 personatum
512 1774 559 1800 vel
579 1773 660 1800 aliud
684 1773 805 1800 unicum
830 1773 1017 1806 beneficium,
1034 1783 1135 1801 curam

127 1830 141 1848 ))
163 1822 274 1849 habens
290 1822 458 1849 animarum
475 1830 621 1849 annexam
638 1829 663 1855 ›),
680 1822 810 1856 recipere
830 1823 939 1854 valeat,
956 1825 984 1849 et
1002 1831 1067 1849 cum
1085 1823 1135 1850 be-

127 1870 232 1897 neficio
245 1870 321 1904 quod
339 1870 501 1903 obtinebat,
522 1879 622 1897 curam
639 1870 769 1896 similem
788 1870 920 1902 habenti,
939 1871 1076 1904 retinere,
1093 1871 1136 1899 ita

128 1923 228 1947 tamen
245 1919 321 1954 quod
335 1919 365 1946 in
386 1928 443 1946 uno
462 1919 591 1953 ipsorum
614 1919 808 1954 personaliter
827 1919 975 1947 deserviat
996 1922 1024 1947 et
1044 1921 1074 1947 in
1091 1922 1135 1948 al-

128 1970 189 1994 tero
217 1975 267 2001 per
291 1967 428 1993 idoneum
456 1967 601 1994 vicarium
628 1968 718 1994 faciat
743 1968 896 1994 deserviri.
922 1983 954 1986 —
977 1969 1063 2000 (Rae.
1090 1969 1134 2002 19,

128 2016 149 2042 f.
167 2015 200 2042 64
216 2018 259 2047 v⁰;
277 2024 347 2042 ann.
364 2015 432 2047 XII,
447 2024 472 2042 c.
489 2016 558 2047 344;
577 2030 607 2034 --
622 2016 754 2042 DENIFLE
770 2018 798 2042 et
812 2016 996 2048 CHATELAxN,
1014 2017 1135 2042 Cltczrtic-

128 2065 234 2089 larium
250 2064 441 2089 Universiiatis
457 2064 632 2096 parisiensis,
651 2066 671 2090 t.
687 2064 697 2090 I
712 2064 814 2096 (1889),
830 2072 857 2098 p.
875 2064 936 2097 166,
955 2071 986 2090 n⁰
999 2065 1073 2096 122.)

629 1518 749 1549 Latran,
763 1517 797 1544 27
813 1517 972 1545 novembre
987 1518 1065 1545 1238.

171 2177 184 2191 «
203 2165 347 2202 Maqisiro
367 2165 513 2193 ll'illel'mo
533 2165 566 2193 (Ze
582 2165 691 2194 Sancto
705 2165 823 2199 Amore,
845 2166 955 2194 rectori
969 2167 1086 2195 ecclesie
1104 2167 1137 2195 dc

129 2217 323 2257 Guervill[a],
343 2218 487 2246 canonico
503 2218 687 2246 Belcae-ensi.
706 2218 749 2247 Te
766 2217 951 2247 honestatis
967 2219 1075 2248 studio
1087 2235 1135 2248 -.

129 2271 203 2300 Dat.
218 2270 382 2305 Laterani,
393 2270 422 2300 V
432 2269 590 2299 kalendas
601 2269 794 2306 decembris,
807 2278 893 2299 anno
906 2270 1134 2300 duodecimo.»

200 2441 317 2469 4888

167 2504 296 2538 Hugoni,
318 2504 428 2530 decano
450 2501 612 2537 [ecclesiae]
642 2503 756 2530 Buceae
784 2504 890 2530 Leonis
913 2503 1137 2539 [Constantino-

130 2551 302 2587 politanae],
320 2552 426 2579 0101100
445 2551 598 2581 Balduini,
622 2552 737 2578 heredis
758 2552 877 2585 imperii
900 2553 1072 2585 Romankre,
1093 2563 1136 2581 co-

129 2602 213 2629 mitis
222 2601 430 2633 Namucensis,
444 2600 577 2634 indulget
591 2603 633 2632 ut,
644 2600 786 2634 quamdiu
799 2601 961 2634 perstiterit
973 2602 1003 2628 in
1015 2602 1137 2629 servitio

631 2442 752 2474 Latran,
768 2442 798 2468 11
814 2442 969 2470 decembre
985 2444 1063 2470 1238.

129 2651 249 2685 imperii
274 2650 448 2682 Romaniae,
470 2652 629 2683 proventus
655 2658 720 2676 suos
743 2650 971 2682 ecclesiasticos,
993 2651 1137 2678 distribu-

130 2700 261 2727 tionibus
279 2699 436 2726 cotidianis
453 2697 599 2732 exceptis,
616 2698 729 2731 integre
746 2697 875 2731 recipere
888 2699 996 2731 valeat,
1018 2708 1051 2726 ac
1065 2700 1089 2726 si
1106 2700 1136 2726 in

130 2748 264 2775 ecclesiis
280 2748 310 2774 in
330 2747 436 2781 quibus
458 2746 573 2773 eosdem
591 2748 750 2780 proventus
770 2746 921 2779 obtineat,
944 2748 1138 2781 personaliter

130 2796 281 2823 resideret.
300 2811 331 2814 —
348 2795 530 2828 (REG.19‚f.
543 2794 576 2821 64
587 2798 633 2827 1-ος
650 2803 719 2821 ann.
738 2794 804 2827 XII,
818 2803 842 2821 c.
859 2795 926 2827 345;
944 2809 975 2813 -—
990 2796 1028 2822 cf.
1041 2803 1136 2830 supra,

130 2851 163 2871 no
178 2845 271 2876 4629.)

174 2958 187 2972 «
205 2947 337 2984 Huqoni,
355 2945 465 2974 decano
481 2945 573 2974 Bucce
588 2944 729 2981 Leon[is],
748 2945 855 2973 clerico
866 2945 974 2973 nobilis
985 2945 1046 2974 oiri
1056 2946 1138 2982 Mal-

1221 350 1336 389 tluini],
1368 352 1486 380 heredis
1520 353 1644 390 imperii
1672 354 1829 387 Romame,
1863 354 1982 382 comilis
2011 354 2220 382 Namncensis.

1222 403 1423 434 Auctoritatc
1440 404 1499 433 tihi
1517 405 1720 442 presentium
1737 422 1785 434 —-.
1803 406 1876 434 Dat.
1895 406 2060 441 Laterani,
2081 406 2130 435 III
2148 405 2222 435 idus

1221 455 1415 492 decembriS,
1436 465 1522 486 anno
1540 457 1744 487 duodecimo.
1762 470 1775 484 »

1290 647 1409 675 4820
1722 649 1843 681 Latran,
1860 650 1891 676 11
1907 649 2152 678 de'cembre1238.

1256 709 1352 736 Priori
1370 710 1472 737 Sancti
1487 710 1640 737 Vincentii
1653 711 1869 744 Laudunensis,
1881 712 1916 739 de
1929 713 2030 739 eadem
2043 722 2072 740 re
2083 713 2224 746 scribens,

1222 758 1343 784 mandat
1366 761 1510 791 quatenus
1533 759 1667 785 cumdem
1688 759 1842 793 Hugtmom
1865 769 1951 794 super
1971 762 2024 787 1100
2040 765 2141 788 contra
2156 771 2225 788 con-

1221 806 1361 832 cessionis
1377 807 1555 840 apostolicae
1569 810 1698 833 tenorem
1716 817 1772 834 non
1790 809 1943 842 permittat
1960 811 2119 842 molestari,
2137 818 2150 833 α
2163 819 2225 845 pro-

1221 861 1233 878 »
1255 854 1317 880 viso
1341 855 1415 888 quod
1438 855 1516 881 idem
1540 855 1668 882 decanus
1693 856 1723 882 in
1748 856 1907 884 decanatus
1932 858 2026 884 officio
2051 858 2080 884 in
2102 859 2226 886 ecclesia

1221 910 1234 927 »
1256 903 1352 929 Bucee
1373 903 1479 930 Leonis
1496 904 1585 930 faciat
1604 912 1654 938 per
1668 905 1812 931 vicarium
1831 905 1969 932 idoneum
1986 906 2129 933 deserviri
2149 914 2172 934 ».
2192 921 2223 927 --

1219 951 1306 981 (Rae.
1330 951 1373 982 19,
1397 952 1416 977 f.
1441 951 1474 978 64
1494 954 1542 984 v⁰;
1563 960 1632 978 ann.
1654 952 1722 985 XII,
1746 961 1770 979 0.
1793 953 1859 985 3463
1884 968 1915 972 —
1932 955 1969 981 ct.
1987 962 2081 988 supra,
2106 963 2134 982 n.
2155 955 2224 982 4629

1219 1000 1247 1024 et
1260 997 1353 1028 4669.)

1263 1110 1275 1125 «
1296 1121 1314 1127 ..
1331 1099 1431 1136 priori
1447 1099 1553 1128 Sancti
1574 1101 1724 1129 vincentii
1741 1101 1962 1131 Lauclunensis.
1981 1102 2063 1133 Cum
2085 1103 2225 1134 dilectus

1221 1150 1310 1181 filius
1327 1168 1375 1180 —.
1394 1152 1465 1181 Dat.
1485 1156 1521 1181 ut
1535 1161 1645 1190 supra.
1667 1164 1679 1179 »

1291 1342 1404 1370 4821
1742 1344 1862 1377 Latran,
1879 1345 1894 1371 9
1908 1344 2062 1373 decembre
2077 1347 2155 1374 1238.

1258 1404 1417 1435 Balduino,
1447 1404 1547 1431 heredi
1568 1404 1688 1439 imperii
1710 1406 1887 1438 Romaniae,
1909 1407 2010 1434 comiti
2035 1408 2228 1442 Namucensi,

1223 1452 1358 1486 indulget
1374 1453 1556 1487 supplicanti
1571 1456 1602 1480 ut
1620 1461 1633 1479 t(
1646 1453 1699 1481 sub
1715 1455 1844 1488 generali
1862 1456 2031 1489 clausula»,
2049 1465 2099 1491 per
2115 1457 2230 1485 litteras

1223 1501 1399 1535 apostolicas
1432 1501 1468 1528 de
1498 1502 1560 1535 ejus
1590 1502 1710 1529 nomine
1748 1511 1917 1537 expressam
1953 1505 2132 1532 mentionem
2172 1515 2229 1534 non

1222 1550 1375 1582 facientes,
1411 1550 1564 1576 conveniri
1594 1559 1651 1577 non
1683 1552 1791 1578 valeat.
1824 1566 1855 1570 —
1891 1553 1978 1584 (Rea.
2007 1554 2051 1586 19,
2078 1555 2097 1581 f.
2128 1555 2161 1581 65
2191 1558 2228 1588 r⁰;

1220 1606 1291 1624 ann.
1306 1598 1374 1631 XII,
1392 1607 1416 1625 c.
1433 1599 1507 1631 347.)

1262 1711 1274 1726 «
1292 1700 1391 1729 Nobili
1409 1701 1474 1729 viro
1492 1701 1655 1736 Baldzcino,
1675 1701 1779 1730 heredi
1804 1703 1927 1740 imperii
1947 1704 2101 1738 Romame,
2123 1706 2229 1734 comiti

1220 1753 1415 1782 Namucensi.
1439 1753 1519 1782 Tuis
1543 1753 1696 1791 precibus
1715 1753 1869 1784 inclinati
1888 1772 1935 1785 —.
1962 1756 2035 1785 Dat.
2056 1757 2223 1793 Laterani,

1218 1806 1247 1836 V
1262 1805 1337 1836 idus
1353 1806 1548 1841 decembris,
1568 1816 1654 1836 anno
1671 1807 1876 1838 duodecimo.
1896 1820 1908 1835 >³

1287 2003 1405 2032 4872
1722 2007 1842 2039 Latran,
1859 2007 1892 2034 19
1905 2008 2059 2036 decembre
2072 2011 2150 2038 1238.

1253 2066 1483 2101 Archiepiscopo
1498 2067 1663 2094 Viennensi
1680 2068 1827 2101 significat
1846 2078 1875 2095 se
1895 2069 2224 2106 Constantinopolitano

1218 2114 1354 2148 imperio,
1369 2114 1405 2141 ab
1419 2115 1551 2142 hostibus
1566 2116 1633 2142 fidei
1649 2116 1778 2149 graviter
1792 2125 1938 2151 oppresso,
1952 2119 2020 2145 totis
2032 2120 2145 2147 viribus
2162 2131 2224 2149 suc-

1218 2171 1333 2189 currere
1349 2163 1513 2196 intendere,
1530 2164 1615 2198 010110
1626 2165 1746 2191 mandat
1757 2168 1911 2199 quatenus,
1927 2174 1940 2192 (‹
1951 2167 2167 2202 redemptiones
2176 2179 2225 2197 vo-

1220 2219 1232 2236 »
1254 2214 1349 2238 torum
1379 2213 1647 2246 crucesignatorum
1672 2222 1725 2240 nec
1753 2223 1810 2240 non
1833 2215 1928 2248 legata
1954 2216 1984 2242 in
2007 2217 2095 2244 Terre
2117 2218 2225 2247 Sancte

1220 2267 1232 2285 ›)
1254 2260 1418 2287 subsidium
1434 2270 1450 2287 a
1462 2261 1534 2287 viris
1548 2262 1705 2288 catholicis
1715 2270 1728 2288 1)
1742 2263 1921 2290 Viennensis
1933 2265 2103 2298 provinciae
2117 2267 2152 2293 ad
2165 2276 2224 2295 ma-

1219 2316 1273 2334 nus
1294 2316 1360 2335 suas
1377 2309 1532 2343 recipiens,
1551 2313 1577 2336 et
1595 2312 1729 2343 quartam
1747 2313 1858 2345 partem
1882 2312 2012 2346 ipsorum
2034 2321 2048 2339 <1
2065 2315 2223 2347 Balduino,

1220 2364 1233 2381 ›>
1255 2357 1354 2383 heredi
1371 2359 1477 2391 prefati
1496 2359 1624 2392 imperii,
1643 2367 1693 2393 pro
1707 2363 1849 2394 apparatu
1865 2361 1995 2388 militum
2013 2362 2043 2388 in
2061 2364 2191 2397 ejusdcm
2210 2373 2223 2390 »

1219 2405 1337 2439 imperii
1354 2414 1524 2433 succursum
1543 2408 1803 2441 proficiscentium.
1818 2409 1854 2435 ad
1866 2418 2013 2444 praesens,
2026 2412 2103 2439 sicut
2114 2413 2223 2441 viderit

1219 2454 1367 2487 expedire,
1382 2456 1555 2487 concedens,
1577 2456 1667 2482 aliam
1685 2460 1818 2490 quartam
1837 2462 1949 2491 partem
1964 2459 2059 2486 eidem
2075 2461 2222 2489 Balduiuo

1219 2502 1249 2528 in
1272 2503 1404 2536 partibus
1427 2504 1590 2530 Romaniae
1611 2505 1701 2531 faciat·
1721 2506 1882 2538 assignam
1904 2507 2054 2535 residuum
2075 2510 2221 2538 dictorum

1219 2550 1456 2584 redemptionum
1472 2555 1500 2578 et
1515 2553 1675 2585 legatorum
1691 2561 1782 2587 usque
1796 2554 1831 2580 ad
1846 2555 2040 2588 apostolicum
2055 2557 2223 2591 beneplaci-

1219 2601 1280 2624 tum
1297 2600 1424 2626 fideliter
1433 2604 1617 2632 servaturus
1632 2604 1772 2634 ceterum,
1785 2602 1855 2636 quid
1870 2606 1897 2629 et
1912 2607 2054 2637 quantum
2069 2607 2221 2640 receperit,

1218 2647 1275 2681 ipsi
1293 2656 1384 2682 papae
1400 2649 1460 2675 suis
1473 2649 1581 2675 litteris
1598 2649 1728 2676 intimet.
1742 2652 1872 2681 —-(R13c,.
1886 2652 1928 2684 19,
1946 2653 1966 2679 f.
1979 2653 2011 2679 65
2021 2657 2059 2685 r⁰;
2073 2663 2141 2681 ann.
2155 2655 2221 2688 XII,

1219 2704 1242 2722 c.
1268 2696 1335 2728 3⁷18;
1360 2712 1391 2715 —
1415 2697 1548 2725 Monimo
1571 2698 1649 2729 1192,
1668 2699 1770 2729 1238:
1790 2714 1821 2717 —
1837 2701 1874 2726 cf.
1896 2701 1921 2728 J.
1948 2702 2131 2735 Benxocru,
2157 2704 2223 2729 Acta

1220 2744 1379 2775 Pontificum
1398 2745 1539 2773 Helvetico,
1557 2750 1577 2772 t.
1594 2747 1614 2777 I,
1633 2755 1660 2780 p.
1676 2746 1736 2778 136,
1752 2754 1784 2773 n⁰
1796 2748 1870 2779 202.)

1261 2856 1273 2870 ‹<
1296 2867 1314 2873 ..
1332 2846 1555 2883 archiepiscopo
1575 2847 1745 2876 Viennensi.
1762 2847 1843 2877 Cum
1859 2848 2224 2889 Constantinopolitano

1220 2896 1358 2934 imperio
1381 2914 1430 2926 -—.
1459 2898 1532 2927 Dat.
1560 2899 1726 2935 Laterani,
1755 2900 1855 2929 XIIII
1881 2900 2039 2932 kalendas
2063 2903 2222 2942 januarii,

1221 2956 1307 2977 anno
1323 2948 1526 2979 duodecimo.
1547 2962 1559 2976 »
