2423 3487
143 282 180 310 47
862 273 1098 304 nEfflsTuEs
1121 273 1175 301 DE
1198 264 1419 301 GRE'GOIRE
1441 272 1500 301 ix.
2193 271 2232 301 43

146 346 212 373 dem
235 345 418 378 corrigenda,
433 352 523 370 unum
543 344 590 369 vel
610 343 707 376 plures
729 342 764 367 de
786 341 939 367 ordinibus
959 338 1141 373 approbatis-

146 396 231 429 prout
245 394 370 427 singulis
386 392 456 418 locis
474 392 610 425 expedire
626 391 749 419 viderit.
767 391 797 416 in
811 390 852 416 eis
872 389 907 415 de
921 392 1014 415 cetero
1033 390 1143 414 statuat

147 441 309 473 observari,
326 441 403 466 viros
424 443 449 466 et
471 440 609 465 mulieres
625 440 756 465 nolentes
771 438 887 464 ordines
903 437 979 470 ipsos
997 435 1143 469 suscipere

145 489 251 516 exinde
266 489 382 523 penitus
398 488 573 519 amovendo,
592 487 631 513 ita
648 486 737 520 quod,
753 486 826 511 viris
838 494 853 512 a
870 484 1044 511 mulieribus
1059 491 1143 516 sepa-

143 537 230 569 ratis,
247 537 278 562 in
295 545 351 562 uno
368 535 505 568 hospitali
527 535 679 565 mulieres,
694 537 721 560 et
739 533 769 559 in
786 533 844 559 alio
862 533 940 558 viros
953 538 1081 557 seorsum
1099 531 1142 556 fa—

143 585 202 611 ciat
216 584 358 615 habitare,
374 584 445 609 bona
460 582 628 608 communia
644 582 720 608 inter
735 590 791 613 eos,
807 580 966 607 secundum
982 579 1047 612 jura
1062 586 1142 604 com-

142 632 287 666 petentia,
309 631 423 665 aequali
439 630 618 656 distribuens
642 629 783 663 portione.
801 643 833 647 -—
849 629 934 659 (lino.
952 627 995 659 18,
1013 627 1032 653 t.
1048 626 1081 652 19
1096 630 1139 657 v⁰;

141 688 210 707 ann.
227 680 283 711 IX,
301 688 324 705 c.
340 680 389 710 -17;
407 693 438 696 —
454 678 586 705 Monimo
600 678 678 710 1190,
695 678 715 703 i.
732 677 788 707 27.)

182 791 195 805 α
215 801 234 807 ..
252 779 384 816 episcopo
398 779 592 814 Linyoncnsi.
612 778 656 806 Ex
670 780 760 814 parte
777 780 833 805 tua
845 792 894 803 ——.
907 775 980 804 Dat.
996 773 1138 807 Perusii,

140 832 221 862 VIII
237 831 311 860 idus
327 830 416 864 maii,
436 839 522 859 anuo
540 838 637 859 nono.
656 841 668 855 n

209 1014 319 1042 2541
714 1013 850 1044 Percuse,
865 1012 897 1038 14
914 1011 973 1038 mai
989 1011 1067 1038 1235,

175 1075 285 1103 Abbati
301 1077 330 1101 et
342 1074 500 1101 conventui
521 1074 692 1101 monasterii
709 1074 812 1101 Sancti
829 1073 989 1107 Augustini
1011 1073 1141 1100 Cantua-

138 1123 244 1150 riensis
258 1123 403 1156 significat
420 1130 463 1154 se,
487 1122 523 1149 ad
544 1123 637 1149 instar
657 1122 741 1148 Lucii
766 1123 820 1155 [ΙΙΙ]
845 1130 937 1156 papae
955 1124 972 1154 ¹,
987 1121 1141 1155 prohibere

139 1180 175 1198 ne
191 1171 256 1205 quis
269 1171 398 1205 ipsorum
413 1171 635 1203 monasterium,
650 1171 686 1197 ad
701 1170 924 1205 dispositionem
947 1170 1031 1197 Sedis
1046 1171 1141 1204 Apos-

140 1221 245 1247 tolicae
256 1220 416 1254 pertinens,
429 1221 476 1246 vel
489 1221 646 1246 monachos
660 1220 732 1253 ejus,
743 1220 841 1253 aliqua
851 1219 996 1246 sententia
1008 1227 1140 1252 gravare,

138 1270 186 1296 vel
205 1269 352 1301 ecclesias,
374 1268 492 1295 clericos
513 1272 563 1295 aut
583 1269 716 1295 homines
736 1268 877 1302 ipsorum,
901 1271 1001 1294 contra
1024 1268 1141 1294 indulta

140 1317 182 1344 eis
200 1326 216 1343 a
240 1317 315 1344 Sede
334 1316 502 1350 Apostolica
522 1316 689 1350 privilegia,
708 1316 884 1342 interdicere
902 1317 950 1342 vel
969 1324 1140 1342 excommu-

145 1366 243 1392 nicare
259 1370 436 1399 praesumat.
452 1380 482 1383 —
500 1366 585 1397 (Hm.
602 1365 646 1398 18,
661 1366 680 1392 f.
695 1365 729 1392 20
741 1369 781 1397 r⁰;
798 1373 867 1392 ann.
885 1365 937 1397 IX,
954 1373 979 1391 c.
993 1365 1050 1396 48.)

177 1478 190 1493 ιι
215 1488 234 1495 ..
259 1467 359 1495 abbati
387 1471 412 1495 et
442 1468 604 1496 conventui
630 1467 810 1495 monasterii
838 1466 945 1496 Sancti
972 1468 1140 1504 Auyuslini

137 1520 381 1549 Canluaricnsis.
408 1520 536 1555 Quanto
558 1519 796 1548 monasterium
822 1524 967 1548 vestrum
989 1537 1035 1548 —.
1064 1521 1138 1550 Dat.

137 1572 283 1608 Pcrusii,
302 1573 334 1602 II
351 1571 425 1601 idus
441 1572 531 1607 maii,
550 1581 635 1601 anno
652 1580 748 1601 nono.
768 1584 781 1598 »

205 1757 322 1786 2542
714 1758 850 1789 Perousc,
865 1758 898 1784 14
914 1758 972 1784 mai
989 1758 1065 1784 1235.

173 1819 277 1846 Sancti
290 1819 444 1846 Vincentii
459 1822 485 1846 et
501 1820 603 1847 Sancti
618 1821 734 1847 Arnulfi
745 1820 910 1853 abbatibus,
928 1824 955 1847 et
966 1821 1028 1853 W„
1043 1822 1141 1848 archi-

135 1867 258 1895 diacono
274 1868 468 1901 Metensibus,
481 1870 602 1896 mandat
618 1872 761 1903 quatenus
776 1869 945 1903 Spirensem
960 1870 1140 1903 episcopum,

139 1916 210 1943 adeo
224 1916 332 1943 debitis
345 1920 510 1950 gravatum,
525 1918 600 1951 quod
616 1918 776 1944 verendum
792 1922 864 1944 esset
882 1926 917 1944 ne
934 1918 1082 1952 Spirensis
1099 1928 1142 1945 ec.-

139 1965 229 1991 clesia
250 1968 309 1992 tota
336 1974 490 1992 usurarum
514 1967 652 2000 voragine
676 1966 887 1999 absorberetur,
911 1981 943 1985 —
969 1969 1141 2001 praesertim

139 2021 204 2040 cum
219 2014 350 2040 redditus
362 2019 389 2040 et
404 2018 561 2048 prm-entus
571 2015 749 2049 episcopales
761 2015 791 2041 iu
805 2018 922 2042 tantum
934 2019 1029 2042 essent
1040 2020 1142 2044 tenues

138 2064 167 2088 et
189 2062 291 2094 exiles,
313 2063 389 2096 quod
409 2071 444 2088 ex
465 2063 506 2089 eis
527 2071 584 2089 non
605 2067 701 2097 posset
720 2064 913 2090 creditoribus
933 2065 1069 2091 satisfieri
1088 2074 1142 2092 neo

135 2110 229 2137 eidem
250 2111 384 2145 episcopo
404 2112 567 2139 necessaria
587 2112 766 2145 ministrari,
790 2127 822 2130 —
843 2113 889 2139 cui
910 2113 1045 2147 episcopo
1065 2121 1141 2147 papa

134 2162 315 2186 concesserat
326 2163 358 2186 ut
371 2160 433 2194 ipse
446 2160 586 2187 beneficia
600 2169 672 2195 quae
685 2164 754 2188 ante
767 2161 940 2188 electionem
955 2162 990 2188 de
1004 2162 1066 2196 ipso
1082 2164 1140 2189 fac-

135 2209 197 2234 tam
218 2208 376 2241 habuerat,
397 2217 519 2242 quorum
547 2212 720 2243 proventus,
740 2210 817 2237 sicut
834 2210 996 2243 dicebatur,
1020 2213 1139 2237 centum

137 2264 303 2283 marcarum
319 2258 481 2283 valentiam
498 2258 550 2284 vix
566 2258 760 2291 excedebant,
782 2259 873 2286 libere
892 2262 989 2293 posset
1002 2260 1139 2293 retinere,

136 2319 168 2323 —
185 2313 242 2330 non
258 2306 433 2338 permittant
449 2314 535 2340 super
548 2306 697 2333 beneficiis
710 2307 782 2341 ipsis
798 2307 834 2334 ab
847 2308 996 2342 aliquibus
1008 2308 1140 2336 indebite

139 2353 299 2380 molestari.
315 2368 346 2371 —
362 2354 448 2384 (Rae.
465 2354 508 2387 18,
526 2356 545 2381 f.
560 2355 645 2387 5201-0;
659 2364 728 2382 ann.
746 2356 799 2389 IX,
816 2365 840 2383 c.
857 2356 914 2388 49.)

176 2466 189 2480 «
218 2477 237 2482 ..
264 2455 371 2484 Sancti
398 2457 547 2484 vincentii
565 2462 590 2484 et
609 2479 627 2484 ..
646 2458 752 2486 Sancti
769 2458 891 2494 :lrnulfi
914 2459 1084 2493 abbatibus,
1112 2465 1138 2488 et

142 2507 194 2541 ΠΖ,
225 2508 442 2537 archidiacono
471 2508 683 2548 illelensffbus}
714 2510 784 2540 Etsi
818 2510 961 2540 libenter
995 2511 1138 2549 petenti-

135 2557 198 2587 bus
213 2574 260 2586 —-.
279 2559 352 2588 Dat.
370 2560 511 2595 Pcrusii,
530 2561 561 2590 ΙΙ
578 2561 652 2591 idus
668 2562 759 2597 maii,
775 2571 861 2592 anno
878 2572 975 2592 nono.
993 2575 1005 2589 »

202 2740 320 2769 2543
708 2747 845 2780 Perouse‚
860 2748 893 2774 15
910 2749 969 2775 mai
984 2749 1063 2776 1235.

170 2801 332 2830 Venetensi
355 2807 383 2830 et
404 2804 573 2833 Trecorensi
596 2807 812 2835 archidiaconis
830 2812 858 2835 et
878 2809 1017 2843 magistro
1037 2811 1136 2844 lvoni,

167 2920 188 2945 1.
205 2921 246 2946 Cr.
263 2923 555 2951 JArFt-E-LOEWENFELD
574 2928 646 2952 ¹466?
661 2928 684 2958 (4
703 2929 754 2952 mai
771 2929 847 2957 ¹¹82).

1225 337 1365 364 canonico
1391 337 1568 370 Venetensi,
1592 337 1715 364 mandat
1741 339 1900 370 quatenus,
1924 351 1956 355 -—
1979 345 2047 363 cum
2071 337 2230 364 Sabinensi

1225 386 1373 419 episcopo,
1396 394 1482 419 quem
1505 385 1567 420 ipse
1590 393 1665 419 papa
1680 385 1887 412 archidiacono
1904 384 2131 419 Corisopitensi,
2152 385 2231 420 epis-

1224 434 1287 467 copi
1305 434 1542 467 Corisopitensis‚
1557 436 1585 460 et
1598 433 1644 466 L.,
1662 433 1834 460 monasterii
1851 433 1954 460 Sancti
1966 433 2131 467 XVingaloi,
2147 433 2231 461 Cori—

1223 481 1380 515 sopitensis
1401 481 1557 515 dioecesis,
1579 481 1830 516 procuratoribus,
1851 481 1930 515 apud
1953 481 2059 508 Sedem
2079 482 2232 516 Apostoli-

1224 537 1288 555 cam
1305 529 1484 562 constitut-is,
1501 532 1529 556 et
1545 538 1631 564 super
1649 529 1827 562 obedientia,
1844 529 2020 562 reverentia,
2037 529 2229 563 subjectione,

1223 577 1427 611 procuratione
1451 580 1480 604 et
1504 578 1676 605 visitatione
1700 577 1868 604 volentibus
1892 577 2023 611 litigare,
2049 581 2231 605 concesserat

1223 625 1399 658 auditorem,
1413 628 1441 652 et
1455 634 1552 652 coram
1569 635 1624 660 quo
1640 626 1821 660 propositum
1836 627 1931 652 fuerat
1947 626 2023 659 quod
2036 626 2150 653 dictum
2167 635 2232 653 mo-

1223 673 1401 706 nasterium,
1429 673 1461 700 in
1484 673 1695 708 Corisopitensi
1721 674 1841 708 quidem
1866 674 1992 700 dioecesi
2019 674 2230 707 constitutum,

1223 724 1305 748 tanto
1320 724 1421 748 tamen
1440 725 1571 756 tempore
1589 723 1684 749 fuerat
1702 722 1921 756 archiepiscopo
1935 725 1963 749 et
1979 722 2119 749 ecclesiae
2138 723 2232 750 Turo-

1223 769 1364 796 nensibus
1377 770 1551 797 immediate
1566 770 1744 804 subjectum,
1761 771 1837 805 quod
1850 774 1951 797 contra
1964 771 2100 797 eumdem
2115 771 2232 798 Coriso-

1223 818 1370 852 pirensem
1384 818 1554 852 episcopum
1571 819 1602 845 in
1615 819 1754 846 omnibus
1768 819 1883 852 juribus
1897 819 2112 853 episcopalibus
2125 822 2154 846 et
2168 819 2232 846 sin-

1223 866 1300 900 gulis
1320 867 1552 901 praescriptione
1567 867 1702 901 legitima
1717 870 1814 894 tutum
1831 870 1907 900 erat,
1930 876 1988 894 non
2011 868 2154 902 potuisset
2168 868 2232 894 fieri

1223 923 1310 949 super
1330 915 1376 942 his
1398 916 1487 949 plena
1509 915 1668 948 certitudo,
1693 930 1725 933 —
1745 915 1884 942 admissis
1906 916 2103 950 positionibus
2120 918 2149 943 et
2170 925 2232 944 res-

1222 963 1430 997 ponsiouibus,
1451 963 1638 998 probat-iones
1663 972 1734 998 quas
1758 967 1882 997 utraque
1906 972 1972 998 pars
1992 973 2079 999 super
2095 965 2232 992 articulis

1223 1021 1294 1047 quos
1308 1013 1380 1047 ipsis
1394 1012 1447 1039 sub
1460 1013 1541 1039 bulla
1555 1021 1607 1039 sua
1624 1021 1701 1047 papa¹
1714 1013 1810 1040 mittit
1824 1013 2013 1046 interclusos,
2028 1013 2146 1040 duxerit
2163 1022 2231 1048 pro-

1223 1061 1386 1094 ducendas,
1410 1061 1489 1088 intra
1511 1064 1635 1095 quatuor
1657 1069 1772 1088 menses
1794 1061 1956 1095 recipiant,
1978 1069 2026 1088 eas
2048 1062 2102 1088 sub
2123 1061 2231 1096 sigillis

1222 1110 1279 1144 ipsi
1292 1118 1384 1144 papae
1398 1110 1612 1143 transmissuri,
1628 1110 1820 1144 praefigentes
1831 1110 1964 1144 partibus
1978 1110 2140 1137 terminum
2154 1119 2232 1137 com-

1222 1162 1372 1193 petentem
1397 1158 1648 1193 peremptorium,
1674 1167 1729 1192 quo
1753 1166 1804 1192 per
1823 1167 1854 1185 se
1880 1159 1927 1185 vel
1952 1166 2003 1192 per
2031 1160 2232 1193 procuratores

1222 1207 1381 1241 apostolico
1402 1207 1571 1241 conspectui
1592 1215 1622 1233 se
1641 1209 1872 1241 repraesentent.
1888 1222 1920 1225 —
1936 1207 2022 1239 (Rm.
2039 1206 2088 1240 18,
2105 1208 2126 1234 f.
2140 1206 2175 1234 20
2189 1210 2230 1240 r⁰;

1222 1264 1291 1283 anu.
1309 1256 1362 1289 IX,
1379 1264 1403 1282 c.
1421 1255 1471 1288 503
1487 1270 1519 1273 —
1535 1255 1669 1283 MOREAU
1682 1255 1762 1288 1190,
1777 1256 1797 1282 f.
1814 1255 1871 1287 28.)

1263 1369 1276 1383 «
1297 1379 1316 1385 ..
1343 1357 1497 1386 Venetensi
1516 1362 1542 1385 et
1561 1379 1579 1385 ..
1601 1357 1774 1386 Trecorensi
1795 1357 2042 1393 arclziditzconis‚
2069 1362 2093 1386 el
2116 1358 2232 1394 mayis-

1222 1414 1268 1438 tro
1283 1410 1390 1444 Iconi,
1415 1411 1562 1439 canonico
1590 1411 1754 1439 l'enetensi.
1774 1409 1913 1439 Dilectis
1928 1409 2008 1439 filiis
2027 1433 2046 1438 ..
2065 1409 2232 1440 archidia-

1222 1471 1304 1492 cono
1319 1479 1368 1491 —.
1387 1463 1461 1491 Dat.
1482 1462 1625 1498 Pcrusii,
1643 1462 1754 1492 idibus
1769 1462 1860 1498 maii,
1880 1471 1966 1492 anno
1984 1471 2082 1492 nono.
2103 1475 2116 1489 »

1293 1646 1413 1674 2544
1802 1647 1938 1679 Percuse,
1955 1647 1987 1673 11
2004 1647 2064 1673 mai
2081 1646 2159 1674 1235.

1259 1707 1387 1735 Sanctae
1401 1708 1504 1736 Crucis
1520 1711 1548 1735 et
1563 1709 1599 1735 de
1613 1709 1752 1735 Lilinfelt
1765 1710 1810 1741 (=
1826 1708 1999 1739 Lilienield)
2017 1708 2188 1741 abbatibuS,
2203 1711 2233 1736 et

1222 1757 1388 1791 praeposito
1409 1757 1664 1791 Nuemburgensi‚
1686 1757 1875 1784 Pataviensis
1893 1757 2049 1789 dioecesis,
2070 1757 2174 1784 scribit
2195 1757 2232 1784 de

1223 1805 1360 1831 nefandis
1376 1805 1543 1832 excessibus
1558 1814 1575 1832 a
1594 1806 1630 1832 D.
1641 1827 1647 1838 ‚
1664 1806 1808 1832 monacho
1824 1805 1996 1832 monasterii
2015 1806 2142 1832 Sanctae
2164 1805 2232 1833 Ma-

1222 1853 1284 1880 riae
1305 1854 1472 1881 Scottorum
1493 1854 1689 1887 Viennensis,
1710 1854 1742 1880 in
1763 1854 1864 1881 eodem
1890 1854 2067 1881 monasterio
2091 1854 2230 1888 patratis,

1223 1902 1323 1936 eisque
1339 1903 1462 1929 mandat
1478 1906 1638 1936 quatenus,
1655 1903 1691 1930 ad
1711 1903 1791 1930 idem
1808 1903 2020 1930 monasterium
2043 1903 2230 1935 accedentes,

1223 1951 1359 1977 eumdem
1387 1951 1423 1978 D.
1449 1952 1485 1978 ab
1510 1952 1572 1986 ejus
1594 1952 1754 1985 regimine,
1776 1952 1852 1986 quod
1868 1951 2009 1985 indignus
2022 1954 2230 1986 usurpaverat,

1222 2003 1409 2033 amoventes,
1423 2009 1457 2027 ea
1477 2009 1550 2034 quae
1570 2009 1620 2035 per
1636 2001 1733 2035 ipsum
1750 2001 1785 2027 de
1801 2001 1885 2028 bonis
1905 2001 2036 2034 ejusdem
2058 2000 2231 2027 monasterii

1222 2049 1353 2075 alienata
1365 2050 1413 2075 vel
1433 2049 1575 2076 distracta
1594 2049 1780 2082 invenerint,
1797 2049 1833 2076 ad
1849 2049 1895 2083 jus
1915 2052 1944 2076 et
1959 2049 2170 2083 proprietatem
2184 2049 2232 2084 ip-

1222 2097 1282 2124 sius
1298 2101 1450 2131 revocent,
1469 2101 1497 2124 et
1513 2098 1625 2125 iaciant
1640 2098 1720 2125 dicto
1736 2097 1913 2125 monasterio
1933 2098 1969 2124 de
1984 2106 2107 2132 persona
2125 2097 2232 2125 idonea

1221 2154 1272 2180 per
1292 2147 1467 2173 electionem
1492 2147 1665 2173 canonicam
1686 2147 1846 2181 provideri.
1862 2161 1894 2165 —-
1908 2147 1994 2178 (Bm.
2016 2146 2064 2180 18,
2086 2147 2106 2173 f.
2127 2146 2162 2173 20
2183 2149 2230 2179 v⁰;

1220 2203 1289 2222 ann.
1305 2195 1358 2228 IX,
1374 2204 1398 2221 e.
1415 2195 1466 2227 51;
1482 2210 1513 2213 —
1530 2196 1688 2222 Porrflas'r
1702 2195 1772 2222 9900
1782 2195 1821 2227 ³⁵.)

1261 2307 1273 2321 α
1296 2318 1316 2323 ..
1333 2296 1442 2325 Sancte
1458 2296 1564 2325 Crucis
1580 2301 1606 2325 et
1625 2319 1644 2324 ..
1661 2297 1799 2332 Lilinfelt
1811 2296 1982 2330 abbatibus,
2001 2301 2027 2325 et
2047 2297 2235 2334 ..preposito

1217 2348 1477 2385 Nuembztryensi,
1497 2349 1687 2378 Palavie71s1's
1710 2349 1845 2378 diocesis.
1864 2349 1909 2378 Ex
1926 2352 2018 2387 parte
2035 2347 2232 2378 dilectorum

1218 2399 1364 2429 filiorum
1382 2423 1401 2429 ..
1419 2400 1541 2438 prioris
1556 2405 1587 2430 et
1609 2405 1791 2431 conventus
1808 2401 2003 2431 monasterii
2024 2401 2143 2431 Sancte
2159 2401 2232 2430 Ma-

1218 2453 1266 2483 rie
1295 2454 1481 2483 Scottorum
1510 2454 1732 2486 Viennensis.
1767 2455 1807 2484 ad
1838 2463 1915 2488 nos,
1948 2454 2034 2484 sicut
2063 2457 2228 2489 asserunt,

1218 2505 1310 2535 nullo
1344 2506 1452 2536 medio
1482 2507 1699 2545 pertinentis,
1731 2507 1941 2537 Patavieusis
1972 2506 2133 2542 diocesis,
2165 2507 2231 2536 suit.

1217 2559 1422 2597 propositum
1451 2568 1561 2590 coram
1589 2560 1684 2590 nobis
1712 2560 1799 2599 quod
1823 2561 1875 2595 D.,
1902 2560 2010 2598 ipsius
2034 2559 2231 2589 monasterii

1217 2611 1418 2647 monachus,
1444 2612 1492 2642 eis
1518 2613 1731 2648 cenantibus,
1756 2612 1916 2651 quosdam
1932 2612 2034 2642 laicos
2051 2611 2230 2642 conductos

1217 2664 1323 2701 pretio
1339 2664 1522 2694 introduxit
1538 2666 1573 2694 in
1590 2666 1805 2696 refectorium
1827 2665 2025 2701 eorundem,
2050 2665 2108 2704 qui
2129 2674 2228 2703 quos-

1218 2717 1292 2746 dam
1313 2726 1351 2746 ex
1373 2717 1545 2752 fratribus,
1565 2719 1750 2757 evaginatis
1767 2718 1898 2756 gladiis,
1920 2718 2084 2757 nequiter.
2102 2717 2164 2747 Dei
2186 2717 2229 2746 ti-

1216 2778 1308 2799 more
1325 2771 1523 2808 postposito,
1541 2771 1731 2801 verberatos
1752 2771 1910 2801 carcerali
1931 2770 2079 2801 custodie
2101 2769 2229 2800 manci-

1217 2827 1356 2860 parunt,
1396 2827 1426 2852 et
1463 2832 1628 2853 cameram
1661 2847 1680 2852 ..
1714 2823 1881 2862 quondam
1913 2823 2061 2862 ipsorum
2098 2822 2232 2852 abbatis

1217 2874 1384 2905 hostiliter
1399 2875 1606 2911 invadentes,
1625 2885 1700 2905 cum
1717 2885 1754 2906 ex
1771 2876 1828 2906 illa
1850 2885 1909 2915 per
1931 2875 2068 2914 capillos
2086 2874 2229 2913 turpiter

1218 2927 1402 2966 ejecerunt;
1421 2937 1519 2967 quem
1542 2929 1674 2959 tandem
1693 2929 1800 2958 dictus
1816 2929 1868 2964 D.,
1887 2937 1962 2958 cum
1982 2932 2108 2958 tantam
2124 2927 2229 2958 comi-

2391 3447 2423 3487 ἐμ,
2418 3403 2420 3405 .
