2519 3518
127 308 200 339 1197
969 297 1192 336 DOUZIEME
1214 297 1373 334 ANNEE.
2141 304 2216 336 1198

123 374 320 404 mandamus
350 378 513 413 quatenus
539 383 602 413 que
628 383 646 404 a
667 373 805 412 prefatis
828 372 1076 411 archiepiscopo
1099 374 1130 401 et

124 425 300 456 abbatibus
329 436 428 465 super
456 426 630 465 premissis
658 426 811 456 ordinata
836 429 914 456 sunt
940 429 971 456 et
996 429 1128 460 statuta,

122 478 364 509 inviolabiliter
387 479 582 510 observetis.
607 480 680 509 Dat.
706 479 872 514 Laterani,
891 479 958 508 IIII
977 477 1052 507 idus
1075 477 1130 507 de-

123 531 276 567 cembris,
295 540 382 562 anno
397 531 602 562 duodecimo.
625 543 638 558 n

195 710 317 738 4690

160 772 305 806 Episcopo
325 772 537 799 Matisconensi
562 772 684 798 mandat
707 775 851 805 quatenus
871 772 1017 805 quoddam
1037 774 1132 798 statu-

124 823 187 847 tum
209 829 226 847 a
251 821 471 855 praedecessore
495 820 709 854 archiepiscopi
731 820 937 853 Lugdunensis
960 823 1031 847 tune
1053 820 1132 847 exis-

125 869 216 896 tentis
240 869 372 901 editum,
400 869 542 896 videlicet
566 871 616 901 ut,
648 869 672 895 si
698 869 763 902 quis
790 869 825 895 de
850 875 927 896 terra
952 868 1130 901 Humberti,

122 917 239 944 domini
261 918 338 944 Belli
366 917 439 949 Joci,
467 925 518 951 per
538 917 734 951 quadraginta
755 917 818 943 dies
839 917 870 943 in
894 916 1132 943 excommunica-

124 964 204 991 tione
221 966 426 999 permanserit,
444 965 532 992 unius
550 973 665 991 marcae
686 965 800 998 argenti
820 973 930 999 poenae
955 965 1129 998 subjaceret,

124 1021 178 1040 nec
204 1013 267 1047 ipse
293 1013 427 1040 observet
451 1021 506 1040 nee
530 1013 561 1040 in
587 1013 802 1040 Matisconensi
827 1013 954 1040 dioecesi
982 1013 1131 1040 observari

124 1062 288 1097 permittat.
306 1077 338 1080 —
354 1063 441 1094 (Res.
459 1061 504 1094 19,
521 1063 542 1088 f.
561 1061 594 1088 65
610 1065 654 1094 v⁰;
671 1070 741 1088 ann.
758 1061 827 1094 XII,
844 1070 869 1088 c.
887 1061 961 1092 351.)

617 710 738 741 Latran,
754 710 788 736 26
806 709 965 736 novembre
981 709 1059 736 1238.

165 1175 178 1190 «
199 1186 218 1192 ..
235 1164 368 1201 episcopo
380 1163 602 1192 Matisconensi.
622 1163 669 1192 Ex
685 1166 777 1200 parte
792 1161 914 1191 nobilis
934 1161 998 1190 viri
1013 1161 1134 1200 H[um-

123 1215 233 1255 berti],
252 1215 475 1245 dominiBelli
486 1215 570 1250 Joci,
589 1214 712 1244 nostris
729 1214 927 1244 estant-ibus
942 1214 1133 1243 intimatum

123 1268 211 1307 quod
237 1267 317 1298 olim
344 1267 428 1297 bone
454 1267 613 1297 memorie
645 1289 665 1296 ..
689 1267 903 1305 predecessor
930 1265 1132 1297 venerabilis

124 1321 238 1351 fratris
262 1320 367 1350 nostri
394 1343 413 1350 ..
440 1319 681 1358 archiepiscopi
703 1319 938 1357 Lugdunensis
953 1318 1069 1349 statuit
1084 1322 1130 1355 ut,

123 1374 153 1403 si
169 1373 292 1412 aliquis
306 1373 481 1403 hominum
497 1376 583 1402 terre
598 1371 705 1410 ipsius
723 1371 857 1405 nobilis,
876 1371 1133 1401 Matisconensis

122 1426 277 1461 diocesis,
305 1434 363 1464 per
388 1425 609 1464 quadraginta
632 1424 702 1454 dies
728 1424 763 1453 in
792 1424 1134 1454 excommunicatione

123 1478 359 1518 permanserit,
391 1477 493 1507 unius
520 1486 631 1507 marce
664 1476 793 1515 argenti
825 1485 909 1515 pene
942 1476 1130 1516 subjaceat.

121 1533 231 1568 Quare
243 1530 397 1561 nonnulli
407 1529 581 1560 hominum
595 1530 784 1565 eorundem,
801 1529 1014 1567 simplicitate
1029 1529 1134 1559 nimia

101 1600 103 1603 ·
121 1584 325 1620 laborantes,
360 1587 472 1621 utpote
502 1582 559 1621 qui
587 1582 684 1621 quasi
714 1582 885 1612 silvestres
916 1581 1069 1611 habitant
1097 1582 1133 1612 in

121 1637 303 1672 montanis,
329 1636 442 1674 sepius
464 1635 678 1675 ignorant[ia]
694 1635 887 1674 hujusmodi
906 1635 1133 1665 excommuni-

120 1689 497 1724 cationemincur1·nnt;
518 1692 549 1719 et.
570 1688 768 1727 quibusdam
790 1688 889 1718 etiam
906 1688 1133 1718 excommuni-

119 1742 204 1772 catis
220 1741 384 1772 absolutio
401 1741 594 1772 multotiens
610 1741 809 1776 retardatur,
827 1745 863 1770 ut
874 1742 894 1776 ¹,
913 1745 1045 1779 propter
1061 1741 1132 1779 lap-

121 1804 196 1825 sum
213 1794 382 1833 temporis,
400 1794 441 1824 ad
456 1794 657 1824 solutionem
674 1794 760 1824 dicte
778 1793 919 1832 pecunie
936 1798 1129 1830 teneantur;

120 1848 235 1887 sicque
251 1847 356 1886 aliqui
372 1847 731 1877 excommunicatorum
748 1847 908 1885 ipsorum,
926 1855 990 1876 non
1004 1847 1130 1877 haben-

121 1902 205 1931 tium
217 1900 297 1940 quid
310 1900 509 1938 persolvant,
522 1900 799 1930 excommunicati
811 1899 983 1936 decedunt,
997 1900 1132 1938 quidam

121 1963 198 1984 vero
210 1953 354 1983 scienter
364 1953 400 1982 in
412 1953 752 1983 excommunicatione
766 1952 958 1990 perdurant.
971 1952 1133 1988 Quocirca

122 2007 318 2037 mandamus
343 2010 516 2044 quatenus,
547 2005 575 2035 si
598 2009 646 2036 est
669 2005 724 2040 ita,
752 2005 932 2043 prudenter
958 2005 1132 2035 attendens

121 2059 210 2098 quod
226 2058 349 2088 talibus
366 2058 550 2096 periculum
575 2059 762 2088 animarum
786 2062 817 2087 et
841 2057 917 2087 aliis
939 2057 1133 2087 scandalum

123 2118 310 2152 generatur,
344 2117 505 2144 statutum
536 2113 737 2152 hujusmodi,
773 2113 931 2143 canonice
967 2113 1133 2143 sanctioni

122 2167 327 2197 contrarium
355 2175 391 2196 ac
421 2166 608 2196 animarum
632 2165 835 2204 profectibus
860 2166 1046 2199 inimicum,
1067 2175 1133 2196 non

122 2220 279 2249 observes
296 2228 356 2249 nec
374 2219 408 2248 in
427 2219 540 2249 eadem
556 2219 679 2248 diocesi
696 2218 866 2248 observari
885 2219 1069 2256 permittas,
1087 2219 1134 2248 ita

125 2273 212 2311 quod
233 2282 271 2302 ex
298 2272 359 2302 hoc
384 2276 440 2301 tua
464 2272 568 2310 possit
593 2271 750 2301 discretio
775 2271 999 2301 commendari
1020 2276 1051 2301 et
1074 2280 1133 2301 nos

126 2330 257 2364 propter
277 2325 338 2355 hoc
358 2325 530 2363 providere
554 2324 651 2354 aliter
673 2333 737 2353 non
759 2333 926 2361 cogamur.
946 2325 1020 2354 Dat.
1038 2325 1134 2354 Late-

125 2378 210 2414 rani,
227 2379 272 2408 Vi
289 2377 448 2408 kalendas
465 2377 660 2412 decembris,
682 2385 768 2406 anno
785 2377 990 2407 duodecimo.
1011 2389 1023 2403 υ

195 2555 306 2582 4691

162 2618 306 2652 Episcopo
320 2617 476 2648 Bosnensi,
493 2620 686 2649 consurgente
702 2616 732 2642 in
748 2616 881 2650 partibus
895 2616 967 2648 illis,
981 2625 1066 2650 opera
1082 2617 1134 2644 Co-

125 2667 275 2698 lomanni,
302 2666 377 2699 regis·
401 2663 642 2700 [Ruthenorum].
669 2664 752 2690 ducis
777 2664 967 2696 Sclavoniae,
993 2665 1135 2699 religione

626 2553 747 2585 Latrau,
764 2553 797 2580 23
813 2553 967 2580 decembre
984 2554 1062 2581 1238.

125 2715 310 2746 Christiana,
333 2715 437 2748 plenae
461 2713 617 2747 legationis
637 2713 765 2739 officium
791 2713 820 2739 in
842 2713 986 2739 Bosncnsi
1009 2713 1135 2740 dioecesi

125 2764 299 2795 committit,
313 2771 439 2797 eumque
452 2765 532 2796 rogat
547 2764 692 2796 quatenus
704 2762 804 2788 fideles
818 2761 849 2788 in
866 2770 953 2795 regno
965 2762 1136 2795 Hungariae

127 2813 304 2840 constitutos
323 2812 508 2843 exhortetur,
530 2814 562 2837 ut
583 2819 613 2837 se
633 2818 646 2835 «
666 2810 824 2843 accingant
843 2810 878 2836 ad
898 2810 1025 2837 heretice
1045 2811 1136 2844 pestis

128 2870 142 2887 ⁵)
163 2861 315 2888 residuum
332 2860 368 2887 de
383 2860 517 2895 predicta
537 2859 646 2886 diocesi
663 2859 781 2893 penitus
799 2858 976 2885 abolendum
996 2866 1026 2891 »;
1049 2859 1075 2885 ei
1095 2858 1136 2885 si-

164 2975 184 2998 t.
201 2975 345 2999 Petit-cue
364 2974 456 2998 raucit
474 2973 622 2997 enteudre:
641 2975 741 2997 arle‘)...
759 2975 797 3001 ut,
810 2979 857 2996 ou:
874 2973 942 2997 ila...
960 2975 998 2996 ul.

1213 371 1333 404 gnificat
1348 380 1378 398 se
1393 372 1530 399 omnibus
1549 372 1679 406 ejusdem
1698 373 1790 406 regni,
1807 373 1856 406 qui
1872 376 1972 399 contra
1988 372 2117 406 ejusdem
2135 372 2216 399 dioe-

1212 419 1286 446 cesis
1307 420 1478 451 haereticos,
1502 424 1636 455 suscepta
1657 429 1755 453 cruce,
1778 421 1971 455 processerint
1991 425 2041 448 aut
2061 421 2216 448 bellatores

1214 468 1338 502 propriis
1363 469 1499 502 expensis
1524 469 1669 501 miserint,
1693 470 1884 501 concessisse,
1912 470 1995 503 juxta
2018 470 2215 504 quantitatem

1212 516 1349 549 subsidii,
1366 518 1483 544 veniam
1503 521 1687 552 peccatorum
1701 526 1707 550 ;
1722 519 1850 552 denique
1868 519 1962 545 eidem
1980 519 2114 553 episcopo
2132 527 2218 553 super

1214 565 1266 591 hoc
1279 566 1393 599 negotio
1408 566 1491 592 illam
1507 567 1643 593 concedit
1657 570 1843 601 potestatem,
1857 576 1943 601 quam
1959 569 2048 594 frater
2058 568 2217 598 Johannes.

1214 613 1345 647 ejusdem
1365 614 1578 647 praedecessor,
1601 615 1637 641 ab
1658 616 1829 649 Apostolica
1850 616 1925 643 Sede
1948 616 2106 648 habuerat;
2125 623 2138 641 α
2153 624 2218 650 pre-

1215 670 1229 687 »
1249 662 1382 689 sentibus
1403 665 1466 696 post
1490 663 1652 689 triennium
1675 663 1800 690 minime
1818 664 1966 691 valituris.
1985 672 1998 689 ¹)
2015 679 2047 682 —
2063 665 2150 695 (Res.
2173 663 2218 696 19,

1215 710 1235 736 f.
1254 710 1288 736 65
1307 713 1353 742 v⁰;
1370 719 1439 737 ann.
1461 711 1529 743 XII,
1544 720 1569 738 e.
1584 711 1653 743 352;
1671 726 1702 729 -
1719 711 1851 740 Monac
1868 712 1947 744 1192,
1967 713 1986 738 f.
2003 712 2071 744 244;
2089 726 2120 730 —-
2143 712 2218 739 POT-

1213 767 1307 786 ·rtmsr
1322 759 1432 790 10693.)

1256 871 1268 885 «
1289 882 1308 887 ..
1326 861 1458 897 episcopo
1475 861 1628 889 Bosnensi.
1646 860 1722 891 sedi
1746 860 1933 899 Apostolice
1953 861 2153 899 presidentis
2169 878 2218 891 —.

1215 914 1286 942 Dat.
1309 913 1475 948 Laterani,
1492 914 1522 943 X
1535 913 1694 944 kalendas
1706 914 1865 953 januarii,
1884 923 1970 944 anno
1984 914 2186 944 duodecimo.
2203 926 2216 941 ι)

1286 1089 1402 1118 4692
1713 1091 1833 1123 Latran,
1850 1091 1883 1118 22
1898 1091 2052 1119 decembre
2067 1092 2145 1119 1238.

1251 1151 1480 1184 Colomannum,
1502 1160 1597 1185 regem
1615 1151 1845 1188 [Ruthenorum]
1864 1156 1892 1180 et
1910 1153 2014 1180 ducem
2033 1154 2219 1187 Sciat-oniae,

1215 1201 1317 1227 laudat
1335 1201 1410 1234 quod
1431 1201 1536 1234 vigilet
1557 1208 1570 1225 «
1588 1205 1630 1233 ut,
1645 1201 1681 1227 de
1700 1202 1796 1228 Bosne
1813 1201 1945 1235 partibus
1967 1202 2072 1229 deletis
2089 1203 2221 1237 pravita-

1216 1256 1229 1274 ›)
1243 1249 1280 1276 tis
1297 1249 1425 1276 heretice
1442 1250 1578 1281 maculis,
1593 1249 1704 1276 ibidem
1717 1250 1828 1283 fulgeat
1840 1251 1940 1277 lumen
1955 1251 2098 1278 catholice
2112 1252 2222 1285 purita-

1216 1306 1229 1323 »
1242 1298 1317 1329 tis»;
1328 1306 1394 1324 eum
1408 1299 1541 1325 hortatur
1553 1298 1588 1325 ad
1599 1298 1673 1325 bene
1684 1298 1803 1332 incepta
1812 1299 2023 1333 prosequenda.
2035 1314 2065 1318 -
2078 1300 2164 1331 (Res.
2176 1300 2220 1332 19,

1215 1346 1235 1372 f.
1253 1346 1287 1372 66
1305 1350 1342 1378 r⁰;
1359 1355 1428 1373 ann.
1446 1346 1514 1379 XII,
1532 1355 1556 1373 c.
1574 1347 1643 1377 3532
1661 1361 1693 1364 —
1716 1346 1849 1374 MOREAU
1873 1347 1951 1380 1192,
1974 1349 1994 1375 f.
2011 1348 2072 1381 243,
2090 1357 2125 1374 ex
2143 1349 2221 1375 Ru-

1216 1403 1326 1427 NALooe
1344 1410 1376 1413 —
1391 1395 1548 1422 Pommsr
1563 1395 1674 1426 10688.)

1258 1507 1271 1521 «
1295 1496 1467 1525 Karissimo
1491 1497 1523 1525 in
1549 1497 1668 1526 Christo
1694 1496 1759 1532 filio
1788 1497 1981 1531 Colomanno,
2006 1498 2125 1526 illustri
2148 1498 2222 1535 reyi,

1216 1549 1287 1577 (luci
1312 1548 1482 1578 Solanonie.
1512 1550 1559 1578 De
1587 1549 1723 1588 superni
1758 1549 1847 1587 regis
1874 1567 1924 1579 —.
1953 1550 2026 1579 Dat.
2056 1550 2222 1585 Laterani,

1214 1602 1263 1631 XI
1280 1601 1439 1631 kalendas
1452 1602 1612 1641 J'anuarii,
1631 1611 1717 1632 anno
1736 1602 1941 1632 duodecimo.
1961 1614 1974 1629 »

1283 1779 1402 1806 4693
1716 1780 1837 1813 Latran,
1854 1781 1888 1807 22
1901 1781 2054 1808 decembre
2069 1781 2147 1808 1238.

1247 1841 1512 1875 Archiepiscopum
1534 1841 1767 1875 Strigoniensem
1791 1843 1912 1876 ejusque
1933 1842 2129 1877 suffraganeos
2151 1844 2219 1870 bor-

1212 1892 1292 1917 tatur
1308 1892 1452 1924 quatenus
1468 1889 1603 1923 episcopo
1616 1890 1771 1922 Bosnensi,
1786 1893 1958 1925 paupertate
1974 1891 2069 1918 nimia
2082 1900 2218 1926 praegra-

1213 1941 1291 1970 vato,
1313 1938 1360 1964 cui
1380 1938 1443 1972 ipse
1463 1946 1539 1972 papa
1562 1940 1666 1972 plenae
1691 1939 1847 1972 legationis
1872 1940 1902 1966 in
1927 1940 2052 1967 dioecesi
2073 1941 2217 1969 Bosnensi

1212 1987 1340 2014 officium
1361 1987 1553 2019 commiserit,
1577 1987 1652 2014 illud
1674 1988 1838 2014 subsidium
1860 1988 1896 2015 de
1916 1988 2001 2015 bonis
2023 1989 2083 2016 suis
2105 1989 2219 2024 impen-

1213 2036 1296 2066 dant,
1318 2043 1368 2069 per
1390 2035 1465 2069 quod
1486 2035 1564 2062 idem
1589 2036 1672 2062 illius
1693 2036 1820 2062 officium
1837 2037 1874 2063 ad
1895 2040 2064 2071 exoptatum
2082 2038 2219 2065 effectum

1214 2084 1305 2118 possit
1322 2084 1452 2117 perduci.
1472 2099 1503 2102 ——
1518 2085 1604 2116 (Rae.
1619 2084 1663 2116 19,
1679 2085 1698 2111 f.
1714 2084 1747 2111 66
1761 2088 1797 2116 r⁰;
1813 2094 1882 2112 ann.
1897 2085 1965 2118 XII,
1983 2094 2007 2112 c.
2022 2086 2089 2118 3543
2107 2101 2139 2104 —-
2154 2087 2221 2114 Mo-

1215 2141 1293 2159 REAU
1310 2132 1390 2165 1192,
1408 2133 1427 2159 f.
1444 2132 1510 2164 242ς
1529 2147 1560 2150 ——
1577 2133 1734 2160 Formas-r
1750 2133 1859 2164 10692.)

1257 2245 1270 2260 «
1290 2256 1309 2262 ..
1327 2234 1549 2271 archiepiscopo
1560 2234 2015 2272 Striqonieusietsuffraqancis
2025 2236 2099 2272 ejus.
2115 2235 2223 2266 Eccle-

1216 2286 1342 2316 siarum
1358 2286 1514 2324 regimini
1531 2277 1738 2324 presidentes
1753 2304 1798 2315 -—-.
1819 2287 1893 2317 Dat.
1912 2291 1947 2317 ut
1966 2297 2076 2326 supra.
2093 2300 2107 2314 ι)

1253 2407 1364 2432 489⁴.
1382 2420 1414 2423 —
1437 2406 1469 2432 In
1492 2406 1617 2432 eundem
1646 2406 1763 2433 modum
1783 2407 2017 2439 ..archiepiscopo
2040 2408 2176 2433 Colorensi
2199 2411 2222 2433 ee

1215 2454 1398 2486 sufft'ayanez's
1410 2455 1478 2486 eJ'us.

1288 2619 1407 2646 4695

1252 2681 1571 2713 AbbatiWaradiensi,
1582 2682 1694 2708 ordinis
1706 2683 1800 2709 sancti
1814 2683 1980 2715 Benedicti,
1993 2683 2224 2717 Quinque-mele-

1217 2729 1323 2756 siensis
1336 2729 1488 2761 dioecesis,
1506 2730 1653 2763 significat
1674 2739 1703 2756 se
1728 2730 1863 2764 episcopo
1886 2731 2039 2758 Bosnensi.
2065 2731 2102 2757 ad
2122 2732 2223 2759 delen-

1217 2778 1284 2803 dam
1307 2777 1343 2803 de
1370 2778 1514 2804 Bosnensi
1539 2778 1665 2804 dioecesi
1697 2779 1843 2804 maculam
1871 2779 2034 2805 haereticae
2055 2780 2222 2813 pravitatis,

1218 2826 1322 2859 plenae
1343 2825 1499 2859 legationis
1513 2826 1640 2852 officium
1659 2826 1852 2858 commisisse,
1873 2826 1957 2860 eique
1980 2827 2102 2853 mandat
2122 2832 2224 2861 quate-

1712 2621 1832 2653 Latran,
1853 2621 1887 2647 22
1903 2621 2056 2648 decembre
2072 2622 2150 2649 1238,

1218 2882 1283 2905 nus,
1303 2873 1339 2900 ad
1359 2874 1574 2907 assequendum
1596 2882 1682 2907 super
1706 2875 1758 2900 hoc
1777 2874 1978 2908 prosperitatis
1996 2875 2223 2904 incrementum.

1219 2929 1233 2946 «
1254 2921 1329 2948 bona
1352 2930 1407 2955 que
1428 2930 1478 2955 pro
1498 2922 1700 2956 redemptione
1718 2926 1852 2948 votorum
1877 2922 2144 2955 crucesignatorum
2165 2924 2225 2951 L'n-

1220 2977 1234 2994 »
1254 2970 1334 3003 garie
1363 2974 1463 2996 eontra
1487 2970 1630 2996 hereticos
1653 2970 1777 2996 diocesis
1805 2970 1935 3004 ejusdem
1960 2974 2029 2998 sunt
2056 2971 2157 2998 habita
2178 2973 2226 2999 vel
