2423 3487
144 284 197 314 391
873 272 1112 305 REGIsTREs
1134 271 1189 300 DE
1212 264 1434 302 0110001110
1460 275 1516 303 ix.
2186 269 2243 300 392

148 359 272 381 ramne,
302 350 332 377 X
362 346 520 376 kalendas
550 344 653 383 junii,
691 343 902 380 pontificatus
931 339 1034 369 nostri
1067 346 1153 367 anno
1190 341 1196 347 ’

148 403 285 433 decimo.
310 414 321 425 υ

218 581 335 608 3155
761 574 860 604 Terni,
877 573 910 599 23
928 572 986 599 mai
1003 571 1081 598 1236.

183 643 402 672 Architliacono
417 639 636 669 Cautuariensi,
654 638 752 665 abbati
770 637 805 663 de
828 635 949 663 Boxlcia
970 638 996 661 et
1015 634 1155 667 magistro

150 694 276 721 Roberto
292 692 327 718 de
350 687 569 724 Sumcrcoffesj,
593 687 771 714 subdiacono
793 694 853 713 5110,
871 685 905 711 [lc
922 683 1022 710 cadem
1040 691 1069 708 re
1083 682 1155 708 scri-

148 743 231 774 bens,
255 741 375 768 mandat
393 742 537 773 quatenus
559 736 723 771 praedictos
741 734 914 767 iiiagisti‘uiii
933 735 960 758 ct
978 733 1080 758 fratres
1098 739 1155 756 non

150 791 323 826 permittant
348 789 384 815 ab
407 786 557 821 aliquibus
581 784 741 811 0101051011.
767 798 797 801 -
821 783 906 815 (Rno.
929 781 977 813 18,
1003 781 1022 806 f.
1043 779 1094 806 156
1110 782 1154 811 v⁰;

149 849 218 867 anu.
236 840 279 872 X,
297 849 321 864 c.
337 838 393 868 83.)

192 955 203 968 <t
221 965 241 970 ..
257 940 476 970 archidiacono
488 936 716 969 Cantararicnse‘,
733 958 750 962 ..
765 934 866 962 abbati
882 933 914 961 ‹Ir
931 932 1077 965 1101111111,
1098 931 1156 959 Cis-

151 978 314 1025 laciensis*
328 993 462 1023 ordinis,
489 996 514 1019 rt
542 990 685 1026 suugyislro
710 988 829 1016 noterio
851 987 884 1014 tle
906 983 1153 1022 Suvn[rr]cot[rs],

149 1048 333 1078 subdiacono
346 1050 456 1074 nostro.
472 1044 611 1079 ltosl'mtsis
625 1047 649 1070 εί
666 1041 886 1070 Lincolnz'mzsis
899 1039 1059 1068 atomum
1075 1037 1157 1067 Cum

152 1101 289 1130 dilectos
306 1099 392 1127 filios
407 1115 454 1125 -.
473 1097 546 1125 Dat.
566 1100 598 1124 111
618 1103 725 1132 supra.
751 1106 761 1118 >=

223 1279 342 1307 3¹15ss

191 1341 387 1374 Strigoniensi
403 1343 430 1367 et
445 1338 597 1367 Colocensi
614 1336 844 1370 archiepiscopis
859 1338 886 1362 ct
903 1344 1001 1362 corum
1020 1334 1161 1368 suffragat-

767 1273 866 1305 Terni,
883 1273 917 1299 24
934 1272 993 1299 mai
1009 1272 1088 1299 1236.

154 1392 216 1419 11015
232 1390 352 1417 mandat
370 1392 524 1423 quatenus,
543 1402 573 1405 —
591 1386 615 1413 si
633 1383 801 1420 [Jobaunes]
819 1385 960 1415 Assanus,
979 1382 1040 1418 [rex
1055 1384 1161 1417 Bulga-

153 1439 237 1474 riael,
255 1425 341 1473 quem
356 1445 431 1471 papa
446 1438 599 1463 monuerat
613 1436 656 1463 ut.
669 1442 683 1460 a
698 1433 837 1460 societate
854 1431 1018 1467 [Jobaunis]
1030 1432 1160 1464 Vatacii,

154 1488 354 1525 [imperatoris
369 1488 547 1514 Graecorum
564 1482 696 1517 Nicenil,
711 1482 832 1509 0111111110
852 1482 1005 1510 recedens,
1020 1481 1057 1508 ab
1070 1481 1163 1507 infes—

157 1538 268 1566 tatione
285 1537 458 1564 Latinorum
483 1533 647 1565 desisteret,
669 1531 838 1566 apostolicis
860 1530 1009 1557 mandatis
1029 1530 1163 1563 acquies-

157 1595 220 1614 cere
242 1594 299 1612 non
316 1583 480 1615 curaverit,
499 1598 530 1600 —
554 1582 651 1616 ipsum
673 1583 701 1607 et
719 1588 820 1607 omnes
841 1579 871 1606 10
894 1580 947 1605 1100
967 1579 1115 1612 adjutores
1136 1580 1164 1604 et

156 1637 285 1663 fautores
297 1634 390 1668 ipsius
403 1631 672 1659 excommunicent.
687 1645 718 1648 —
732 1630 817 1662 (REO.
830 1628 878 1661 18,
893 1628 974 1654 f.156
985 1631 1013 1653 νο
1024 1636 1030 1659 ;
1043 1636 1112 1654 ann.
1123 1628 1163 1660 X,

158 1694 182 1712 c.
201 1685 249 1715 84;
267 1699 298 1701 —
315 1683 473 1710 romum
486 1680 590 1711 10165;
608 1694 639 1697 —
657 1680 694 1705 cf.
712 1685 808 1710 salmo,
824 1686 852 1703 11.
870 1676 1047 1707 28722879.)

201 1799 212 1812 «
233 1786 280 1823 [..]
306 1783 512 1821 ,ΞΗ-1901110051
536 1786 561 1810 et
581 1779 627 1819 [..]
650 1780 801 1809 t'oloccnst'
819 1779 1056 1816 archiepiscopis
1076 1783 1101 1807 ct
1119 1787 1166 1807 co-

158 1850 231 1869 rum
251 1838 465 1876 suffrayaneis.
489 1835 569 1866 Cum
592 1833 736 1863 nobilem
767 1832 874 1861 virum
896 1849 945 1860 —.
974 1832 1047 1861 Dat.
1077 1832 1167 1861 Inte-

159 1901 285 1925 ramne,
302 1891 401 1920 VIIII
418 1887 578 1918 kalendas
594 1880 694 1925 junii,
713 1894 798 1914 anno
815 1884 953 1914 decimo.
974 1896 986 1909 ιι

232 2077 347 2106 ῧὶἷιῖ

199 2140 302 2168 Sancti
317 2137 457 2166 Gereonis
472 2140 500 2163 et
515 2136 618 2163 Sancti
635 2134 764 2168 Georgii,
778 2133 963 2161 Coloniensis
975 2133 1126 2165 dioecesis,
1142 2136 1170 2160 et

776 2071 877 2103 Terni,
893 2071 926 2097 22
943 2071 1001 2097 mai
1019 2070 1097 2097 1236.

163 2188 343 2223 Pinguensi,
365 2186 561 2217 Mauuntinae
582 2183 737 2215 dioecesis,
760 2182 935 2217 praepositis
954 2182 1075 2208 mandat
1099 2190 1170 2216 qua-

165 2243 251 2266 tenus
274 2236 422 2265 Conrado,
445 2233 585 2261 canonico
608 2231 793 2263 Coloniensi,
816 2231 908 2265 ipsius
934 2238 1026 2264 papae
1051 2230 1170 2257 subdia-

165 2296 251 2319 cono,
276 2288 339 2320 post
360 2283 593 2319 praeposituram
619 2282 745 2308 Sanctae
767 2280 881 2307 Mariae
901 2280 936 2306 atl
954 2279 1069 2306 Gradus
1086 2279 1171 2307 Colo-

164 2335 294 2367 niensis,
328 2332 561 2368 praeposituram
596 2330 801 2358 Coloniensem
833 2337 889 2355 0011
918 2331 1073 2355 vacantem
1102 2337 1172 2356 con-

165 2382 341 2418 cupiscenti,
361 2384 389 2408 et
406 2380 508 2407 litibus
530 2379 714 2411 Conradum,
732 2377 937 2405 Coloniensem
956 2377 1171 2411 praepositum,

167 2431 317 2466 fatiganti.
335 2429 477 2456 kalendas
494 2427 604 2454 mensis
620 2425 795 2460 septembris
809 2425 944 2460 proximo
960 2425 1052 2452 futuri
1069 2425 1172 2452 termi-

167 2490 238 2508 num
256 2478 487 2514 peremptorium
507 2476 683 2511 praefigant,
702 2484 757 2509 quo
774 2483 869 2501 coram
892 2483 967 2508 papa.
988 2477 1172 2508 compareat;

167 2529 294 2557 diversis
310 2527 460 2555 mandatis
479 2530 566 2560 super
589 2524 734 2551 fructibus
755 2523 886 2557 ejusdem
908 2523 1126 2557 praepositurae
1147 2525 1175 2550 et

168 2579 267 2605 eodem
279 2568 402 2611 negotio
418 2575 552 2609 adjectis.
568 2589 599 2592 —
615 2574 700 2605 (Rau.
716 2572 759 2605 18,
777 2573 797 2599 f.
814 2572 865 2599 156
882 2576 926 2603 ν”ς
942 2580 1011 2598 ann.
1024 2572 1063 2604 X,
1077 2580 1100 2598 c.
1118 2571 1175 2603 85.)

211 2692 223 2705 α
247 2701 267 2707 ..
293 2677 400 2707 Sancti
427 2676 565 2705 Gerronis
584 2679 609 2703 ct
632 2697 652 2703 ..
674 2674 781 2703 Sancti
806 2673 945 2710 Georffl'i,
968 2673 1152 2702 Colonienst's
1168 2696 1174 2707 ,

169 2737 194 2761 et
219 2755 237 2760 ..
260 2729 444 2767 Pinyzcensi,
472 2728 651 2765 Magantia&
675 2727 843 2760 diocesani,
866 2726 1038 2762 prepositis.
1067 2724 1177 2754 Dilec-

169 2788 223 2814 tus
246 2783 335 2812 filius
353 2780 536 2815 Conradus,
555 2779 742 2818 prepositus
762 2777 983 2812 Coloniensis,
1003 2786 1063 2807 sua
1082 2777 1178 2808 nobis

170 2836 331 2876 petitione
349 2833 547 2864 monstravit
568 2831 665 2871 quod,
693 2840 767 2861 cum
794 2830 977 2866 Conradus‚
1005 2830 1179 2860 subdiaco-

171 2899 234 2920 nus
259 2892 381 2922 noster,
409 2886 589 2917 canonieus
615 2884 836 2918 Coloniensis,
862 2883 902 2913 ad
925 2906 945 2912 ..
963 2883 1135 2918 decanum,
1158 2906 1177 2912 ..

172 2947 340 2973 cantorem
368 2945 399 2970 et
418 2941 491 2974 W.,
520 2938 717 2968 canonicum
744 2937 1020 2975 Limpurgenses.
1049 2940 1179 2965 nostras

1236 337 1445 375 impetrasset
1463 339 1602 369 litteras.
1622 340 1830 369 continentes
1847 343 1881 368 ut
1902 337 2046 376 aliquem
2063 336 2242 367 honorabi—

1236 390 1299 420 lem
1320 397 1543 429 personatum‚
1577 393 1605 421 si
1631 392 1706 430 quis
1730 397 1805 421 tunc
1827 392 1861 420 in
1884 391 2017 421 civitate
2042 391 2094 420 vel
2118 389 2243 419 diocesi

1236 443 1428 473 Coloniensi
1453 449 1593 475 vacaret.
1613 444 1761 483 alioquin
1784 453 1882 482 quam
1903 443 1967 473 cito
1983 452 2099 473 vacare
2118 442 2243 472 coutin-

1237 501 1338 532 geret,
1357 497 1421 526 sibi
1442 498 1636 527 auctoritate
1662 502 1772 527 nostra
1799 497 1999 531 conferrent,
2024 496 2263 525 contradicto--

1237 558 1289 578 res
1318 554 1391 583 etc,
1419 559 1524 588 usque
1548 560 1554 578 :
1582 550 1829 588 compescendo,
1853 553 1883 579 et
1908 549 1996 578 idem
2020 548 2244 578 subdiaconus

1237 603 1443 639 postmodum
1474 603 1715 641 preposituram
1746 602 1884 632 ecclesie
1915 602 2034 632 Sancte
2069 601 2170 630 Mario
2205 600 2245 630 ad

1237 654 1377 686 Gradus.
1393 655 1538 685 civitatis
1553 656 1711 694 ejusdem,
1731 664 1787 693 per
1799 655 1993 685 electionem
2008 654 2244 684 canonicorum

1237 708 1385 746 ejusdcm
1415 709 1564 743 ecclesie,
1594 709 1789 747 precedente
1820 708 2002 738 monitione
2034 711 2245 737 executorum

1238 761 1397 799 ipsorum.
1422 762 1540 792 fuisset
1558 762 1694 800 adeptus
1715 772 1720 790 ς
1740 762 1883 791 demum.
1907 761 2021 791 eadem
2038 760 2247 798 prepositura

1238 819 1267 843 et
1285 815 1482 844 canonicatu
1498 815 1709 846 Coloniensis
1729 814 1867 844 ecclesie
1886 823 1950 843 non
1967 818 2154 848 contentus,
2173 822 2247 851 pre-

1239 867 1421 904 posituram
1449 867 1682 897 Colouiensem
1712 867 1968 905 dampnabiliter
1996 866 2246 904 concupiscens,

1239 919 1279 948 ab
1295 920 1420 949 eisdem
1436 920 1678 953 executoribus,
1698 929 1836 958 quorum
1851 919 2042 958 jurisdictio
2058 928 2116 957 per
2131 919 2249 948 obten-

1240 977 1305 1002 tam
1320 973 1457 1010 gratiam
1477 973 1608 1011 penitus
1623 973 1798 1011 cxpirarat,
1813 973 1970 1002 Berncro.
1989 972 2124 1011 Majoris
2141 971 2249 1001 Eccle-

1240 1026 1300 1056 sie.
1317 1031 1347 1056 et
1364 1026 1399 1056 C.
1418 1026 1455 1055 de
1473 1027 1623 1061 witerk,
1642 1027 1762 1056 Sancte
1786 1026 1889 1055 Mario
1909 1026 1947 1055 dc
1968 1025 2134 1055 Gradibus
2152 1024 2250 1055 Colo-

1241 1079 1410 1109 niensium
1427 1079 1608 1112 canonicis,
1625 1079 1768 1109 obtinuit
1785 1079 2026 1109 demandarint
2041 1077 2250 1117 0111000105-

1242 1131 1330 1160 modi
1342 1131 1514 1169 dignitate,
1529 1131 1622 1170 juxta
1638 1131 1981 1168 litterarumipsarum
1995 1129 2246 1164 continentiam,

1242 1183 1464 1222 providerent.
1488 1184 1552 1220 Qui
1578 1183 1716 1213 eandem
1734 1183 1977 1222 preposituram
2003 1182 2249 1217 coloniensem,

1243 1246 1302 1267 nec
1319 1237 1357 1266 de
1376 1237 1462 1266 sacto
1479 1245 1538 1267 nec
1555 1237 1593 1266 de
1608 1237 1680 1276 jure
1696 1240 1878 1267 vacantem.
1900 1244 2089 1274 quanquam
2107 1235 2252 1265 decanus

1242 1290 1463 1325 Coloniensis,
1483 1289 1608 1319 nullam
1625 1298 1723 1327 super
1740 1289 1800 1318 boc
1823 1289 2092 1327 jurisdictionem
2110 1287 2249 1323 babens,

1243 1347 1315 1380 post
1336 1342 1590 1380 appellationem
1609 1342 1648 1371 ab
1669 1342 1740 1380 ipso
1759 1341 1924 1380 preposito
1943 1341 1983 1370 ad
2005 1341 2123 1371 Sedem
2146 1341 2252 1379 Apos-

1244 1398 1377 1428 tolicam
1407 1398 1627 1436 interjectam,
1654 1397 1885 1426 denuntiasset
1913 1405 1984 1426 eam
2016 1405 2133 1426 vacare
2162 1400 2254 1426 motu

1244 1452 1375 1490 proprie
1392 1451 1582 1486 voluntatis
1604 1459 1661 1489 pro
1679 1459 1715 1479 co
1732 1450 1819 1488 quod
1834 1449 1964 1479 dicebat
1980 1449 2089 1487 ipsum
2105 1448 2255 1487 preposi-

1246 1509 1315 1534 tum
1333 1504 1444 1534 minus
1462 1504 1666 1533 sufficienter
1689 1503 1936 1533 amministrare
1953 1503 2120 1541 stipendia
2140 1502 2205 1532 sibi
2223 1506 2254 1532 et

1247 1558 1322 1587 aliis
1340 1557 1511 1587 canonicis
1535 1556 1746 1587 Coloniensis
1770 1555 1920 1591 ecclesie,
1940 1564 2038 1594 super
2057 1564 2121 1594 quo
2144 1563 2255 1585 coram

1247 1611 1407 1648 delegatis
1425 1620 1442 1640 a
1465 1610 1561 1640 nobis
1575 1609 1745 1649 judicibus
1761 1609 1849 1639 idem
1865 1609 2010 1638 decanus
2027 1608 2092 1638 sibi
2108 1612 2256 1652 moverat

1247 1664 1474 1703 questionem,
1502 1663 1615 1693 eodem
1636 1662 1801 1700 preposito
1825 1670 1885 1691 nec
1907 1662 2032 1691 monito
2055 1670 2115 1691 nec
2137 1661 2254 1696 citato,

1248 1726 1305 1755 pro
1322 1725 1380 1747 sue
1394 1716 1574 1745 voluntatis
1590 1715 1728 1744 arbitrio
1741 1718 1921 1745 memorato
1939 1714 2167 1753 subd[iacono]
2183 1722 2257 1743 000-

1248 1770 1408 1802 tulerunt,
1424 1778 1460 1799 ac
1479 1768 1685 1807 postmodum
1702 1768 1737 1797 in
1752 1768 1892 1798 eundem
1906 1767 2120 1806 prepositum,
2141 1766 2257 1797 nolen-

1250 1828 1314 1854 tem
1332 1823 1372 1853 ad
1387 1822 1606 1852 monitionem
1621 1822 1769 1860 ipsorum
1785 1820 1952 1851 dimittere
1966 1820 2099 1850 domum
2113 1819 2258 1859 preposi-

1250 1880 1323 1906 ture
1340 1875 1507 1915 jamdicte,
1527 1875 1565 1904 de
1583 1875 1669 1904 facto
1686 1873 2039 1904 excommunicationis
2058 1872 2258 1903 sententiam

1251 1928 1514 1968 promulgarunt,
1533 1931 1563 1957 et
1579 1928 1679 1965 [eum]
1698 1926 2020 1957 excommunicatum
2036 1926 2187 1956 fecerunt
2201 1934 2259 1964 pu-

1251 1982 1337 2012 blice
1364 1981 1524 2011 nuntiari.
1551 1980 1709 2019 Idemque
1733 1979 1968 2014 subdiaconus,
1998 1978 2038 2008 ad
2059 1978 2260 2017 impugnan-

1253 2036 1331 2065 dum
1359 2034 1521 2069 eumdem,
1546 2033 1706 2072 quasdam
1729 2042 1747 2062 a
1771 2032 1866 2062 nobis
1892 2036 2007 2062 contra
2027 2031 2138 2070 ipsum
2162 2040 2261 2070 super

1253 2089 1366 2118 eadem
1383 2087 1592 2126 prepositura
1606 2087 1641 2115 in
1659 2085 1827 2116 communi
1839 2084 2084 2115 formalitteras
2102 2084 2262 2123 impetra-

1252 2142 1310 2177 vit,
1329 2141 1364 2170 iu
1381 2140 1503 2180 quibus
1523 2149 1557 2170 se
1577 2139 1782 2178 prepositum
1808 2143 1838 2169 et
1861 2147 1936 2168 eum
1957 2137 2142 2176 simplicem
2163 2137 2262 2168 cleri-

1254 2204 1327 2225 cum
1352 2193 1556 2228 nominavit,
1585 2193 1623 2222 de
1648 2192 1820 2230 premissis
1844 2200 1909 2221 non
1937 2191 2052 2221 habita
2078 2190 2259 2221 mentione.

1254 2249 1363 2285 Quare
1390 2256 1450 2277 nos
1481 2246 1705 2285 postmodum,
1742 2245 1849 2276 eidem
1880 2244 2056 2283 preposito,
2085 2244 2121 2273 10
2150 2247 2264 2274 nostra

1254 2301 1334 2331 olim
1356 2300 1525 2339 presentia
1548 2300 1738 2334 constituto,
1757 2308 1856 2337 super
1876 2302 1964 2328 tanto
1981 2297 2172 2336 gravamine
2187 2306 2264 2336 pro-

1255 2355 1417 2388 videntes,
1452 2353 1573 2383 dictam
1605 2351 1958 2383 excommunicationis
1989 2350 2200 2387 sententiam,
2232 2353 2264 2381 et

1256 2408 1285 2437 51
1304 2416 1370 2446 qua
1391 2407 1457 2436 alia
1477 2410 1651 2445 postquam
1667 2406 1730 2435 iter
1747 2405 1887 2443 arripuit
1904 2405 1944 2434 ad
1960 2404 2079 2435 Sedem
2096 2403 2264 2442 Apostoli-

1257 2470 1329 2491 cam
1344 2459 1512 2494 veniendi,
1529 2459 1702 2489 occasione
1718 2458 1833 2488 habita
1850 2467 1887 2488 ex
1899 2456 2083 2496 premissis,
2102 2457 2137 2486 in
2153 2456 2266 2495 ipsum

1257 2513 1365 2544 extitit
1376 2512 1593 2551 promulgata,
1607 2512 1647 2542 ab
1659 2512 1773 2542 eodem
1782 2510 1946 2551 juratoria
1957 2510 2110 2540 cautione
2121 2513 2264 2548 recepta,

1258 2566 1345 2606 quod
1360 2565 1506 2596 Ecclesie
1523 2565 1677 2595 mandato
1695 2569 1834 2603 pareret,
1854 2563 1883 2593 si
1906 2566 2072 2593 constaret
2090 2570 2162 2593 eam
2176 2562 2266 2601 juste

1257 2619 1430 2659 prolatam,
1448 2619 1590 2649 relaxari
1606 2618 1747 2648 fecimus
1762 2617 1802 2647 ad
1816 2615 1996 2651 cautelam,
2013 2615 2128 2645 dantes
2148 2637 2167 2643 ..
2188 2623 2268 2644 can-

1258 2673 1322 2703 tori
1337 2672 1534 2702 Treverensi
1557 2671 1680 2701 nostris
1696 2669 1817 2700 litteris
1834 2669 1869 2699 in
1892 2668 2068 2703 1030110115,
2087 2672 2122 2697 ut
2145 2668 2179 2697 in
2199 2670 2267 2698 sta-

1258 2729 1329 2755 tum
1344 2725 1525 2763 pristinum
1539 2728 1706 2754 revocaret
1723 2721 1882 2762 quicquid
1897 2725 2011 2751 contra
2023 2729 2098 2750 eum
2114 2724 2186 2758 post
2203 2720 2268 2750 iter

1261 2782 1428 2816 arreptum
1449 2786 1548 2816 super
1570 2777 1684 2807 eadem
1706 2774 1915 2814 prepositura
1940 2773 2078 2813 ejusque
2102 2773 2270 2812 pertinen-

1260 2830 1318 2860 tiis
1339 2830 1505 2860 inveniret
1525 2833 1766 2868 attemptatum,
1787 2831 1818 2858 et
1836 2827 1875 2862 si,
1894 2830 1967 2865 post
1983 2826 2104 2856 dictam
2125 2825 2271 2864 appella-

1261 2883 1398 2917 tionem,
1417 2883 1569 2913 eumdem
1587 2881 1791 2920 prepositum
1813 2879 1877 2910 sibi
1898 2878 2077 2918 spoliatum
2101 2886 2173 2908 esse
2196 2886 2270 2908 con-

1263 2940 1376 2971 staret,
1392 2940 1499 2965 amoto
1514 2935 1553 2964 ab
1565 2943 1602 2964 ea
1618 2933 1765 2973 quolibet
1779 2933 1958 2967 detentore,
1971 2939 2007 2960 ac
2021 2930 2092 2969 ipso
2104 2930 2270 2969 preposito
