2519 3518
71 295 144 326 ,257
920 284 1146 322 Namusam
1169 286 1325 322 ANNEE.
2103 305 2161 335 253

87 359 309 391 ecclesiastico
332 357 515 392 interdicto,
536 357 582 387 ita
604 358 705 396 quod,
729 363 838 396 preter
860 356 1081 396 baptisma[ta]

86 411 296 450 parvulorum
313 414 343 440 et
356 409 555 448 penitentias
572 410 795 445 morientium,
810 410 901 440 nulla
912 410 960 440 eis
974 418 1084 439 sacra-

85 467 197 494 menta
213 462 436 493 ecclesiastiea
454 461 702 497 ministrentur,
727 462 886 492 facientes
911 466 1083 500 utramque

86 515 284 546 sententiam
308 518 372 544 tam
392 523 448 551 per
472 514 669 543 Remensem
690 514 892 552 provinciam
913 523 1009 552 quam
1027 522 1084 552 per

88 567 254 598 nundinas
276 565 455 603 Campanie
478 564 639 602 publicari
661 565 885 603 sollempniter
907 566 962 602 [et]
980 574 1084 603 usque

87 619 127 648 ad
142 618 400 648 satisfactionem
419 617 615 654 condignam
631 617 868 647 inviolabiliter
880 617 1049 647 observari
1061 619 1081 646 ¹.

85 670 179 708 Quod
202 670 229 700 si
252 679 315 699 non
339 678 452 699 omncs
476 673 536 699 etc.
559 670 631 698 Dat.
655 669 813 703 Viterbii,
836 670 915 699 VIII
936 669 1009 699 idus
1035 670 1083 699 fe-

85 722 222 757 bruarii,
239 731 324 752 anno
342 730 438 751 nono.
458 733 470 747 >⁷

154 884 272 912 2950

120 945 290 979 Praeposito
306 945 450 971 Furnensi
473 944 607 971 concedit
628 947 660 971 ut
681 945 778 971 valeat
798 945 827 971 iu
850 945 1022 971 diaconatus
1037 953 1083 971 or-

83 994 154 1020 dine
177 1001 226 1028 per
248 993 483 1027 quinquennium
508 993 644 1019 insistere
671 993 850 1025 theologicae
871 993 1016 1024 facultati,
1042 993 1084 1019 ita

634 884 766 916 Viterbe,
783 884 799 910 9
814 884 920 910 sevrier
934 884 1011 910 1236.

85 1041 160 1075 quod
179 1041 207 1067 in
223 1041 423 1075 praepositura
435 1041 524 1068 faciat
535 1041 654 1067 iuterim
668 1049 718 1075 per
729 1041 873 1067 vicarium
886 1041 1038 1067 deserviri.
1051 1055 1082 1059 -—

85 1089 172 1121 (Rae.
196 1088 239 1121 18,
257 1089 276 1115 f.
298 1088 349 1115 106
367 1092 407 1120 r⁰;
424 1097 493 1115 ann.
509 1088 561 1121 IX,
578 1098 602 1115 c.
620 1088 694 1119 374.)

127 1200 139 1213 «
168 1210 186 1216 ..
208 1189 356 1225 preposito
378 1189 539 1216 Furucnsi.
564 1188 681 1217 Merito
697 1187 764 1216 illis
781 1187 966 1225 Apostolica
983 1188 1083 1217 Sedes

85 1240 230 1269 savorem
248 1248 305 1269 sue
322 1239 538 1277 benignitatis
555 1239 728 1277 impendit,
746 1239 813 1276 qui,
833 1239 993 1275 sanguine
1010 1248 1084 1275 gra-

86 1291 173 1325 tiosi,
193 1292 324 1321 student
345 1291 551 1321 nobilitatem
573 1291 703 1329 generis
723 1291 900 1321 virtutibus
917 1292 1081 1321 decorare.

84 1345 122 1374 In
145 1348 256 1373 nostra
279 1344 442 1382 siquidem
465 1343 663 1381 proposuisti
684 1343 849 1381 presentia
870 1343 955 1381 quod
978 1352 1083 1381 quon-

84 1396 159 1425 dam
184 1419 203 1424 ..
228 1396 428 1434 prepositus,
452 1419 470 1424 ..
489 1395 632 1425 decanus
653 1399 683 1425 et
704 1395 882 1432 capitulum
902 1395 1083 1425 Fur-nensis

84 1447 233 1481 ecclesie.
256 1448 456 1477 Morineusis
478 1447 635 1482 diocesis,
660 1451 705 1479 te,
727 1451 802 1476 tunc
823 1447 893 1485 ejus
912 1447 1081 1482 canonico,

82 1500 117 1529 in
138 1499 246 1529 studio
261 1503 498 1533 commorante,
520 1499 739 1528 communiter
755 1502 941 1528 statuerunt
960 1503 994 1528 ut
1010 1508 1083 1537 pre-

82 1552 210 1590 positus
227 1551 283 1590 qui
301 1551 339 1581 de
358 1556 464 1581 cetero
482 1554 706 1581 assumeretur
722 1550 855 1585 ibidem,
873 1555 945 1588 post
964 1551 1083 1581 confir-

84 1603 263 1633 mationem
293 1603 463 1633 electionis
488 1612 546 1632 sue
569 1606 729 1640 prestaret
758 1602 796 1632 de
824 1602 975 1632 facienda
1001 1603 1083 1633 resi-

83 1655 196 1685 dentia
212 1659 242 1685 et
258 1655 446 1692 recipiendo
466 1655 555 1684 infra
575 1663 698 1684 annum
715 1654 952 1692 presbiteratus
968 1654 1082 1684 ordine

79 1707 321 1746 juramentumg
339 1707 385 1736 ita
402 1711 509 1736 tamen
527 1707 628 1745 quod,
647 1707 675 1736 si
692 1706 822 1736 studere
840 1706 937 1736 vellet
953 1711 984 1736 et
999 1707 1083 1737 soret

81 1759 213 1795 docilis,
238 1763 347 1798 posset
366 1759 529 1794 Parisius,
550 1758 600 1789 vel
616 1759 652 1788 in
670 1758 735 1788 alio
754 1758 823 1788 loco
840 1758 955 1797 majori
977 1759 1082 1796 spatio

82 1820 147 1841 non
163 1811 316 1846 distante,
333 1811 389 1840 ubi
406 1811 626 1849 provisionem
643 1820 707 1840 non
725 1811 859 1840 haberet
879 1815 909 1840 et
926 1812 1082 1849 frequens

81 1867 169 1894 esset
197 1863 354 1898 studium⁷
384 1867 414 1893 et
442 1863 528 1892 uude
557 1872 621 1892 non
650 1862 795 1892 traheret
822 1863 1000 1900 originem,
1026 1872 1083 1901 per

81 1915 262 1945 triennium
288 1915 322 1944 in
346 1915 454 1944 studio
477 1915 685 1950 commorari,
716 1915 864 1944 facturus
890 1919 998 1944 tamen
1026 1924 1083 1953 per

81 1967 228 2005 quinque
244 1975 375 1997 menses
392 1966 538 2005 quolibet
555 1975 641 1996 anno
660 1966 764 2004 ipsius
782 1966 918 1996 triennii
934 1967 1083 1997 residen-

80 2019 161 2048 tIam
180 2019 213 2048 in
233 2018 373 2049 ecclesia
390 2022 579 2048 memorata.
603 2019 651 2048 Tu
673 2018 789 2056 igitur,
813 2018 898 2048 dicto
918 2019 1083 2056 preposito

80 2070 296 2103 substitutus,
317 2070 357 2100 ad
376 2070 617 2108 recipiendum,
641 2073 676 2099 ut
697 2069 819 2099 dictum
843 2075 906 2104 est,
932 2070 1083 2099 sacerdo-

79 2121 179 2151 talem
203 2121 351 2150 ordinem
381 2125 410 2151 te
440 2129 496 2158 per
518 2121 744 2159 jin-amentum
773 2120 985 2158 corporaliter
1009 2129 1082 2158 pre-

80 2172 195 2202 stitum
213 2172 409 2202 astrinxisti.
430 2172 512 2203 Cum
529 2175 649 2206 autem,
666 2175 702 2201 ut
721 2171 855 2207 asseris,
876 2172 986 2202 divine
1000 2172 1082 2210 legis

79 2223 247 2254 desideres
272 2223 393 2253 habere
424 2224 586 2258 notitiam,
617 2228 652 2253 ut
680 2224 787 2261 possis
815 2223 968 2259 subditis,
998 2225 1082 2254 sicut

79 2280 172 2306 tuum
188 2276 327 2314 requirit
339 2276 494 2311 officium,
511 2284 629 2314 panem
646 2276 798 2313 frangere
812 2276 911 2306 Verbi
924 2277 996 2312 Dei,
1010 2285 1079 2314 nos,

78 2327 246 2357 intellecto
263 2327 358 2365 quod,
374 2327 542 2357 nobilibus
559 2331 649 2357 ortus
666 2327 844 2362 natalibus,
859 2337 916 2366 per
932 2328 997 2358 vite
1013 2337 1082 2358 me-

78 2379 179 2409 ritum
196 2383 226 2409 et
238 2379 397 2409 talentum
415 2379 553 2409 scientie
572 2384 602 2409 te
619 2379 755 2417 dignum
772 2380 877 2417 gratia
895 2380 1079 2416 reddidisti,

79 2431 145 2460 tuis
163 2435 194 2461 et
214 2430 375 2460 dictorum
398 2431 513 2461 decani
535 2435 566 2461 et
590 2431 725 2469 capituli
743 2431 895 2469 precibus
917 2432 1079 2468 inclinati,

78 2482 244 2512 devotioni
266 2487 319 2512 tue
342 2483 546 2520 presentium
575 2483 767 2513 auctoritate
792 2484 1002 2514 concedimus
1028 2489 1078 2519 ut,

78 2533 313 2564 constitutione
329 2534 518 2573 hujusmodi
536 2543 600 2564 non
620 2535 786 2569 obstante,
803 2535 857 2564 cui
873 2535 1026 2566 nolumus
1043 2545 1080 2566 ex

78 2584 139 2614 hoc
155 2585 189 2614 in
206 2589 372 2623 posterum
396 2586 616 2625 prejudicium
639 2587 807 2624 generari,
825 2587 935 2617 valeas
954 2588 989 2617 in
1010 2588 1080 2618 dia-

78 2641 215 2667 conatus
231 2637 356 2673 ordine,
376 2646 472 2676 quem
487 2638 606 2668 diceris
624 2639 829 2676 postmodum
847 2640 1077 2678 assumpsisse,

78 2696 136 2726 per
160 2688 425 2727 quinquennium
450 2689 607 2720 insistere
633 2689 815 2728 theologice
840 2691 1005 2726 facultati,
1033 2693 1080 2722 ita

78 2739 166 2777 quod
183 2739 218 2769 in
237 2741 444 2778 prepositura
466 2741 569 2771 facias
591 2741 725 2771 interim
746 2750 804 2780 per
828 2742 987 2772 vicarium
1008 2743 1080 2773 ido-

78 2798 178 2820 neum
195 2791 366 2822 deserviri.
389 2792 481 2823 Nulli
498 2802 575 2830 ergo
595 2797 706 2823 nostre
721 2794 945 2824 concessionis
961 2799 1022 2825 etc.
1044 2796 1079 2826 Si

111 2905 132 2928 ¹.
148 2905 186 2930 La
200 2906 236 2930 fin
251 2907 285 2931 de
300 2910 371 2932 cette
387 2908 485 2939 phrase
501 2917 516 2932 a
531 2909 573 2934 ete'
589 2910 694 2934 refaite.

198 2956 381 2989 Gnssoomr:
398 2964 449 2995 ix,
467 2967 486 2990 t.
504 2966 539 2991 11.

1164 357 1238 395 quis
1262 362 1370 388 autem
1392 364 1452 390 ete.
1474 362 1545 391 Dat.
1567 362 1722 398 viterbii,
1742 365 1767 393 V
1783 364 1856 394 idus
1877 366 2055 404 februarii,
2073 378 2160 400 anno

1164 417 1260 438 ΠΟΠΟ.
1282 421 1295 436 1>

1235 565 1346 593 295¹
1714 571 1845 603 viterbo,
1859 573 1875 597 5
1892 574 2088 602 terrim-1236.

1201 626 1370 660 Praeposito
1387 627 1538 655 Parmensi
1558 630 1675 656 mandat
1700 635 1859 664 quatenus.
1881 634 2020 666 quas-lam
2042 644 2159 663 exeom-

1166 674 1375 701 municationis
1396 677 1557 703 sententias
1579 677 1606 703 in
1625 678 1672 709 G„
1689 678 1823 706 abbatem
1849 683 2016 708 monasterii
2037 684 2073 709 tle
2094 684 2159 711 Ma-

1166 722 1249 753 rolla,
1268 730 1319 748 nec
1340 731 1395 749 nou
1413 726 1439 749 et
1456 724 1485 750 iu
1503 725 1536 750 1³.
1553 725 1675 758 priorem
1699 731 1727 752 et
1752 728 1852 753 fratros
1870 731 2037 757 monasterii
2053 732 2088 757 {le
2104 732 2160 759 Co-

1166 769 1309 795 lumbario
1326 775 1385 803 post
1403 772 1614 804 appellationss
1627 773 1773 805 legitimas
1790 777 1915 808 prolatas
1930 778 2074 806 relaxans,
2091 788 2156 805 eum

1165 816 1236 848 iuis,
1254 817 1314 850 qui,
1328 818 1363 844 de
1379 820 1576 852 appellatione
1591 821 1702 853 confisi,
1719 830 1733 847 a
1752 823 1978 851 (111*1111110111011.ς
1996 834 2050 852 nou
2065 835 2161 853 cessa-

1165 867 1278 897 verant,
1295 865 1454 899 dispenset.
1473 881 1503 884 —
1520 868 1606 898 (lise.
1624 868 1666 896 18.
1685 870 1703 894 f.
1722 870 1771 895 106
1790 874 1834 898 x‘0:
1851 879 1920 897 anu.
1939 873 1993 904 ix,
2009 881 2032 898 e.
2051 874 2125 904 375.)

1207 969 1218 982 «
1240 980 1259 985 ..
1277 960 1426 995 preposito
1442 960 1611 988 Parmensi.
1630 961 1745 990 Dilevti
1767 962 1824 991 lilii
1846 963 1902 992 [¹11.
1921 970 1949 992 rt
1975 965 2159 1003 'l'luuu[as].

1165 1009 1316 1037 monachi
1336 1014 1365 1038 ct
1382 1015 1608 1046 procuratores
1628 1014 1899 1042 monastvriorum
1920 1016 1956 1044 ale
1980 1017 2113 1045 Mar-olla
2130 1022 2159 1047 et

1165 1060 1203 1089 de
1226 1060 1450 1096 Columbario⁷
1478 1063 1676 1099 vaiurusis
1702 1070 1731 1093 ct
1755 1066 1951 1095 Mutinensis
1976 1069 2158 1098 «lios-usum.

1164 1112 1198 1140 iu
1216 1116 1327 1141 nostra
1346 1120 1583 1151 [neposne-runt
1601 1117 1764 1153 presentia
1782 1119 1950 1147 constituti
1969 1121 2064 1157 quod.
2083 1121 2161 1149 olim

1164 1163 1250 1192 inter
1266 1164 1336 1201 ipsa
1355 1166 1553 1195 monasteria
1573 1175 1670 1204 super
1685 1168 2094 1209 obser-vatiumcujusdam
2113 1182 2160 1201 ar-

1165 1214 1256 1244 bitrii
1273 1224 1371 1245 causa
1392 1217 1517 1246 diutius
1534 1219 1669 1253 agitata,
1689 1229 1760 1247 cum
1785 1221 1922 1249 dilectus
1948 1223 2034 1251 tilius
2052 1229 2162 1253 noster

1164 1266 1274 1305 O[uo],
1305 1267 1415 1297 Sancti
1445 1269 1574 1298 Nicolai
1603 1270 1637 1298 111
1662 1271 1799 1301 Cart-cre
1825 1274 1975 1302 Tulliano
2003 1275 2160 1305 diaconus

1165 1319 1354 1354 cardinalis,
1371 1320 1418 1349 eis
1429 1321 1522 1349 (latus
1537 1322 1677 1356 auditor,
1691 1323 1868 1353 ‹terrente-it
1884 1335 1939 1362 prr
1953 1326 2162 1356 ‹litliuitiraui

1165 1372 1364 1401 senteutiam
1391 1395 1410 1400 ..
1440 1373 1581 1409 priorem
1614 1379 1643 1403 et
1677 1376 1851 1405 mouaclms⁴
1880 1378 1917 1406 de
1951 1378 2161 1409 Colurul·a1·io

1165 1422 1404 1461 compellendos
1419 1424 1457 1453 ad
1469 1424 1729 1455 observationem
1744 1428 1871 1456 arbitrii
1887 1430 1970 1466 quod
1987 1430 2161 1460 observare

1164 1475 1329 1510 nolebant,
1344 1484 1402 1505 nos
1419 1476 1554 1506 eandem
1568 1479 1764 1507 sententiam
1779 1479 1837 1508 tihi
1851 1481 2074 1509 rsuumisimus
2092 1491 2161 1511 exe-

1164 1527 1339 1565 quendam.
1355 1528 1478 1557 Verum
1493 1529 1580 1566 quia,
1597 1530 1681 1558 sicut
1700 1536 1863 1566 asserunt,
1879 1533 2016 1570 quedam
2033 1542 2162 1563 excom-

1164 1579 1399 1621 municationis
1423 1581 1585 1610 sententie
1606 1581 1639 1609 in
1659 1582 1710 1616 G„
1735 1582 1884 1612 abbatem
1910 1585 2101 1614 monasterii
2123 1585 2161 1615 de

1165 1631 1312 1666 Marossa,
1329 1631 1384 1670 [et]
1400 1633 1438 1662 R.
1457 1632 1597 1670 priorem
1613 1637 1641 1662 et
1659 1634 1776 1663 fratres
1793 1635 1830 1663 de
1848 1635 2067 1665 Columbario.
2087 1637 2162 1666 licet

1163 1688 1235 1721 post
1262 1684 1498 1722 appellationes
1524 1685 1703 1722 legitimas,
1730 1687 2018 1724 p1·olat-<·sueruut,
2043 1694 2071 1718 et
2099 1690 2162 1727 ipsi

1163 1736 1384 1775 postmodum,
1410 1737 1448 1766 de
1471 1737 1689 1775 appellatione
1713 1739 1842 1769 confisi.
1868 1749 1885 1769 a
1908 1741 2029 1769 ‹lix-inis
2045 1742 2161 1771 ‹tifiiciis

1164 1796 1228 1817 non
1249 1792 1436 1823 cessarunt,
1462 1789 1561 1818 iidem
1586 1795 1811 1827 procuratores
1828 1791 1998 1821 humiliter
2017 1793 2162 1830 postula-

1164 1845 1241 1870 runt
1257 1850 1274 1870 a
1294 1840 1388 1870 nobis
1405 1845 1454 1875 ut,
1481 1841 1519 1870 ad
1542 1842 1701 1871 cautelam
1729 1843 1808 1880 ipsis
1832 1854 1888 1881 per
1915 1849 1942 1873 te
1966 1845 2161 1874 111-[1411111111

1165 1892 1382 1921 absolutionis
1399 1893 1558 1922 facientes
1575 1893 1731 1930 impendi,
1750 1904 1847 1932 super
1865 1895 2118 1931 irregularitate,
2133 1897 2161 1926 si

1164 1952 1261 1981 quani
1278 1943 1394 1972 exinde
1410 1948 1652 1978 contraxerunt,
1671 1944 1719 1973 eis
1735 1945 1905 1981 providere
1923 1955 1978 1983 per
1995 1946 2161 1983 dispeusa-

1165 1994 1263 2023 tiouis
1280 1994 1419 2031 gratiam
1435 1995 1657 2031 dignaremur.
1674 1996 1739 2025 Nos
1755 1996 1865 2033 igitur.
1880 2006 1992 2026 eorum
2009 1999 2161 2035 precibus

1164 2046 1331 2080 inclinati,
1350 2047 1544 2075 mandamus
1563 2051 1743 2084 quatenus,
1762 2058 1834 2077 cum
1853 2048 1891 2077 ab
1911 2054 2048 2087 utraque
2072 2055 2160 2087 parte

1162 2098 1266 2128 fueris
1283 2098 1476 2135 requisitus,
1495 2098 1687 2127 auctoritate
1701 2103 1810 2128 nostra
1828 2099 1952 2129 relaxes
1969 2101 2071 2130 relictas
2086 2110 2162 2130 sen-

1164 2149 1295 2183 tentias,
1311 2154 1341 2179 ct
1358 2158 1430 2178 cum
1448 2149 1514 2178 illis
1530 2158 1627 2187 super
1640 2149 1883 2187 irregularitate
1897 2151 2050 2188 predicta,
2066 2158 2162 2189 prout

1163 2201 1348 2230 animarum
1366 2210 1500 2230 suarum
1522 2201 1621 2230 saluti
1640 2202 1762 2231 videris
1786 2203 1952 2240 expedire,
1976 2204 2158 2241 dispenses.

1163 2253 1341 2283 salutarem
1364 2254 1412 2283 eis
1435 2253 1652 2290 penitentiam
1677 2254 1890 2292 injungendo.
1912 2251 1983 2284 Da't.
2003 2256 2161 2290 Vite-rhu,

1162 2305 1258 2335 nonis
1275 2305 1447 2339 februarii,
1465 2314 1550 2334 anno
1565 2314 1660 2334 nono.
1683 2318 1694 2331 »

1233 2460 1350 2488 2952

1195 2523 1340 2550 Abbatem
1358 2528 1595 2557 conventumque
1611 2523 1781 2549 monasterii
1800 2523 1835 2549 de
1852 2523 1948 2550 Peleis
1963 2525 2008 2554 (=
2025 2524 2111 2554 Pius)
2126 2525 2155 2550 in

1161 2571 1315 2604 Huugaria
1338 2571 1526 2605 protegendos
1551 2571 1691 2604 suscipit,
1713 2571 1880 2604 specialiter
1903 2575 2001 2597 autem
2025 2580 2155 2598 aunuum

1160 2618 1308 2645 redditum
1330 2621 1448 2645 centum
1473 2626 1638 2644 marcarum
1662 2626 1759 2651 quem,
1783 2618 1858 2644 dotis
1875 2626 1970 2649 causa,
1989 2617 2156 2652 A[n·lreas],

1159 2674 1209 2693 rex
1225 2665 1404 2699 Hungariae,
1421 2665 1643 2699 percipiendum
1663 2666 1692 2691 iu
1712 2665 1822 2691 salibus
1842 2665 1902 2691 suis
1917 2665 1952 2691 de
1968 2665 2096 2696 Zoloehi,
2110 2674 2158 2691 eo-

1159 2721 1224 2740 rum
1241 2713 1427 2745 monasterio,
1442 2715 1572 2746 tempore
1586 2712 1780 2738 dedicationis
1792 2712 1895 2745 ipsius,
1908 2716 2098 2741 concesserat,
2115 2712 2156 2738 eis

1159 2761 1322 2788 confirmat.
1340 2775 1371 2779 —
1387 2761 1473 2791 (ΗΕΘ.
1496 2760 1542 2791 18,
1565 2760 1584 2785 f.
1609 2759 1660 2786 106
1677 2763 1720 2791 v⁰;
1742 2767 1811 2785 ann.
1829 2759 1886 2791 IX,
1903 2767 1927 2785 c.
1945 2759 2012 2790 376;
2030 2773 2061 2776 —
2081 2759 2156 2786 Por-

1159 2817 1253 2837 ’1111151-
1267 2808 1376 2840 10092.)

1709 2461 1840 2493 Viterbe,
1857 2462 1872 2488 8
1890 2462 1997 2488 levrier
2011 2462 2087 2489 1236.

1201 2913 1214 2928 α
1232 2924 1254 2930 ..
1269 2902 1369 2930 abbati
1385 2906 1410 2930 e!
1425 2901 1589 2936 conventui
1606 2901 1783 2928 monasterii
1799 2899 1832 2927 de
1849 2900 1940 2928 Peleis
1956 2900 1989 2927 in
2007 2899 2152 2936 [ἥψω-Μ,

2004 2963 2030 2987 17
