2423 3487
229 290 281 320 231
946 278 1183 310 REGISTRES
1206 277 1261 307 DE
1284 270 1505 306 GREGOIRE
1528 277 1587 305 ix.
2251 279 2307 310 232

230 355 268 384 de
286 353 439 383 civilibus
456 351 564 380 causis
579 350 754 388 judicarim,
773 349 807 378 in
824 349 956 378 civitate
971 346 1138 380 Remensi,
1157 353 1229 374 eam

229 409 341 436 contra
354 404 516 443 justitiam
534 410 684 431 exercere
702 404 907 438 presumunt,
929 400 962 429 in
980 407 1146 429 enormem
1163 399 1228 427 Re-

229 457 353 487 mensis
366 455 502 486 ecclesie
514 454 684 487 lesionem,
697 453 774 483 licet
786 462 883 490 super
893 452 1104 482 concessione
1117 451 1229 489 hujus—

229 509 316 538 modi
344 506 479 545 capituli
508 515 570 535 non
598 505 833 535 intervenisset
858 512 1039 534 consensus
1066 514 1072 532 :
1100 503 1229 532 dilectis

230 561 308 590 filiis
324 562 367 594 J..
386 559 626 593 archidiacono,
648 581 667 587 ..
684 558 806 588 decano
821 562 852 587 et
870 581 888 586 ..
907 557 1091 587 succentori
1107 555 1229 586 Catha-

229 612 446 643 launensibus
468 611 588 648 scripta
614 615 725 640 nostra
747 610 944 644 direximus,
969 614 1020 644 ut,
1049 617 1147 646 super
1169 609 1230 638 1106

230 666 338 696 citatis
353 664 486 697 eisdem,
503 663 584 701 ipsis
598 664 795 701 prefigerent
811 663 1000 695 terminum,
1018 670 1082 699 quo
1098 669 1230 698 respon—

231 717 299 747 suri
316 716 408 745 vobis
424 716 458 744 in
480 719 591 744 nostra
607 715 773 752 presentia
789 718 1030 751 comparerent,
1049 722 1122 742 cum
1142 713 1230 742 (lice-

230 769 309 799 retis
327 777 383 797 vos
401 776 464 797 non
479 776 573 805 posse
590 767 623 795 in
640 766 708 796 illis
722 767 870 804 partibus
885 765 1016 795 comode
1034 765 1230 795 contendere

231 826 342 852 contra
358 822 457 859 ipsos,
477 824 507 849 et
519 820 558 849 ab
573 820 620 849 eis
636 819 897 857 persecutionem
918 818 984 855 pati
1001 822 1067 847 tam
1085 825 1228 854 gravem,

231 875 316 914 quod
339 879 427 903 extra
451 873 617 902 civitatem
641 873 838 902 Remensem
864 871 1064 908 cogeremini
1086 869 1229 899 exulare.

231 928 377 964 Cumque
392 925 469 954 dicti
482 925 580 959 cives,
597 924 687 953 citati
702 924 741 953 ab
753 923 984 953 archidiacono
997 927 1027 952 et
1039 926 1232 952 succentore

231 979 401 1018 predictis,
421 978 533 1007 eodem
552 978 674 1006 decano
690 976 835 1013 legitime
853 979 1022 1009 excusato,
1040 978 1231 1012 procurato-

231 1041 300 1061 rem
312 1040 368 1069 pro
383 1039 417 1060 se
435 1031 473 1059 ad
491 1030 606 1059 Sedem
624 1029 845 1067 Apostolicam
861 1028 1096 1062 destinassent,
1114 1035 1232 1065 procu-

232 1089 320 1114 rator
345 1087 453 1113 vester
476 1083 569 1120 petiit
591 1082 717 1111 irritari
744 1081 796 1110 vel
821 1080 969 1110 nuntiari
994 1080 1124 1109 irritum
1146 1079 1232 1118 quod

233 1137 354 1166 factum
372 1139 420 1165 est
439 1135 478 1164 ab
496 1134 677 1172 XV[illemo]
695 1133 951 1171 archiepiscopo,
972 1136 1001 1162 et
1019 1132 1177 1170 quicquid
1192 1132 1232 1161 ob

234 1190 267 1218 id
280 1189 376 1218 velex
394 1197 430 1217 eo
447 1192 594 1216 secutum
610 1191 668 1216 est.
683 1194 889 1224 quocumque
902 1185 1034 1214 nomine
1047 1188 1231 1218 censeatur,

234 1250 332 1278 super
345 1240 505 1277 eligendis
518 1248 575 1269 seu
587 1238 780 1268 ordinandis
795 1237 941 1267 scabinis
955 1237 993 1267 de
1010 1237 1138 1266 civibus
1151 1236 1233 1265 ban-

235 1292 366 1322 nalibus
383 1290 621 1329 archiepiscopi
637 1295 667 1319 et
684 1299 781 1327 super
795 1289 912 1319 collata
930 1289 977 1318 eis
991 1289 1030 1318 ab
1046 1289 1118 1326 ipso
1130 1291 1233 1326 potes-

236 1349 299 1374 tate
313 1343 483 1382 judicandi
498 1343 584 1372 cives
600 1343 634 1371 in
650 1342 758 1371 banno
773 1346 803 1370 et
819 1340 990 1378 temporali
1001 1340 1234 1379 jurisdictione

236 1395 474 1434 archiepiscopi
494 1395 728 1428 consistentes,
753 1402 825 1422 cum
850 1397 963 1422 contra
983 1393 1122 1421 sormam
1135 1392 1233 1430 juris,

236 1450 308 1480 sinc
329 1457 491 1478 consensu
516 1447 668 1485 capituli,
690 1446 791 1476 suerit
813 1446 847 1474 in
869 1445 1077 1483 dispendium
1097 1444 1235 1474 ecclesie

236 1505 480 1539 attemptatum,
499 1499 676 1538 postulavit
689 1499 825 1536 insuper
838 1498 876 1527 de
889 1497 1043 1538 ¹dampnis
1056 1502 1086 1527 et
1102 1497 1236 1535 injuriis

236 1554 406 1584 occasione
423 1552 647 1582 concessionis
667 1550 857 1589 hujusmodi
875 1550 1032 1580 Remensi
1053 1549 1190 1579 ecclesie
1206 1553 1237 1579 et

238 1606 308 1636 suis
325 1615 342 1635 a
358 1605 454 1635 dictis
470 1604 598 1634 civibus
614 1603 786 1641 irrogatis,
808 1611 870 1641 que
885 1611 990 1640 usque
1007 1602 1047 1631 ad
1066 1602 1127 1631 tria
1144 1601 1237 1630 milia

238 1666 423 1688 marcarum
440 1657 633 1692 extimabat,
654 1656 717 1686 sibi
734 1655 890 1685 satisfieri
907 1659 1138 1692 competenter.
1157 1656 1237 1684 Pro-

238 1715 368 1741 curator
384 1719 459 1740 vero
476 1710 598 1739 civium
621 1709 856 1747 predictorum,
875 1708 938 1737 fori
957 1708 1145 1746 exceptione
1163 1717 1238 1746 pro-

238 1763 358 1801 posita,
391 1766 539 1791 nostrum
563 1762 666 1791 voluit
688 1761 851 1798 judicium
877 1760 1054 1794 declinare,
1085 1769 1238 1790 asserens

239 1815 324 1853 quod
341 1814 530 1843 scabinatus
547 1813 735 1848 Remensis‚
756 1822 819 1851 quo
834 1813 962 1842 scabini
976 1813 1014 1842 de
1031 1813 1140 1842 causis
1157 1812 1239 1841 civi-

238 1866 326 1895 libus
345 1870 375 1895 ct
394 1865 623 1894 criminalibus
639 1865 803 1904 judicant,
830 1865 868 1894 de
888 1865 986 1894 feudo
1005 1864 1092 1901 regis
1114 1864 1236 1898 existit,

239 1918 327 1956 quia.
346 1926 419 1947 cum
438 1918 480 1946 sit
496 1917 534 1947 de
549 1917 758 1955 pertinentiis
775 1916 950 1946 Remensis
967 1916 1122 1951 civitatis,
1140 1925 1239 1954 qnam

239 1979 257 1999 a
273 1970 406 2007 regibus
422 1970 547 1999 obtinet
566 1969 831 2007 archiepiscopus
848 1969 1023 1998 Reniensis
1040 1969 1074 1997 in
1092 1969 1238 2003 feudum,

240 2032 291 2052 res
309 2026 356 2051 est
373 2022 444 2059 ipsa
460 2022 619 2057 fendalis3
639 2022 740 2056 unde,
765 2031 838 2051 cum
859 2022 922 2059 ipsi
941 2022 1008 2050 sint
1023 2021 1117 2056 laici,
1137 2025 1167 2050 ct
1188 2030 1239 2050 res

240 2084 338 2113 super
359 2084 423 2113 qua
439 2075 664 2109 contenditur,
683 2074 860 2108 secularis,
880 2082 944 2103 non
968 2077 1062 2103 erant
1080 2073 1120 2103 ad
1137 2073 1241 2103 eccle—

240 2127 410 2156 siasticum
424 2126 586 2165 judicem,
605 2126 661 2155 sed
677 2125 859 2155 secularem
876 2125 1044 2161 trahendi,
1062 2134 1136 2155 cum
1153 2130 1241 2156 actor

242 2179 349 2208 forum
377 2178 423 2207 rei
450 2178 646 2215 regulariter
669 2178 843 2213 sortiatur3
874 2187 933 2207 nec
961 2178 1091 2207 obstare
1115 2182 1241 2215 poterat

242 2231 327 2268 quod
345 2230 611 2268 archiepiscopus
628 2240 767 2268 persona
779 2234 827 2260 est
840 2230 1074 2266 ecclesiastica,
1093 2230 1147 2260 cui
1165 2234 1242 2260 sunt

242 2283 305 2321 ipsi
323 2283 460 2321 subjecti
475 2306 480 2317 ,
499 2283 576 2321 qnia
596 2283 730 2312 feudum
748 2283 937 2321 hujusmodi
953 2292 1018 2313 non
1034 2287 1069 2313 ut
1089 2283 1239 2319 clericus,

243 2335 299 2365 scd
315 2340 350 2364 ut
366 2335 486 2370 laicus,
508 2336 633 2373 optinet
654 2335 921 2373 archiepiscopus
944 2340 1162 2369 memoratus,
1186 2345 1241 2373 pro

243 2396 306 2425 quo
322 2388 436 2426 utiquc
455 2387 560 2420 debet,
579 2387 668 2416 salvo
685 2387 798 2416 ordine
817 2396 885 2418 suo,
903 2388 987 2416 sicut
1003 2388 1142 2425 quilibet
1157 2387 1242 2417 alius

242 2439 405 2469 vassallus
424 2439 528 2468 laicus
544 2439 720 2473 deservire,
740 2440 875 2477 ejusque
896 2439 1041 2468 ministri
1058 2440 1242 2477 corporales

243 2500 344 2529 penas
364 2492 535 2528 infligunt,
557 2501 638 2529 quas
659 2491 786 2523 clerici,
809 2495 964 2529 tan-phun
981 2501 1119 2529 persone
1140 2492 1243 2521 eccle-

244 2544 388 2578 siastice,
408 2553 472 2573 non
488 2549 622 2581 possent
638 2544 705 2579 alii,
726 2553 761 2573 ex
778 2548 937 2581 potestate
958 2544 1021 2573 sihi
1040 2544 1169 2578 tradita,
1187 2545 1243 2573 dc-

243 2596 411 2625 niandarc.
437 2596 486 2624 Ad
511 2596 571 2625 hec
596 2600 706 2625 autem
729 2600 919 2633 procurator
944 2600 1051 2625 vester
1076 2597 1244 2633 respondit

244 2648 330 2685 quod
346 2647 400 2677 1116
417 2656 481 2676 11011
498 2652 545 2677 est
561 2652 668 2677 actum
681 2648 719 2677 de
735 2648 918 2681 scabinatu,
933 2648 982 2676 vel
998 2648 1106 2681 sendo,
1121 2648 1189 2677 sive
1206 2648 1243 2677 de

240 2700 314 2738 jure
335 2700 492 2738 ipsorum,
511 2708 570 2729 nec
587 2700 627 2729 ad
642 2708 739 2738 quem
756 2699 966 2729 scabinorum
981 2699 1097 2729 electio
1116 2704 1171 2729 aut
1187 2709 1243 2737 po-

244 2756 345 2782 testas
364 2752 536 2790 judicandi
556 2752 644 2782 cives
669 2752 785 2781 debeat
804 2752 986 2789 pertinere,
1013 2751 1069 2781 sed
1090 2752 1128 2781 de
1151 2761 1243 2781 revo-

278 2869 298 2894 1.
314 2872 446 2894 Jndicent
463 2870 530 2893 dans
546 2871 571 2894 la
587 2870 663 2901 piece
679 2870 755 2900 ‘2604;
769 2871 900 2898 judicant
919 2870 952 2892 ici
969 2871 995 2893 ot.
1013 2869 1080 2893 dans
1096 2870 1135 2893 les
1152 2870 1243 2900 pii-cos

245 2913 306 2937 ‘2949
321 2916 347 2936 et
363 2913 431 2938 2958.

1311 341 1424 370 candis
1445 341 1554 379 potius
1571 341 1637 371 hiis
1659 350 1722 380 que
1742 341 1829 370 facta
1845 344 1922 370 sunt
1938 350 1995 379 per
2009 342 2238 384 W[illelmum]
2255 353 2308 376 ar..

1311 393 1557 432 chiepiscopum
1574 393 1608 422 in
1625 393 1809 431 premissis,
1827 402 1902 423 cum
1918 398 2138 432 competerent
2153 397 2307 429 Remensi

1312 446 1461 477 ecclesie,
1479 446 1673 484 priusquam
1695 445 1771 475 talis
1792 445 1961 476 concessio
1979 446 2065 476 sacta
2087 447 2220 485 fuisset;
2244 458 2306 488 que

1312 499 1456 537 quidem,
1475 498 1599 527 intuitu
1616 497 1755 527 ecclesie
1771 497 1947 527 Remensis
1964 498 2207 539 archiepiscopo
2222 502 2306 539 data,

1312 551 1374 580 etsi
1394 554 1587 580 tenerentur
1613 550 1648 578 in
1671 550 1825 583 feudum,
1849 559 1923 579 cum
1946 550 2051 580 divini
2072 552 2138 582 sint
2153 553 2236 592 juris
2259 555 2308 585 af-

1311 603 1407 632 fecta.
1427 603 1466 632 ad
1479 603 1533 641 jus
1548 602 1715 640 pertinent
1733 602 1956 638 sacerdotum;
1974 608 2104 642 propter
2118 606 2202 644 quod
2213 615 2309 645 super

1312 656 1372 685 hoc
1387 655 1550 694 judicium
1568 654 1830 684 ecclesiasticum
1849 655 1939 693 juste
1959 656 2117 686 declinari
2134 659 2306 696 nequibat;

1312 707 1454 736 maxime
1470 716 1544 736 cum
1566 711 1632 736 tam
1653 710 1779 736 actores
1800 715 1899 745 quam
1916 707 1965 737 rei
1980 717 2118 745 persone
2140 709 2310 742 ecclesias-

1312 759 1386 793 tice,
1410 759 1443 788 id
1465 763 1514 788 est
1530 759 1689 788 Remensi
1708 758 1970 797 archiepiscopo,
1991 760 2058 789 sint
2077 761 2230 800 subjecti;
2250 771 2310 794 nec

1313 811 1494 849 capitulum
1510 815 1635 849 peteret
1651 811 1717 840 nisi
1731 815 1767 840 ut
1785 811 1899 841 eadem
1913 812 2081 842 concessio
2097 813 2309 851 scinderetur,

1313 873 1386 894 cum
1408 873 1465 901 per
1487 872 1558 893 eam
1579 863 1666 892 circa
1683 863 1927 902 jurisdictionis
1943 863 2128 894 libert-atem
2144 874 2240 904 quam
2259 875 2311 897 ar-

1313 916 1544 954 chiepiscopus
1560 915 1751 945 immediate
1768 915 1802 944 in
1819 915 1976 953 predictis
1987 915 2156 952 habuerat,
2174 917 2310 956 quedam

1314 968 1471 999 alienatio
1488 971 1645 1006 perpetua
1665 967 1753 996 facta
1773 971 1945 1003 noscatur3
1969 967 2061 1006 quia,
2081 971 2237 1006 potestate
2251 969 2312 1000 hac

1313 1021 1471 1059 impedita
1498 1030 1556 1058 per
1580 1019 1828 1049 concessionem
1856 1019 2010 1055 eandem,
2040 1028 2105 1049 non
2132 1024 2234 1058 potest
2260 1030 2314 1056 ar-

1314 1073 1544 1111 chiepiscopus
1561 1071 1751 1101 immediate
1773 1075 1803 1101 et
1823 1071 1942 1107 libere,
1961 1071 2046 1101 sicut
2065 1072 2170 1110 prius,
2193 1072 2314 1104 consti-

1313 1131 1407 1156 tuere
1423 1129 1453 1155 et
1469 1125 1591 1154 habere
1608 1124 1780 1153 ministros
1794 1123 1834 1153 ad
1847 1123 2112 1162 jurisdictionem
2129 1124 2314 1164 hujusmodi

1315 1177 1540 1208 exercendam.
1564 1176 1698 1206 Auditis
1722 1176 1824 1213 igitur
1850 1180 1880 1205 et
1903 1175 2081 1206 intellectis
2102 1176 2167 1206 hiis
2187 1180 2218 1207 et
2239 1176 2314 1208 aliis

1315 1240 1378 1270 que
1394 1230 1563 1268 utrimque
1581 1230 1674 1259 fuere
1691 1229 1858 1267 proposita
1873 1237 1983 1258 coram
2001 1229 2107 1264 nobis,
2125 1229 2163 1259 de
2179 1229 2315 1260 consilio

1315 1286 1455 1314 fratrum
1473 1287 1660 1312 nostrorum
1674 1281 1883 1311 decernimus
1900 1285 1935 1310 ut
1950 1281 2070 1319 prefati
2088 1281 2185 1317 civeS,
2203 1290 2316 1320 excep·-

1316 1338 1405 1367 tione
1430 1335 1597 1374 proposita
1624 1343 1688 1363 non
1717 1333 1879 1368 obstante,
1907 1342 2005 1371 super
2032 1333 2201 1375 premissis
2224 1333 2316 1364 vobis

1316 1389 1456 1418 debeant
1474 1388 1508 1416 in
1531 1390 1643 1416 nostra
1663 1386 1832 1424 presentia
1847 1385 2056 1424 respondere.
2074 1386 2146 1415 Dat.
2164 1385 2315 1421 Viterhii,

1316 1440 1427 1471 idibus
1440 1439 1599 1479 J'anuarii,
1618 1447 1704 1468 anno
1721 1447 1818 1468 nono.
1838 1450 1851 1464 n

1388 1583 1508 1612 2308
1846 1581 1978 1614 Viterbe,
1994 1581 2027 1608 14
2042 1581 2156 1614 janvier
2170 1580 2246 1608 1236.

1354 1645 1514 1680 Burgensi,
1541 1644 1712 1679 Segobicnsi
1743 1646 1770 1671 et
1799 1643 2006 1671 Salamantino
2030 1643 2172 1678 episcopis
2198 1643 2318 1671 mandat

1319 1697 1478 1729 quatenus,
1494 1694 1593 1720 eodem
1609 1692 1753 1727 Burgensi
1771 1692 1905 1727 episcopo
1919 1692 2092 1726 Legionensi
2109 1692 2249 1726 episcopo,
2266 1690 2317 1726 qui

1319 1744 1354 1770 de
1370 1743 1467 1770 medio
1484 1743 1579 1769 fuerat
1592 1742 1736 1773 sublatus,
1751 1741 1915 1774 subrogato,
1935 1740 1966 1766 in
1982 1748 2068 1767 causa
2083 1740 2159 1766 inter
2174 1738 2320 1774 archiepi-

1320 1800 1439 1825 scopum
1456 1793 1484 1817 et
1501 1790 1665 1824 capitulum
1680 1789 1846 1820 Toletanos,
1860 1796 1895 1814 ex
1911 1796 1969 1814 una
1980 1789 2071 1821 parte,
2084 1790 2112 1814 et
2127 1786 2319 1821 archiepisco-

1320 1848 1389 1874 pum
1407 1842 1435 1865 et
1455 1838 1619 1872 capitulum
1644 1837 1913 1870 Compostellanos,
1935 1844 1969 1862 ex
1989 1836 2095 1868 altera,
2116 1843 2164 1861 sur
2183 1834 2321 1869 primatia

1320 1889 1446 1922 agitata,
1462 1896 1550 1921 quae,
1572 1889 1689 1920 propter
1705 1885 1798 1920 ipsius
1812 1883 2002 1918 Legionensis
2018 1883 2145 1917 episcopi
2161 1883 2318 1915 decessum,

1321 1938 1502 1963 remanserat
1527 1935 1674 1967 indecisa,
1700 1934 1779 1960 infra
1805 1933 1876 1959 duos
1902 1940 2016 1958 menses
2040 1933 2104 1966 post
2127 1930 2319 1965 receptionem

1322 1985 1521 2019 praesentium
1545 1983 1749 2017 procedentes,
1766 1990 1830 2008 eam
1854 1980 2033 2008 sufficienter
2052 1979 2224 2006 instructam
2244 1977 2324 2005 infra

1322 2036 1445 2067 quatuor
1462 2032 1609 2058 mensium
1624 2031 1753 2065 spatium
1766 2030 1802 2056 ad
1815 2037 1937 2056 examen
1955 2028 2146 2062 apostolicum
2158 2026 2320 2059 remittant,

1322 2082 1450 2115 praefixo
1460 2080 1592 2115 partibus
1603 2079 1729 2106 termino
1741 2077 1947 2112 peremptorio⁷
1958 2085 2012 2110 quo
2024 2075 2180 2109 apostolico
2189 2081 2321 2108 conspec-

1323 2129 1366 2156 tui
1380 2137 1409 2155 se
1425 2130 1654 2162 repraesentent.
1674 2142 1705 2145 -
1722 2127 1807 2159 (Rea.
1825 2125 1873 2157 18,
1896 2126 1916 2151 f.
1936 2124 1969 2151 96
1985 2126 2028 2155 v⁰3
2045 2131 2113 2150 ann.
2131 2123 2187 2155 IX,
2204 2130 2228 2149 6.
2247 2120 2321 2153 340.)

1365 2228 1377 2241 «
1398 2238 1417 2244 ..
1437 2215 1595 2252 Buryensi,
1617 2236 1635 2242 ..
1649 2213 1839 2250 Seyobiensw
1858 2217 1884 2240 et
1902 2234 1921 2239 ..
1939 2211 2154 2239 ‚salamantino
2169 2208 2320 2246 episcopis.

1321 2266 1532 2297 Venerabilis
1549 2267 1651 2295 frater
1667 2269 1779 2295 noster
1794 2281 1842 2292 -.
1861 2265 1933 2293 Dat.
1952 2261 2104 2295 Viterbii,
2123 2259 2250 2290 XVIIII
2262 2258 2323 2288 ka-

1322 2319 1436 2348 lendas
1454 2318 1626 2351 februarii,
1645 2326 1731 2347 anno
1748 2325 1843 2346 nono.
1868 2328 1881 2342 »

1395 2461 1510 2488 2909

1360 2523 1502 2556 Episcopo
1524 2522 1671 2556 quondam
1695 2520 1876 2551 Mutinensi,
1901 2518 2128 2553 paenitentiario
2151 2525 2214 2549 suo,
2237 2522 2322 2549 quem

1324 2571 1359 2597 ad
1384 2574 1480 2604 partes
1503 2570 1582 2603 regni
1606 2569 1747 2596 Franciac
1765 2569 1980 2600 destinaverat,
2003 2575 2053 2601 pro
2074 2565 2186 2599 negotio
2206 2561 2323 2597 imperii

1850 2459 1982 2491 Viterbe,
1997 2458 2030 2485 16
2045 2457 2160 2491 janvier
2174 2455 2250 2483 1236.

1325 2617 1648 2651 Constantinopolitani
1663 2616 1849 2648 sublevandi,
1870 2615 1991 2642 mandat
2007 2616 2164 2648 quatenus,
2182 2619 2246 2638 cum
2264 2610 2325 2636 dux

1324 2667 1505 2692 Venetorum
1529 2665 1666 2691 omuibus
1691 2664 1782 2697 gratis
1805 2664 1874 2690 dare
1899 2662 2066 2696 passagium
2093 2662 2167 2687 esset
2191 2659 2333 2692 paratu8‚.

1325 2714 1540 2747 crucesignatos
1561 2712 1703 2739 Franciae
1725 2712 1761 2738 ad
1785 2711 1840 2738 iter
1861 2711 1924 2737 sinc
1947 2718 2027 2736 mora
2041 2707 2241 2742 arripiendum
2263 2712 2324 2732 mo-

1325 2764 1393 2788 neat
1407 2764 1435 2787 et
1449 2761 1587 2792 inducat3
1603 2760 1656 2786 illa
1671 2768 1807 2785 concessa
1820 2759 1861 2785 eis
1878 2758 1926 2792 qui
1942 2758 1971 2784 in
1988 2757 2118 2790 ejusdem
2132 2753 2247 2788 imperii
2260 2759 2325 2779 suc-

1325 2804 1442 2835 cursum
1455 2807 1641 2840 accesserint,
1659 2806 1747 2833 venia
1758 2808 1959 2840 peccatorum,
1977 2812 2063 2838 quam
2080 2801 2208 2830 habituri
2221 2800 2325 2832 forent,

1359 2914 1379 2938 1.
1396 2915 1451 2942 Sic,
1468 2920 1502 2937 611
1518 2913 1686 2942 manchette;
1704 2912 1772 2936 dans
1787 2912 1813 2934 la
1828 2911 1959 2940 rubrique
1975 2917 1980 2933 :
2000 2909 2168 2934 Secobiensi.
