2519 3518
142 280 199 312 329
908 284 1102 314 STATL'TA
1124 283 1304 314 ORDINIS
1327 286 1464 317 NIGRI.
2174 288 2232 319 330

143 350 221 380 neat,
238 348 288 375 sed
304 348 339 375 ad
356 357 425 375 usus
437 352 611 376 revocentur
631 350 793 384 predictos;
816 354 844 378 et
864 351 913 383 qui
928 354 1029 377 eontra
1047 351 1148 377 venire

142 397 349 429 presumpserit,
364 397 400 424 ab
413 398 684 425 amministratione
698 400 802 424 noverit
820 406 845 423 se
859 406 1032 432 suspensum.

177 542 220 569 39.
237 543 274 570 Et
289 543 357 577 quia
375 552 431 570 uon
448 546 491 570 est
507 544 705 571 defraudan‹.la
725 553 884 579 pauperum
901 545 1062 578 elemosina,
1081 545 1148 571 nul-

142 591 188 618 lus
204 591 239 618 de
255 591 330 618 cibis
344 591 394 625 qui
410 591 467 618 sibi
484 593 735 617 amministrautur
749 593 778 619 in
795 601 905 625 mensa,
923 593 1022 619 nullus
1036 592 1071 619 de
1087 595 1150 618 vete-

141 639 219 665 ribus
235 640 401 678 vagtimentis
416 641 463 667 vel
480 641 700 673 calcianwntis,
718 649 784 668 eum
801 641 907 675 recipit
923 650 1013 673 nova,
1030 641 1147 668 defrau—

141 688 191 715 det
217 688 428 721 clmnosinanu
455 689 503 715 sed
533 690 586 715 lice
617 690 714 715 omnia
747 690 783 716 ad
814 698 918 716 manus
947 689 1147 716 elemosinarii

141 736 328 771 perveniant,
343 737 391 771 qui
406 737 507 764 eadem
526 738 703 771 pauperibus
724 738 881 771 largiatur:
900 746 952 765 nce
970 738 1058 765 alieni
1075 738 1148 765 den-

141 787 189 812 tur
203 793 289 818 nova,
307 785 356 819 qui
371 787 471 812 vetera
487 794 544 812 non
561 786 699 818 resignet.

175 833 220 860 40.
237 834 409 861 Inhibemus
425 843 539 869 quoque
555 835 720 862 districtius
735 844 770 862 ne
789 836 879 863 libere
894 837 979 863 detur
996 837 1148 863 monachis

142 883 286 917 evagandi
309 886 451 917 potestas,
474 892 526 910 nee
546 884 632 910 detur
651 885 859 911 claustralibus
880 885 999 912 lieentia
1015 885 1150 911 revisendi

141 932 296 965 secularia,
315 931 371 958 uisi
390 933 462 958 sorte
478 932 643 965 rarissime,
661 936 689 959 et
709 941 744 959 cx
761 942 847 960 causa
867 933 1049 965 rationabili,
1070 936 1098 960 et
1111 934 1148 960 ad

141 982 259 1014 tempus
276 980 435 1013 modicum,
454 983 569 1007 matura
586 990 699 1015 quoque
715 981 854 1009 societate
868 982 977 1009 eisdem
999 982 1034 1009 ad
1052 985 1148 1009 custo-

142 1029 222 1056 diam
237 1029 395 1063 deputata3
411 1032 439 1056 et¹
454 1029 511 1064 ipsi
529 1030 613 1057 horas
627 1030 727 1057 dicant
743 1030 772 1057 in
787 1031 847 1063 via,
864 1033 891 1057 et
906 1031 941 1058 de
955 1031 1039 1058 libris
1053 1031 1148 1066 provi-

141 1077 246 1110 deatur
268 1077 390 1111 eisdem,
416 1080 444 1104 et
466 1078 589 1105 cuilibet
612 1080 754 1105 monacho
777 1079 914 1113 loquendi
938 1088 1004 1106 cum
1025 1080 1148 1107 muliere

140 1126 205 1153 sine
217 1127 348 1154 honestis
362 1127 487 1154 testibus
501 1127 613 1154 duobus
627 1129 673 1155 vel
687 1128 791 1160 tribus,
807 1128 928 1156 licentia
942 1129 1110 1162 denegetur.

175 1175 220 1202 4¹.
235 1175 401 1202 Monachus
415 1184 528 1210 quoque
549 1176 597 1210 qui
620 1176 649 1202 in
671 1176 788 1203 abbatia
809 1177 872 1203 sive
889 1177 1018 1211 prioratu
1035 1185 1147 1204 moram

141 1224 255 1257 fecerit,
270 1224 294 1251 si
311 1224 374 1251 sine
390 1224 512 1251 lieentia
528 1225 686 1259 superioris
703 1225 852 1251 clausuras
872 1225 976 1252 domus
989 1225 1069 1252 exire
1083 1234 1148 1260 pre-

141 1273 312 1307 sumpserit,
329 1281 486 1300 ruernvus
501 1281 668 1300 HABEATUR.

175 1320 220 1348 42.
236 1322 313 1348 Illud
330 1329 443 1355 quoque
456 1321 590 1348 districte
607 1321 798 1355 precipimus,
813 1321 889 1355 quod
903 1321 1041 1348 monaehi
1055 1322 1105 1356 qui
1118 1322 1147 1348 in

141 1369 320 1404 prioratibus
336 1369 529 1396 exterioribus
543 1371 773 1402 commorantur,
788 1369 820 1395 111
834 1369 946 1396 divinis
962 1369 1104 1402 servitiis,
1118 1370 1147 1396 in

142 1419 294 1445 honestate
308 1417 427 1444 habitus
441 1420 469 1444 et·
483 1417 614 1444 ciborum
631 1417 813 1444 abstinentia
827 1417 886 1444 suis
900 1417 1028 1444 abbatiis
1044 1424 1149 1450 respon-

140 1467 234 1499 deant,
250 1469 279 1494 et
293 1467 410 1501 jaceant
425 1466 527 1493 vestiti
544 1468 573 1493 et·
590 1466 697 1498 cincti,
712 1466 788 1493 sieut
806 1466 943 1493 monachi
958 1466 989 1492 in
1005 1466 1148 1493 dormito-

141 1515 183 1542 rio
199 1515 330 1547 abbatie;
348 1515 424 1549 quod
440 1515 530 1542 etiam
547 1515 584 1541 ab
599 1514 736 1541 omnibus
755 1514 805 1548 qui
823 1514 922 1548 jacent
938 1517 1020 1542 extra
1035 1514 1147 1541 dormi—

139 1563 259 1596 torium,
285 1564 411 1589 volumus
438 1563 597 1590 observari.
622 1562 724 1588 Nullus
749 1570 853 1595 quoque
874 1563 969 1595 abbas,
993 1563 1074 1595 prior
1101 1570 1148 1588 uec

124 1611 290 1638 >inonachus
315 1611 394 1643 infra
415 1611 554 1636 abbatiam
577 1611 618 1636 vet
641 1613 719 1636 ecetra
744 1612 977 1642 eonsanyuiueum
998 1610 1147 1636 secularem

139 1662 353 1687 commorantem
368 1667 456 1685 secum
474 1660 592 1684 retinere
605 1661 763 1692 presumat:
779 1667 833 1686 nec
848 1659 986 1686 mulieres
1002 1660 1033 1686 in
1048 1659 1147 1693 aliquo

138 1710 200 1736 loeo
213 1709 250 1735 ad
267 1709 478 1735 monachorum
493 1707 649 1734 servitium
667 1707 887 1741 presentialiter
900 1707 1108 1735 admittantur.

172 1755 216 1783 43.
231 1757 377 1790 Denique,
394 1765 460 1783 eum
477 1756 598 1783 abbates
614 1756 654 1781 vel
669 1755 780 1790 priores
798 1756 961 1783 discurrere
981 1757 1029 1783 vel
1044 1757 1146 1790 vagari

140 1813 198 1832 non
214 1805 340 1832 debeant
351 1825 357 1837 ,
374 1805 512 1831 volumus
527 1806 560 1831 ut
578 1804 608 1830 in
627 1805 754 1831 claustro
773 1812 839 1830 eum
860 1804 1000 1831 fratribus
1013 1805 1144 1837 sedeant,

139 1856 168 1880 et
181 1853 294 1880 divinis
307 1852 457 1884 intersint,
473 1852 604 1879 maxime
619 1852 744 1885 vigiliis,
757 1852 887 1886 capitulo
900 1854 929 1879 et
942 1853 1105 1885 collationi,
1118 1855 1145 1880 et

137 1901 206 1928 aliis
219 1901 332 1928 divinis
349 1909 415 1927 cun]
435 1900 545 1926 eisdem
559 1921 564 1932 ,
589 1899 646 1926 nisi
669 1908 757 1926 eausa
773 1900 937 1927 necessaria
953 1900 1064 1927 fuerint
1079 1909 1146 1935 pre—

138 1949 242 1984 pediti.

172 1996 215 2024 44.
234 1997 344 2024 Nullus
362 1997 451 2023 abbas
470 1997 517 2022 vel
539 1997 700 2023 monachus
722 2004 810 2030 prope
826 1996 1038 2024 monasterium
1058 2006 1143 2024 suum

137 2047 186 2073 vel
202 2047 307 2073 cellam
324 2045 495 2072 monasterii
516 2045 560 2071 sui
577 2045 613 2071 ad
632 2045 746 2071 leucam
762 2053 853 2071 unam
872 2045 902 2072 in
919 2045 1005 2072 domo
1021 2047 1145 2074 seculari

138 2094 273 2121 comedat
289 2094 336 2120 vel
352 2095 512 2127 pernoctet.

173 2141 218 2168 45.
229 2141 379 2173 Ceterum,
389 2141 459 2174 quia
470 2141 500 2166 in
513 2141 616 2167 multis
628 2141 815 2168 monasteriis
826 2149 841 2167 a
854 2141 954 2175 paucis
966 2142 1146 2177 intelligitur

139 2190 263 2224 Regula,
278 2198 344 2216 cum
360 2189 477 2222 legitur,
493 2189 673 2223 precipimus
686 2192 717 2215 ut
732 2189 819 2215 lectio
833 2190 954 2223 Regulo,
970 2198 1024 2224 que
1038 2191 1145 2225 legitur

139 2238 171 2264 in
181 2238 321 2272 capitulo,
332 2239 448 2271 propter
458 2237 584 2263 minores
596 2237 698 2263 statim
711 2239 874 2271 exponatur
883 2238 914 2264 in
923 2239 1038 2272 vulgari
1047 2239 1084 2267 ab
1093 2240 1145 2267 illo

141 2286 191 2321 qui
200 2286 365 2320 capitulum
377 2287 468 2317 tenet,
478 2286 526 2311 vel
537 2285 574 2312 ab
584 2285 643 2312 alio
654 2285 701 2312 cui
713 2285 775 2319 ipse
786 2286 905 2313 duxerit
917 2286 1143 2321 injungendum.

174 2333 218 2361 46.
234 2333 319 2361 Circa
335 2333 516 2367 equitaturas
530 2332 670 2360 abbatum
689 2334 743 2359 hoo
760 2333 947 2361 moderamen
964 2336 1101 2363 volumus
1118 2340 1145 2364 ct

139 2381 321 2417 precipimus
338 2381 497 2413 observari,
510 2383 543 2407 ut
555 2381 655 2407 nullus
666 2381 755 2408 abbas
771 2382 850 2408 ultra
860 2382 960 2409 decem
973 2384 1146 2416 equitaturas

140 2429 247 2460 habeat,
264 2432 292 2457 et
304 2437 366 2455 suos
383 2429 509 2463 quilibet
524 2430 685 2456 monachus
703 2431 791 2462 portet
807 2437 930 2463 pannoSJ
947 2431 1075 2459 minores
1092 2440 1145 2458 au-

140 2481 191 2504 tem
218 2478 338 2505 abbates
366 2478 527 2504 secundum
557 2478 712 2504 facultates
742 2478 894 2505 domorum
920 2481 1145 2512 equitaturarum

139 2527 248 2554 minori
264 2535 387 2555 numero
401 2526 461 2553 sint
475 2527 618 2553 conteuti.

173 2574 218 2602 47.
234 2575 346 2603 Omnes
357 2577 455 2601 autem
470 2574 603 2601 redditus
614 2574 741 2607 abbatie,
757 2578 818 2602 tam
832 2575 938 2610 eapitis
952 2584 1039 2610 quam
1054 2586 1145 2604 mem-

139 2623 269 2656 brorum,
283 2623 455 2657 redigantur
471 2623 501 2649 in
516 2623 648 2657 seriptis,
667 2625 694 2650 et
712 2623 903 2651 obventiones
919 2633 973 2658 que
994 2628 1071 2652 certe
1086 2635 1144 2653 non

139 2674 223 2705 sunt,
249 2672 376 2699 fideliter
396 2672 588 2704 extimentur,
613 2675 641 2699 et
663 2681 755 2699 unum
781 2673 924 2707 scriptum
947 2673 1016 2700 inde
1039 2674 1145 2702 habeat

139 2721 229 2748 abbas
241 2730 330 2755 penes
346 2730 385 2754 se,
401 2724 429 2748 et
442 2721 522 2755 prior
536 2721 617 2748 aliud
632 2729 683 2755 pro
696 2725 854 2749 conventu.

1229 363 1337 393 teneat,
1353 362 1401 388 sed
1416 363 1450 389 ad
1469 372 1536 390 usus
1553 367 1725 392 revocentur
1739 365 1897 399 predictum
1915 368 1953 392 et.
1970 366 1994 390 si
2009 365 2115 390 abbates
2130 369 2231 392 eontra

1230 409 1330 435 venire
1345 413 1570 443 presumpserint.
1587 412 1624 439 ab
1643 412 1914 439 amministi-atlon(¹
1927 420 1974 445 per
1990 414 2156 445 visitatores,
2174 421 2232 439 mo-

1229 457 1312 482 nachi
1330 466 1378 491 prr
1395 459 1502 484 abbates
1523 461 1735 492 suspendantur,
1759 464 1782 486 et
1807 462 1929 494 smpensi
1950 464 2078 486 maneant
2097 460 2230 493 quamdiu

1227 505 1375 531 secundum
1392 508 1551 539 qualitatem
1568 509 1661 534 delicti
1676 509 1794 534 viderint
1814 509 1946 542 expuam.

1263 553 1307 580 39.
1334 555 1369 582 Et
1395 556 1463 589 quia
1489 565 1545 582 uon
1571 560 1612 583 est
1637 557 1839 584 defraudansla
1864 566 2024 592 pauperum
2049 557 2230 589 helemosina,

1229 603 1329 629 nullus
1342 603 1377 629 de
1393 604 1467 630 cibis
1481 605 1529 638 qui
1545 605 1601 632 sibi
1619 606 1819 630 ministrantur
1836 606 1864 632 iu
1884 615 1994 633 mensa.
2010 607 2109 633 nullus
2122 606 2157 632 de
2175 613 2232 631 ves-

1230 651 1351 676 timentis
1368 652 1499 677 meritus
1515 653 1561 679 vel
1575 653 1790 685 calciamentis,
1807 662 1872 680 eum
1891 654 1994 687 recipit
2012 663 2097 686 nova,
2113 654 2232 680 defrau-

1229 699 1279 726 det
1303 701 1512 732 eleiuosi11a1u3
1539 702 1587 728 sed
1615 702 1666 728 hec
1689 703 1789 729 omnia
1813 703 1848 728 ad
1873 712 1975 729 manus
2001 702 2079 737 [et‹;·.,
2096 707 2127 729 ut
2150 703 2180 729 in
2198 703 2229 735 A,

1229 755 1320 781 usque
1338 746 1357 782 :]
1374 757 1429 774 non
1447 749 1584 783 resignet.

1263 844 1308 871 40.
1326 845 1497 872 Inliibemus
1514 855 1626 881 quoque
1642 847 1806 874 ‹filistrietius
1824 856 1858 874 ne
1875 848 1965 874 libere
1978 848 2063 874 ‹letur
2079 847 2232 874 monachis

1230 893 1373 926 evagandi
1392 898 1535 927 potestas,
1558 903 1610 921 nee
1630 895 1715 922 detur
1731 896 1938 923 claustralibus
1955 896 2075 923 licentia
2092 895 2234 921 revidendi

1230 942 1384 975 secularia,
1400 943 1455 968 nisi
1474 944 1547 969 sorte
1561 944 1710 970 rarissime
1732 943 1809 977 sete..
1828 948 1855 971 ut
1875 945 1903 971 in
1920 947 1950 977 A,
1968 954 2058 979 usque
2075 943 2093 979 ε]
2111 945 2231 971 licentia

1230 991 1399 1025 denegetur.

1263 1182 1307 1209 41.
1332 1183 1496 1210 Monachus
1518 1193 1631 1217 quoque
1654 1184 1702 1218 qui
1722 1184 1752 1210 111
1773 1184 1890 1211 abbatia
1911 1186 1974 1211 sive
1995 1187 2043 1218 qui
2058 1187 2088 1210 in
2103 1186 2233 1220 prioratu

1229 1239 1341 1258 moram
1366 1232 1478 1264 fecerit,
1502 1233 1525 1259 si
1548 1233 1612 1259 sine
1635 1233 1756 1259 licentia
1778 1233 1936 1267 superioris
1961 1235 2110 1261 clausuras
2130 1235 2234 1261 domus

1228 1280 1309 1306 exire
1324 1281 1546 1314 presumpserit,
1564 1289 1714 1308 REGELARI
1730 1290 1805 1308 rssxr:
1820 1290 1984 1309 senonen.

1263 1328 1307 1355 42.
1325 1329 1401 1356 Illud
1417 1338 1530 1363 quoque
1545 1330 1887 1364 districteprecipimus,
1905 1331 1979 1365 quod
1992 1332 2129 1358 monaehi
2142 1332 2191 1366 qui
2204 1332 2234 1358 in

1229 1377 1407 1411 prioratibus
1421 1378 1615 1404 exterioribus
1629 1382 1859 1410 commorantur,
1872 1379 1902 1405 iu
1919 1380 2031 1406 divinis
2045 1381 2185 1413 servitiis,
2204 1381 2233 1407 in

1229 1426 1382 1452 honestate
1413 1426 1530 1453 habitus
1559 1429 1587 1453 et
1616 1426 1747 1453 ciborum
1769 1427 1951 1454 abstinentia
1974 1428 2034 1454 suis
2058 1429 2186 1455 abbatiis
2210 1436 2236 1454 se

1228 1474 1406 1506 conforment,
1423 1477 1451 1500 ct
1467 1474 1583 1507 jaceant
1599 1474 1701 1501 vestiti
1718 1478 1745 1501 et
1761 1475 1863 1507 cincti,
1880 1476 1955 1502 sicut
1969 1477 2105 1503 monaehi
2122 1477 2152 1503 in
2168 1477 2235 1503 dor-

1228 1521 1346 1548 mitorio
1360 1521 1491 1554 abbatim
1510 1523 1584 1556 quod
1599 1523 1688 1549 etiam
1703 1523 1740 1550 ab
1755 1523 1893 1550 omnibus
1906 1524 1955 1557 qui
1967 1524 2063 1557 jacent
2077 1528 2159 1552 extra
2172 1525 2235 1552 dor-

1227 1569 1393 1602 mitorium,
1413 1571 1579 1603 precipimus
1594 1571 1760 1603 observari3
1779 1580 1832 1598 nec
1848 1572 1986 1598 mulieres
2008 1573 2036 1598 in
2056 1573 2154 1606 aliquo
2171 1574 2233 1600 loco

1227 1618 1263 1645 ad
1280 1619 1490 1645 monachorum
1508 1619 1664 1646 servitium
1681 1620 1901 1654 presentialiter
1916 1621 2124 1648 admittantur.

1261 1763 1305 1790 43.
1328 1764 1472 1798 Denique,
1490 1773 1555 1791 eum
1573 1765 1693 1792 abbates
1716 1767 1739 1790 et
1757 1766 1867 1800 priores
1885 1766 2048 1793 discurrere
2068 1769 2116 1794 vel
2132 1769 2231 1801 vagari

1226 1821 1283 1839 non
1298 1813 1439 1844 debeant,
1456 1814 1594 1840 volumus
1610 1816 1641 1840 ut
1661 1814 1691 1840 in
1713 1815 1840 1841 claustro
1856 1824 1922 1841 eum
1940 1816 2080 1843 iratribus
2101 1817 2231 1849 sedeant,

1226 1864 1254 1888 et
1268 1861 1380 1887 divinis
1396 1861 1547 1894 intersint,
1564 1862 1693 1889 maxime
1709 1863 1833 1896 vigiliis.
1849 1864 1978 1897 capitulo
1990 1868 2017 1891 et
2029 1865 2191 1895 collationi.
2204 1868 2233 1892 et-

1225 1909 1294 1936 aliis
1309 1909 1422 1936 divinis
1442 1918 1509 1936 eum
1532 1910 1660 1943 eisdem,
1684 1911 1742 1937 nisi
1765 1920 1851 1938 causa
1873 1913 2051 1941 necessaria.
2071 1914 2112 1939 vet
2128 1914 2194 1939 utili
2209 1917 2234 1939 et

1227 1958 1348 1987 honesta,
1366 1958 1476 1985 suerint
1492 1959 1649 1992 prepediti.

1260 2005 1305 2032 44.
1320 2005 1372 2041 [Ut
1389 2006 1419 2032 in
1436 2008 1452 2032 ,4
1470 2007 1497 2039 k]

1260 2149 1304 2177 45.
1323 2149 1375 2185 [ut
1391 2151 1421 2177 in
1438 2150 1481 2185 1.]

1261 2342 1306 2370 46.
1321 2343 1407 2371 Circa
1421 2344 1603 2378 equitaturas
1618 2344 1758 2372 abbatum
1779 2346 1832 2372 hoc
1848 2346 2036 2373 moderamen
2052 2348 2189 2373 volumus
2205 2349 2232 2374 ct

1226 2392 1407 2426 precipimus
1421 2392 1581 2421 observari.
1598 2396 1629 2420 ut
1646 2388 1746 2421 nullus
1762 2394 1851 2421 abbas
1867 2394 1897 2419 de
1911 2395 2023 2427 familia
2037 2403 2088 2421 sua
2101 2397 2233 2422 continua

1226 2442 1305 2468 ultra
1325 2441 1426 2468 decem
1449 2441 1544 2467 babeat
1563 2443 1725 2475 equitantes,
1748 2446 1775 2469 et
1795 2443 1826 2468 de
1845 2444 1903 2468 suis
1926 2443 2049 2477 quilibet
2072 2445 2233 2471 monachus

1227 2489 1346 2522 aliquem
1359 2497 1485 2522 pannum
1499 2492 1606 2522 portem
1622 2491 1750 2517 minores
1769 2494 1857 2516 tamen
1874 2491 1993 2518 abbates
2013 2493 2173 2519 seeundum
2190 2494 2233 2520 fa—

1226 2538 1351 2564 cultates
1369 2538 1522 2565 domorum
1539 2540 1723 2571 equitantium
1746 2540 1853 2567 minori
1870 2548 1991 2567 numero
2011 2541 2069 2568 sint
2090 2542 2231 2568 contenti.

1261 2585 1304 2613 47.
1321 2586 1432 2614 Omnes
1445 2590 1544 2614 autem
1561 2588 1694 2615 redditus
1707 2588 1834 2621 abbatie,
1848 2591 1907 2615 tam
1922 2589 2027 2623 capitis
2039 2598 2126 2623 quam
2142 2599 2233 2617 mem<

1227 2633 1355 2667 brorum,
1373 2636 1545 2669 redigantur
1558 2636 1589 2662 in
1606 2636 1733 2670 scriptis,
1756 2640 1783 2663 et
1799 2637 1990 2663 obventiones
2007 2646 2062 2671 que
2081 2642 2158 2665 certe
2175 2647 2230 2664 non

1227 2685 1313 2715 sunt,
1341 2683 1468 2710 fideliter
1493 2684 1685 2717 extimentur,
1707 2687 1735 2710 et
1755 2693 1847 2711 unum
1870 2685 2013 2719 scriptum
2036 2685 2105 2712 inde
2126 2686 2232 2713 habeat

1227 2730 1317 2758 abbas
1338 2739 1427 2766 penes
1449 2741 1488 2765 se,
1509 2735 1537 2759 et.
1559 2732 1638 2766 prior
1660 2732 1741 2758 aliud
1759 2741 1809 2766 pro
1831 2735 1995 2760 conventu.
2015 2741 2050 2760 ετ
2070 2742 2231 2763 UTRL'MQL'E

1227 2786 1355 2806 SECRETO
1371 2788 1447 2806 Apro
1464 2787 1496 2806 SE
1513 2788 1660 2806 ΗΑΒΕΑΧΤ.

173 2877 194 2901 1.
216 2878 240 2902 A
258 2878 285 2901 la
304 2879 341 2902 fin
361 2879 394 2902 de
414 2886 445 2902 ce
464 2879 634 2910 paragraphe
654 2880 766 2904 s'arrete
782 2880 807 2903 Ia
823 2880 986 2904 conformite
1002 2883 1079 2904 entre
1094 2881 1119 2904 la
1135 2881 1276 2906 redaction
1293 2885 1311 2906 Β
1327 2885 1353 2906 et
1369 2883 1394 2907 le
1410 2886 1485 2907 texte
1500 2883 1592 2914 public
1609 2883 1676 2907 dans
1691 2884 1715 2908 le
1732 2885 1891 2908 Thesaurus
1908 2891 1998 2908 novus
2013 2887 2234 2914 anecdotorum,-

140 2927 172 2945 (ιθ
187 2921 234 2952 qui
249 2922 298 2946 fait
312 2922 394 2953 suite,
409 2922 478 2946 dans
494 2929 524 2946 ee
540 2923 652 2952 recueil,
668 2926 709 2947 est
725 2923 935 2954 completement
951 2924 1088 2948 different.
