2519 3518
101 319 161 350 πθ
939 309 1166 348 NEUVIEME
1187 311 1344 348 ANNEE.
2122 320 2180 350 270

103 383 220 423 potuit,
237 386 267 413 et
284 382 444 421 quasdam
460 385 585 419 gentes,
603 385 732 411 mortuo
748 383 867 417 Josue,
885 382 1046 412 Dominus
1063 382 1102 412 ad

102 436 176 476 ejus
186 433 378 466 exercitium
391 433 579 472 dereliquit,
592 437 638 468 ut,
653 433 802 463 eruditus
815 434 848 463 in
863 434 921 469 eis,
940 434 1102 472 preliandi

104 496 179 518 cum
202 486 354 517 hostibus
377 485 650 516 consuetudinem
671 485 828 521 disceret,
847 490 888 521 et,
906 487 939 515 in
960 486 1027 516 illis
1046 495 1104 524 op-

103 548 254 579 pressus,
276 538 311 568 in
334 546 369 568 se
392 537 544 567 timorem
563 537 712 572 Domini,
735 546 772 567 eo
793 538 878 576 quod
900 539 1028 568 vexatio
1049 538 1103 568 dat

103 591 308 622 intellectum
326 589 454 620 auditui
466 590 488 624 ¹,
506 589 625 619 fortius
641 594 859 620 conservaret.
880 590 988 627 Quare
1001 593 1023 625 ²,
1041 591 1103 620 etsi

103 643 264 674 catholice
282 642 357 672 fidei
375 646 479 672 mater
497 641 644 672 Ecclesia
659 641 738 680 jam,
756 646 829 680 post
850 642 970 672 multas
993 651 1103 680 perse-

103 696 273 727 cutionum
286 694 468 732 angustias,
479 698 550 732 post
563 693 730 723 beatorum
744 694 915 731 passiones
931 694 1103 723 martirum

104 747 275 786 gloriosas,
288 747 389 777 latius
404 746 439 776 in
455 746 567 776 orbem
580 750 747 776 ,terrarum
762 755 838 776 suos
853 747 1011 776 terminos
1025 746 1103 776 dila-

106 802 193 837 tarit,
204 800 258 840 [et]
269 801 336 840 jam
350 800 498 839 plantata
509 800 544 829 in
553 800 680 831 Christi
693 801 855 837 sanguine
864 801 996 830 Domini
1008 801 1104 831 vinea

104 855 149 885 sit
169 854 204 884 in
225 853 437 883 multitudine
461 852 634 891 palmitum
658 857 689 882 et
711 857 839 891 sceptra
863 853 1104 882 dominantium

105 901 269 938 exaltata³
288 915 294 934 :
317 905 423 935 adhuc
445 904 598 934 nonnulli
616 904 761 934 Ecclesie
787 905 964 943 dampnum
988 906 1104 944 rapitis

104 957 336 989 diminutionis
363 957 513 995 infligere
543 961 574 986 et
599 965 671 986 eam
700 956 856 986 thesauro
882 957 1044 987 libertatis
1074 962 1104 987 et

105 1011 182 1042 fidei
198 1011 350 1040 nituntur
365 1009 470 1039 modis
486 1008 588 1038 variis
605 1008 757 1046 spoliare.
776 1009 870 1044 Nam,
889 1010 974 1039 sicut
991 1009 1105 1039 dolen-

106 1068 155 1094 tes
171 1062 358 1093 audivimus
375 1066 406 1091 et
421 1061 592 1095 miramur,
610 1061 804 1090 carissimus
817 1061 851 1090 in
868 1061 1000 1092 Christo
1016 1062 1105 1092 filius

106 1120 254 1146 noster..
271 1114 409 1144 Francie
428 1122 483 1143 rex
506 1112 647 1142 illustris
669 1117 699 1142 et
722 1113 814 1150 regni
837 1113 975 1143 barones
994 1113 1106 1144 Eccle-

105 1168 201 1202 siam,
219 1175 281 1206 que
297 1166 386 1204 ipsos
403 1174 440 1195 ex
452 1169 546 1195 utero
563 1165 836 1194 sanctificationis
853 1166 1059 1203 regeneravit
1070 1167 1105 1195 in

106 1219 192 1250 filios
208 1223 281 1254 etc.,
292 1226 397 1257 usque
413 1227 419 1246 :
434 1217 606 1256 injudicio
620 1216 844 1247 ecclesiastico
858 1217 1105 1255 responderent.

104 1272 244 1307 Verum,
265 1271 293 1301 si
313 1270 392 1300 dicti
411 1279 468 1300 rex
491 1274 521 1300 et
544 1270 684 1299 barones
702 1269 878 1307 diligenter
901 1270 1107 1301 attenderent

105 1322 248 1362 qualiter
263 1321 376 1351 inclite
394 1320 632 1351 recordationis
649 1320 786 1351 Carolus
803 1321 942 1358 Magnus
959 1322 1107 1351 Romano

107 1373 261 1406 Pontifici
276 1377 349 1409 etc.,
368 1377 403 1403 ut
419 1381 529 1411 supra,
542 1381 647 1411 usque
666 1382 672 1401 :
691 1372 770 1402 dicti
786 1373 873 1410 regis
891 1378 1035 1411 tempore
1051 1374 1107 1404 de-

106 1430 264 1457 curtetur.
295 1425 454 1462 Quocirca
483 1425 736 1455 universitatem
763 1429 905 1454 vestram
935 1434 1104 1463 rogamus,

106 1487 279 1510 monemus
301 1482 332 1509 et
352 1478 522 1508 hortamur
544 1478 580 1507 in
601 1478 742 1507 Domino
763 1478 868 1508 Jhesu
887 1477 1030 1513 Christo,
1050 1487 1108 1517 per

107 1531 286 1570 apostolica
297 1530 389 1560 vobis
406 1530 528 1568 scripta
543 1530 737 1560 mandantes
750 1535 924 1569 quatenus,
937 1540 994 1560 vos
1007 1531 1042 1560 in
1056 1531 1107 1561 de-

107 1583 259 1614 fensione
284 1582 507 1613 ecclesiastice
534 1582 715 1618 libertatis,
744 1582 891 1621 exemplo
911 1582 1073 1621 Prophete
1084 1583 1106 1617 ⁴,

107 1635 275 1666 civitatem
289 1635 453 1665 munitam
470 1639 501 1665 et
520 1634 727 1673 columpnam
747 1635 889 1665 ferream
911 1639 1105 1670 statuentes,

104 1688 243 1718 minime
274 1687 438 1723 timeatis3
469 1687 537 1722 sed,
566 1695 604 1717 ea
629 1687 735 1717 cordis
761 1687 879 1717 armati
909 1687 1105 1722 constantia,

106 1749 206 1780 quam
221 1740 313 1770 nulla
329 1740 433 1779 possit
445 1739 687 1778 persecutionis
703 1744 876 1778 penetrare
895 1740 1025 1778 sagitta,
1038 1749 1107 1770 mu-

107 1801 182 1823 rum
197 1801 254 1831 pro
269 1792 364 1822 domo
381 1792 515 1822 Domini
533 1800 589 1822 vos
605 1791 747 1822 viriliter
767 1796 983 1830 opponentes,
1005 1791 1107 1822 liber-

107 1848 174 1874 tate
189 1844 224 1874 in
240 1844 334 1883 cujus
349 1843 559 1882 possessione
575 1843 682 1873 adhuc
697 1843 850 1878 existitis,
868 1848 899 1873 et
914 1852 979 1882 qua
995 1843 1107 1873 hacte-

107 1904 170 1926 nus
185 1896 238 1926 usi
254 1895 345 1930 estis,
361 1895 563 1925 confidenter
577 1895 737 1931 utamini,
758 1900 803 1931 et,
824 1899 937 1925 contra
954 1895 1105 1929 rebelles,

106 1951 203 1986 prout
219 1947 384 1982 convenit,
406 1947 631 1985 procedentes,
650 1951 773 1977 statuta
787 1951 899 1976 contra
921 1946 1107 1976 libertatem

107 1999 367 2030 ecclesiasticam
397 2003 589 2037 attemptata
615 1999 711 2029 irrita
735 1999 934 2034 nuntiando,
965 2008 1022 2028 vos
1051 2003 1107 2028 aut

107 2051 256 2082 subditos
273 2056 398 2082 vestros
417 2052 524 2090 ipsius
545 2060 611 2081 non
632 2051 831 2089 permittatis
849 2050 1017 2080 commodo
1033 2059 1108 2088 spo-

107 2104 202 2140 1iari3
216 2113 274 2143 pro
289 2105 383 2135 firmo
399 2104 542 2135 scientes
558 2104 659 2143 quod,
682 2112 755 2133 cum
772 2103 952 2133 Ecclesiam
968 2102 1109 2133 Gallica-

107 2163 185 2186 nam
200 2155 336 2194 speciali
351 2156 489 2186 caritate
505 2156 592 2185 inter
608 2159 733 2186 ceteras
749 2155 838 2185 orbis
854 2154 1011 2185 ecclesias
1031 2155 1107 2184 dili—

108 2215 234 2246 gamus,
253 2207 344 2237 vobis
364 2208 590 2237 omnimodum
609 2207 644 2236 in
666 2207 915 2237 conservatione
929 2207 1055 2246 jurium
1077 2211 1108 2237 et

107 2258 298 2290 libertatum
325 2264 526 2295 vestrarum,
558 2260 655 2289 dante
683 2259 837 2294 Domino,
869 2259 1045 2289 consilium
1078 2263 1109 2288 et

111 2311 270 2341 auxilium
288 2312 526 2350 impendemus.
552 2312 723 2345 Ceterum,
744 2320 818 2341 cum
838 2311 916 2341 olim
932 2311 1040 2342 felicis
1055 2321 1108 2342 re-

107 2362 309 2393 cordationis
325 2364 493 2393 Honorius
509 2372 603 2401 papa,
626 2363 838 2401 predecessor
855 2367 965 2393 noster
981 2367 1054 2397 etc.,
1071 2368 1107 2393 ut

109 2421 220 2452 supra,
231 2423 337 2453 usque
353 2425 359 2444 ε
375 2415 602 2453 promulgarit,
616 2423 675 2444 nos
689 2414 794 2453 ipsius
812 2419 969 2449 tenorem,
982 2420 1018 2445 ut
1033 2424 1108 2445 eum

109 2465 335 2505 sollempniter
350 2467 513 2505 publicari
529 2471 560 2497 et
577 2467 702 2497 servari
720 2467 754 2496 in
774 2467 891 2497 vestris
907 2467 1105 2502 diocesibus,

109 2525 175 2547 uon
200 2517 409 2549 obstantibus
433 2518 653 2556 indulgentiis
681 2518 732 2548 vel
761 2518 945 2556 privilegiis
974 2519 1108 2557 quibus-

109 2577 239 2608 cunque
267 2570 308 2600 ah
337 2570 526 2608 Apostolica
559 2570 641 2601 Sede
676 2571 857 2606 concessis,
890 2571 1107 2609 appellatione

109 2622 300 2660 postposita,
326 2622 473 2657 faciatis,
502 2623 595 2652 vobis
619 2622 772 2652 duximus
796 2623 1105 2659 transmittendum;

109 2673 168 2711 qui
192 2673 267 2703 talis
289 2678 339 2704 est
363 2684 370 2703 ε
392 2687 405 2701 «
433 2674 600 2705 Noveritis
621 2679 682 2705 etc.
706 2686 733 2710 n,
755 2679 790 2704 ut
811 2683 920 2713 supra,
945 2683 1050 2714 usque
1071 2675 1107 2704 in

143 2807 165 2831 ¹.
182 2807 273 2833 Istius
288 2809 414 2839 xxvm,
431 2811 467 2835 19.

141 2849 164 2874 2-
183 2853 233 2875 MS.
250 2861 256 2875 .·
272 2851 352 2881 Quia.

142 2893 165 2918 3.
183 2893 225 2918 Cr.
241 2894 342 2919 Ezscs.
358 2896 431 2927 XIX,
450 2897 485 2921 ll.

142 2935 166 2960 4.
183 2935 284 2961 ἔκηεν.
302 2938 322 2969 1,
341 2939 376 2962 18.

1183 382 1293 412 finem.
1323 384 1442 419 Porro,
1468 392 1542 414 cum
1567 384 1601 413 in
1630 384 1749 414 talibus
1772 384 1836 414 late
1858 384 1951 423 culpe
1976 385 2180 423 negligentia

1183 440 1399 472 comparetur,
1422 437 1449 465 si
1471 437 1527 475 qui
1545 441 1689 466 vestrum
1705 437 1816 466 forsan
1834 437 1867 466 in
1891 436 1956 467 hiis
1972 437 2179 475 negligentes

1183 486 1362 522 extiterint,
1379 495 1553 518 censuram
1576 497 1639 518 non
1659 488 1815 525 effugient
1837 488 2058 519 ecclesiastice
2078 489 2180 519 disci-

1183 537 1281 575 pline.
1300 539 1371 568 Dat.
1390 539 1544 575 Viterbii,
1561 540 1643 569 XIII
1660 539 1816 570 kalendas
1835 541 1955 575 martii,
1969 541 2179 579 pontificatus

1184 589 1288 618 nostri
1304 598 1390 620 anno
1406 599 1503 621 nono.
1523 602 1536 617 r»

1219 705 1321 728 2868.
1344 715 1375 720 —
1396 703 1428 729 In
1451 702 1575 729 eundem
1599 703 1750 729 modum..

1183 750 1363 782 suffraqaneis
1378 751 1434 775 suis
1448 755 1465 776 ¹.

1768 703 1963 737 archiepiscopo
1991 703 2026 729 Tu
2032 703 2141 728 ronensi
2155 705 2179 728 et

1254 907 1369 936 2962
1719 909 1850 941 Viterbe,
1863 909 1896 936 23
1911 909 2017 936 ferrici·
2031 909 2110 936 1236.

1221 967 1419 1004 G[uillelm0],
1437 969 1570 1003 episeopo
1591 970 1735 1003 quondam
1755 970 1934 1003 Mutinensi,
1956 970 2182 1005 paenitentiario

1184 1025 1246 1049 suo,
1262 1016 1448 1050 Apostolicae
1468 1016 1552 1043 Sedis
1569 1017 1677 1051 legato,
1695 1020 1795 1044 notum
1815 1018 1886 1045 facit
1902 1026 1932 1045 se
1945 1021 2082 1050 statuere,
2103 1018 2180 1045 inter

1184 1064 1254 1096 alia,
1271 1068 1301 1091 ut
1319 1064 1457 1097 magister
1472 1067 1500 1090 et
1517 1065 1620 1091 tratres
1637 1064 1767 1091 Militiae
1785 1065 1897 1093 Christi
1917 1066 1946 1092 in
1967 1066 2092 1092 Livonia
2109 1066 2181 1093 resi-

1185 1114 1274 1146 gnent
1290 1112 1321 1138 in
1333 1120 1423 1138 manu
1436 1112 1508 1145 ejus,
1521 1111 1669 1139 Ecclesiae
1681 1113 1829 1139 Romanae
1845 1113 1973 1145 nomine,
1986 1113 2180 1141 munitionem

1185 1160 1273 1186 castri
1290 1159 1445 1192 Revaliae‚
1463 1159 1618 1186 Revaliam
1643 1168 1756 1194 quoque
1777 1164 1805 1187 et
1826 1161 1964 1193 Hariam,
1978 1161 2133 1188 Vironiam
2154 1165 2181 1188 et

1186 1207 1331 1239 Gervam;
1352 1210 1385 1234 ut
1407 1207 1532 1234 reddant.
1552 1215 1664 1241 quoque
1688 1209 1781 1242 spolia
1795 1209 1974 1240 occisorum2
1995 1212 2026 1235 ut
2046 1209 2181 1243 Rigensis

1185 1256 1337 1290 episcopus
1351 1258 1408 1282 tres
1425 1255 1578 1289 parochias
1596 1264 1667 1289 quas
1681 1256 1797 1283 tenebat
1812 1257 1842 1283 in
1859 1256 2013 1284 Maritima
2027 1260 2055 1284 et
2069 1260 2180 1284 sextam

1186 1306 1299 1337 partem
1313 1311 1400 1336 quam
1416 1303 1568 1330 detinebat
1589 1303 1620 1329 in
1639 1303 1744 1336 Osilia,
1764 1312 1797 1331 ac
1818 1305 1896 1331 cives
1912 1305 2052 1338 Rigenses
2068 1308 2180 1332 sextam

1186 1355 1299 1386 partem
1316 1360 1403 1385 quam
1420 1351 1560 1378 tenebant
1575 1351 1685 1378 ibidem
1697 1374 1703 1383 ,
1721 1353 1854 1387 episcopo
1869 1353 2005 1380 Osiliano
2019 1353 2163 1385 resignent
2176 1362 2182 1383 3

1170 1405 1218 1441 ‘ut
1233 1402 1415 1436 parochiales
1435 1401 1576 1428 ecclesiae
1591 1401 1622 1428 in
1638 1402 1774 1429 omnibus
1789 1403 1969 1429 dioecesibus
1983 1403 2100 1430 tertiam
2117 1410 2184 1438 par-

1186 1452 1246 1476 tem
1262 1449 1428 1483 percipiant
1447 1449 1649 1481 decimarum;
1671 1452 1703 1476 ut
1725 1450 1866 1484 neophyti
1889 1453 2043 1477 teneantur
2062 1450 2098 1477 ad
2118 1451 2184 1484 iura

1186 1497 1384 1532 parochialia;
1405 1500 1461 1524 ete.
1479 1511 1511 1515 —
1527 1497 1613 1529 (Rae.
1628 1497 1676 1530 18,
1698 1499 1718 1524 f.
1735 1498 1787 1524 110
1801 1501 1846 1530 v·;
1868 1506 1938 1525 ann.
1957 1498 2014 1530 IX,
2032 1506 2056 1524 c.
2071 1497 2136 1531 38&
2152 1511 2184 1516 —

1186 1545 1343 1573 Porruasr
1355 1545 1457 1577 101023
1472 1559 1503 1563 —
1518 1546 1556 1572 ef.
1570 1552 1665 1578 supra,
1678 1549 1707 1572 η’
1719 1545 1811 1577 2287.)

1228 1658 1241 1672 α
1260 1646 1304 1681 G.,
1324 1646 1457 1683 episcopo
1472 1645 1625 1682 quondam
1642 1646 1822 1680 Mutinensi,
1837 1635 2057 1683 peni'tentiario
2072 1650 2182 1680 nostro,

1185 1698 1441 1736 Apostolicesedis
1452 1697 1822 1734 le9a10.Venerabilil›us
1831 1697 1990 1727 fratribus
2002 1697 2123 1727 nostris
2135 1710 2184 1725 -ι,

1186 1750 1260 1780 Dat.
1276 1750 1431 1784 Viterbii,
1450 1750 1513 1779 VII
1529 1749 1686 1780 kalendas
1703 1750 1825 1784 martii,
1843 1757 1929 1779 anno
1945 1758 2042 1779 nono.
2062 1761 2074 1775 n

1259 1912 1376 1940 2388
1718 1911 1850 1943 Viterbe,
1863 1911 1897 1938 23
1913 1911 2021 1938 sevrier
2035 1910 2114 1938 1236.

1221 1974 1450 2007 Archiepiscopo
1463 1973 1491 2000 N
1494 1980 1614 2000 azareno
1627 1978 1655 1999 et
1666 1972 1800 2006 episcopo
1810 1973 1974 1999 Aeconensi
1986 1972 2106 1999 mandat
2118 1980 2186 2006 qua-

1187 2024 1287 2053 tenus,
1300 2035 1331 2039 ——
1347 2029 1414 2048 eum
1428 2020 1575 2048 discordia
1592 2028 1665 2054 quae
1680 2020 1758 2047 inter
1771 2020 1968 2051 Fridericum,
1986 2020 2184 2047 Romanorum

1187 2069 1405 2103 imperatorem,
1417 2071 1445 2095 et
1457 2068 1636 2100 Conradum,
1648 2068 1710 2101 ejus
1722 2068 1827 2100 filium,
1840 2075 1875 2094 ex
1889 2076 1946 2094 una
1956 2072 2048 2102 parte,
2061 2076 2094 2094 ac
2107 2067 2186 2095 cives

1187 2117 1371 2144 Acconenses
1382 2119 1410 2143 et
1421 2116 1494 2143 alios
1508 2115 1641 2142 homines
1652 2115 1733 2149 regni
1747 2115 2022 2149 Hierosolymitani,
2035 2123 2069 2142 ex
2082 2115 2184 2144 altera.

1187 2164 1366 2197 vertebatur,
1379 2163 1530 2191 amicabili
1543 2166 1627 2195 esset,
1640 2163 1789 2190 mediante
1801 2163 1875 2190 Sede
1885 2163 2186 2197 Apostoliea,compo-

1188 2212 1295 2240 sitione
1310 2213 1414 2247 sopita,
1430 2226 1461 2230 —
1476 2211 1790 2238 excommunicationis
1804 2213 1832 2237 et
1847 2211 1998 2238 interdicti
2014 2210 2185 2241 sententias,

1187 2259 1212 2286 si
1228 2268 1302 2294 quae
1317 2268 1349 2287 ea
1365 2259 1515 2287 occasione
1530 2259 1561 2286 in
1577 2259 1790 2286 ecclesiasticas
1811 2261 1839 2285 et
1855 2258 1928 2285 alias
1946 2259 2026 2292 regni
2044 2258 2185 2293 praedicti

1188 2315 1324 2342 personas
1340 2315 1390 2334 seu
1406 2307 1469 2334 loca
1484 2315 1534 2340 per
1549 2314 1747 2340 quoscumque
1763 2307 1839 2333 latae
1859 2307 1979 2339 tuerint,
1994 2307 2136 2333 relaxent.
2154 2320 2186 2324 —

1188 2355 1274 2388 (Rae.
1290 2355 1334 2387 18,
1349 2356 1370 2381 f.
1382 2355 1434 2382 110
1446 2357 1491 2386 v⁹;
1506 2363 1576 2381 ann.
1593 2354 1650 2387 IX,
1665 2363 1690 2381 c.
1707 2354 1775 2390 389;
1793 2369 1824 2373 -
1840 2355 1997 2382 Porraasr
2011 2354 2096 2381 10103
2108 2355 2137 2386 ’ς
2155 2368 2186 2372 -

1187 2403 1372 2430 ΒουΒΝΒκῐιο
1387 2403 1461 2433 675.)

1229 2514 1242 2528 α
1271 2525 1291 2530 ..
1317 2503 1542 2539 archiepiscopo
1559 2502 1586 2530 N
1607 2500 1742 2539 :oren[o]
1767 2506 1792 2530 el
1817 2523 1835 2529 ..
1859 2502 1992 2538 episcopo
2010 2502 2185 2530 Acconensi.

1187 2554 1285 2589 Cum,
1303 2554 1416 2583 divina
1437 2557 1592 2591 operante
1613 2570 1661 2582 —.
1679 2554 1750 2582 Dat.
1773 2552 1926 2586 Viterbii,
1943 2553 2007 2582 VII
2029 2552 2186 2582 kalendas

1187 2606 1310 2635 martii.
1331 2614 1417 2635 anno
1434 2613 1532 2635 nono.
1550 2617 1562 2631 n

1258 2767 1375 2795 2989
1724 2764 1854 2797 Viterbe,
1870 2765 1902 2791 21
1918 2764 2114 2791 fenita-1236.

1223 2829 1383 2861 Friderico,
1400 2829 1598 2855 Romanorum
1615 2827 1796 2861 imperatori,
1810 2826 1911 2853 scribit
1927 2834 1999 2860 quae
2015 2826 2186 2860 compositio

1222 2941 1243 2965 1.
1258 2941 1308 2966 Cet
1323 2943 1352 2964 in
1367 2943 1488 2965 etnidorn
1505 2941 1620 2964 modum
1637 2947 1651 2963 a
1667 2939 1709 2963 ete
1724 2938 1815 2969 ajoute
1831 2945 1864 2961 en
1877 2944 1976 2968 mai-ge.
