2519 3518
153 314 208 344 549
1016 305 1202 342 DIXIEME
1224 303 1384 342 ANNEE.
2191 314 2248 343 550

124 397 125 400 =
152 388 166 407 ›>
188 381 261 408 tiam
275 381 324 407 vel
337 380 368 407 in
385 379 529 408 frontaria
541 380 728 414 Paganorum
750 380 780 406 in
801 380 938 414 expensis
958 379 1018 406 suis
1039 387 1089 414 per
1106 387 1159 405 an-

152 436 166 455 ))
187 437 258 455 num
275 430 434 456 teneant».
450 442 481 446 —
498 428 584 460 (Rae.
604 427 653 460 18,
677 428 697 454 f.
715 427 766 454 225
781 430 827 459 v⁰;
844 435 914 454 ann.
931 427 975 459 X,
992 435 1017 453 c.
1042 426 1109 459 3-11;
1127 441 1158 444 —

153 477 310 505 Formas-r
324 476 434 508 10298.)

195 589 208 604 a
233 578 340 606 Fratri
354 577 563 615 Raymumlo¹,
588 577 744 614 capellano
761 582 786 605 ct
802 577 1024 613 penitentiario
1044 581 1157 605 nostro.

154 631 201 660 Ex
212 629 324 660 dilecti
342 629 403 659 filii
418 629 540 669 nobilis
554 629 618 658 viri
630 630 670 659 R.
685 628 852 663 Fulconis,
869 628 1071 658 vicecomitis
1084 629 1159 659 Car-

154 683 250 718 donc,
267 683 427 721 petitione
444 681 637 720 collegimus
659 681 754 720 quod,
776 691 850 711 cum
867 682 937 720 ipse
957 691 1031 711 cum
1055 681 1159 711 nobili

154 735 294 765 muliere
309 736 357 770 Τ..
375 744 476 765 uxore
499 744 569 769 sua,
588 735 623 763 in
639 734 785 764 Ecclesie
805 734 888 764 facie
910 734 1159 764 matrimonium

157 787 385 826 sollempniter
410 787 643 821 contraxisset,
673 787 841 825 parentele
865 787 1013 823 nescius,
1043 791 1074 816 et
1103 796 1160 825 per

156 840 277 870 multos
293 849 397 870 annos
413 840 608 870 cohabitans
625 839 749 878 prolem
768 840 951 877 susceperit
971 849 1008 869 ex
1025 839 1156 875 eadem,

157 897 270 931 postea
289 902 345 931 per
364 893 523 931 quosdam
539 901 616 922 suos
634 892 899 929 consanguineos
914 892 996 930 ipsis
1014 892 1161 921 innotuit

158 945 245 984 quod
259 945 294 974 in
311 950 429 984 quarta
447 944 749 982 consanguinitatis
765 944 854 973 linea
873 944 937 973 sibi
961 944 1000 973 ad
1016 944 1160 973 invicem

160 998 352 1028 attinerent.
366 999 501 1033 Verum,
521 1006 595 1027 cum
609 997 673 1035 ipsi
687 1001 819 1035 propter
831 997 904 1031 hoc,
920 1006 956 1026 ac
972 1006 1008 1026 cx
1024 1006 1060 1027 eo
1075 996 1162 1035 quod

158 1051 365 1089 postmodum
399 1050 471 1080 sine
503 1050 750 1088 dispensatione
785 1050 879 1079 Sedis
910 1050 1097 1088 Apostolice
1126 1050 1161 1079 in

158 1102 350 1142 hujusmodi
363 1103 575 1133 matrimonio
590 1103 769 1141 persistere
781 1107 1065 1141 presumpserunt,
1084 1111 1162 1132 con-

160 1155 335 1186 scientiam
350 1155 494 1185 habeant
511 1155 762 1190 remordentem,
782 1155 877 1185 nobis
893 1155 1066 1185 humiliter
1084 1164 1162 1193 sup-

159 1208 325 1247 plicarunt
343 1213 379 1238 ut
397 1217 471 1238 cum
489 1208 571 1246 ipsis
588 1217 687 1246 super
702 1208 763 1237 hoc
783 1217 841 1246 per
862 1213 892 1238 te
911 1208 1099 1247 dispensari
1123 1209 1162 1238 de

159 1261 365 1299 benignitate
388 1261 486 1291 solita
508 1261 754 1296 mandaremus,
781 1261 956 1299 presertim
979 1270 1064 1297 cum,
1088 1270 1164 1300 pre-

160 1314 257 1344 dictis
274 1314 532 1351 consanguineis
556 1313 697 1343 sublatis
714 1313 751 1343 de
769 1314 888 1349 medio,
910 1314 1022 1344 nullus
1046 1314 1089 1344 sit
1106 1315 1164 1353 qui

159 1366 350 1405 hujusmodi
368 1365 618 1395 matrimonium
640 1366 776 1403 impetat
792 1366 843 1396 vel
864 1367 952 1396 inter
971 1375 1026 1396 eos
1046 1366 1164 1397 haberi

160 1418 461 1456 consanguinitatis
485 1417 609 1448 lineam
633 1423 856 1455 recognoscat.
886 1419 954 1448 Nos
983 1419 1096 1457 igitur,
1126 1420 1164 1450 de

160 1471 454 1509 circumspectione
473 1474 530 1500 tua
545 1470 675 1508 plenam
692 1471 727 1500 in
745 1471 885 1501 Domino
902 1471 1057 1501 fiduciam
1079 1472 1165 1502 obti-

161 1527 288 1558 nentes,
309 1523 504 1552 mandamus
521 1527 696 1561 quatenus,
721 1523 749 1553 si
772 1523 935 1562 premissa
950 1524 1090 1554 veritate
1112 1525 1166 1554 ni-

159 1580 275 1606 tuntur
300 1593 347 1611 —,
376 1585 450 1605 cum
474 1575 632 1613 predictis
659 1577 699 1606 R.
729 1579 760 1605 et
786 1577 820 1605 T.
851 1594 899 1611 —,
928 1576 1165 1615 impedimento

159 1628 350 1667 huiusmodi
375 1637 441 1657 non
464 1628 616 1658 obstante
631 1645 680 1664 —‚
700 1628 800 1658 verbo
822 1628 1002 1665 dumtaxat,
1021 1630 1166 1660 auctori-

160 1685 226 1710 tate
248 1685 360 1711 nostra
378 1680 551 1718 dispenses
572 1698 621 1709 —.
639 1681 712 1710 Dat.
733 1681 935 1716 Interamne,
958 1683 1008 1712 ΙΙΙ
1024 1682 1099 1712 idus
1117 1683 1165 1713 fe-

159 1733 297 1768 bruarii,
316 1742 402 1763 anno
419 1733 558 1763 decimo.
583 1744 596 1760 ιι

230 1923 318 1951 348
325 1923 344 1950 Ι

195 1985 300 2012 Eidem
324 1985 448 2012 mandat
468 1987 613 2019 quatenus
639 1984 765 2012 Roberto
791 1986 826 2012 de
850 1986 952 2014 Castro
976 1988 1168 2021 Rossillonis,

160 2033 299 2061 Elnensis
322 2033 480 2066 dioecesis,
503 2033 568 2067 qui,
592 2033 628 2060 de
648 2034 806 2068 pravitatis
828 2035 993 2062 haereticae
1014 2036 1079 2063 labe
1100 2045 1169 2063 con-

160 2083 259 2110 victus
275 2084 303 2109 et
316 2090 367 2117 per
380 2082 546 2109 Ecclesiam
564 2082 788 2116 condemnatus,
801 2085 872 2110 tunc
885 2084 922 2110 ad
936 2085 1168 2112 ecclesiasticam

160 2130 256 2158 redire
267 2130 453 2157 desiderabat
465 2130 624 2163 unitatem,
637 2131 773 2158 cautione
785 2132 943 2159 sufficienti
957 2132 994 2160 ab
1010 2142 1042 2161 eo
1052 2137 1171 2168 recepta

161 2181 190 2206 et
203 2179 257 2206 sub
268 2179 445 2213 quibusdam
457 2179 526 2206 aliis
538 2179 774 2213 condicionibus,
786 2179 962 2207 beneficium
975 2181 1170 2209 absolutionis

161 2228 330 2262 impendat,
359 2227 386 2254 ei
414 2228 551 2261 injuncta
577 2228 701 2255 salutari
730 2229 924 2263 paenitentia.
952 2245 984 2248 —
1010 2231 1096 2263 (Rae.
1125 2231 1169 2264 18,

161 2278 182 2304 f.
199 2277 251 2304 225
266 2279 295 2303 v⁰
307 2285 314 2310 ;
328 2285 399 2304 ann.
414 2277 454 2310 X,
471 2285 496 2304 c.
514 2277 580 2309 342&
598 2292 630 2295 —
647 2278 805 2305 Porrrms‘r
820 2278 930 2309 10292.)

751 1924 852 1956 Termi,
866 1924 882 1951 8
895 1925 1004 1952 sevrier
1017 1925 1096 1952 1237.

204 2390 217 2405 ι(
240 2379 357 2408 Eidem.
375 2379 474 2409 Lecta
492 2387 603 2408 coram
620 2378 715 2408 nobis
731 2396 769 2400 —-
784 2378 846 2408 filii
863 2380 968 2409 nostri
989 2403 1008 2409 ..
1028 2380 1171 2411 illustris

162 2429 251 2469 'regis
275 2432 468 2469 Aragonum
496 2431 612 2469 petitio
638 2431 829 2461 continebat
856 2433 943 2471 quod
972 2433 1094 2464 nobilis
1122 2435 1172 2464 vir

162 2484 327 2528 Robertus
343 2484 382 2514 de
399 2484 515 2514 Castro
531 2484 744 2519 Rossillonis,
765 2484 940 2515 Elenensis
961 2485 1114 2522 diocesis,
1132 2487 1171 2517 de

161 2537 336 2576 pravitatis
362 2536 510 2567 heretice
534 2536 608 2566 labe
638 2537 809 2567 convictus
840 2542 871 2568 et
899 2547 957 2576 per
989 2539 1171 2569 Ecclesiam

164 2590 436 2628 condempnatus,
462 2589 606 2619 debitam
624 2589 689 2619 sibi
706 2598 825 2627 penam
844 2591 986 2620 carceris
1010 2591 1172 2622 violenter

164 2643 339 2681 effugiens,
368 2651 402 2673 se
433 2642 469 2672 in
499 2646 607 2672 castro
637 2643 819 2672 fortissimo
848 2645 1048 2682 receptavit;
1082 2654 1172 2675 nunc

163 2704 253 2732 vero,
267 2696 382 2726 divina
397 2695 504 2734 gratia
521 2695 676 2731 faciente,
694 2704 759 2725 non
776 2704 958 2727 concussus
973 2698 1172 2728 necessitate

164 2747 367 2784 formidinis,
386 2748 443 2778 sed
466 2748 604 2778 allectus
628 2748 733 2786 gloria
756 2752 914 2787 perpetue
933 2749 1110 2786 libertatis,
1132 2751 1174 2780 ad

165 2800 427 2831 ecclesiasticam
442 2801 552 2831 redire
568 2801 734 2831 desiderat
751 2801 924 2837 unitatem,
945 2806 1081 2839 paratus
1097 2811 1173 2832 cum

198 2925 219 2950 1.
236 2927 325 2950 Raim.
343 2926 411 2953 dans
431 2927 457 2950 la
472 2927 622 2957 rubrique:
644 2928 812 2956 Raymundo
834 2927 901 2950 dans
921 2927 947 2950 la
965 2928 1120 2951 manehette
1136 2935 1172 2952 ou

166 2969 322 2994 rubi-icelle.

1243 377 1363 407 militia
1384 387 1482 416 quam
1503 379 1595 416 juxta
1617 379 1765 417 proprias
1788 379 1962 409 facultates
1984 380 2105 410 babere
2127 379 2248 417 poterit

1243 447 1291 464 —,
1315 435 1429 460 contra
1448 431 1603 461 inimicos
1625 431 1700 461 fidei
1722 431 1876 461 militare.
1903 440 1961 461 nec
1988 441 2051 462 non
2078 432 2139 462 sub
2163 440 2247 469 pena

1243 483 1488 513 confiscationis
1510 484 1657 513 omnium
1679 484 1839 513 bonorum
1863 494 1926 522 que
1950 485 2106 522 possidet,
2128 485 2246 514 offerre

1243 544 1421 573 congruam
1438 536 1623 566 cautionem
1646 536 1742 574 quod.
1765 541 1931 566 annuente
1953 537 2104 569 Domino,
2129 537 2163 565 in
2184 536 2247 566 fide

1243 587 1405 617 catholiea
1430 596 1559 626 semper
1580 593 1735 618 constans
1759 588 1935 618 habebitur
1960 593 1989 619 et
2016 598 2186 628 nunquam
2212 589 2246 618 in

1242 640 1387 678 predicte
1404 641 1576 678 pravitatis
1593 641 1780 678 contagium
1796 641 1973 670 relabetur.
1994 642 2061 671 Nos
2078 642 2180 679 igitur
2196 659 2244 675 —,

1243 692 1390 731 ejusdem
1406 693 1492 730 regis
1509 693 1661 731 precibus
1678 693 1842 723 inclinati.
1861 693 2028 723 devotioni
2043 699 2096 723 tue
2116 694 2247 723 manda-

1243 754 1316 775 mus
1334 750 1508 784 quatenus‚
1529 746 1556 775 si
1573 746 1633 775 tibi
1652 755 1709 783 per
1737 746 1847 775 debita
1871 746 1965 783 signa
1990 751 2019 776 et
2041 747 2248 785 conjecturas

1243 797 1430 835 probabiles
1449 798 1487 827 de
1509 798 1588 827 dicti
1609 799 1648 827 R.
1670 799 1885 828 conversione
1906 799 2092 828 constiterit
2113 799 2248 828 eviden-

1245 854 1303 884 ter,
1317 850 1408 887 prius
1425 850 1465 879 ab
1482 850 1552 887 ipso
1570 850 1679 879 heresi
1696 850 1826 888 publice
1843 850 2004 888 abjurata,
2023 855 2053 880 et
2070 850 2248 880 sufficienti

1245 902 1396 931 cautione
1410 906 1549 939 recepta,
1564 902 1649 940 quod
1665 910 1793 940 semper
1805 903 2011 938 contagionis
2029 902 2172 932 heretice
2185 911 2249 932 ma-

1245 954 1335 984 culas
1359 954 1506 990 evitabit,
1527 959 1568 989 et,
1588 955 1615 984 si
1638 964 1796 993 unquam,
1815 956 1899 993 quod
1923 960 2047 985 avertat
2068 955 2247 985 Dominus!

1246 1007 1398 1037 convinci
1417 1007 1533 1044 poterit
1549 1007 1587 1037 de
1604 1007 1747 1045 relapsu,
1767 1007 1853 1046 quod
1867 1012 1954 1036 terra
1970 1012 1999 1037 et
2017 1008 2127 1037 omnia
2144 1007 2250 1045 ipsius

1245 1060 1330 1089 bona
1349 1059 1383 1088 in
1401 1060 1633 1097 proprietatem
1651 1064 1681 1089 et
1697 1060 1880 1089 dominium
1902 1060 1990 1097 regis
2013 1060 2160 1098 ejusdem
2177 1068 2251 1097 per-

1246 1116 1343 1150 petuo
1360 1112 1614 1147 transferantur,
1634 1117 1664 1141 et
1679 1112 1765 1150 quod
1782 1112 1816 1140 in
1833 1112 2003 1141 obsidione
2022 1112 2174 1142 Valentie
2192 1121 2251 1141 nec

1247 1174 1312 1194 non
1330 1165 1365 1193 in
1384 1164 1544 1194 frontaria
1561 1166 1869 1201 Paganort1n1,cum
1887 1164 2051 1194 militibus
2064 1173 2145 1203 quos
2160 1165 2251 1203 juxta

1245 1217 1422 1247 facultates
1442 1226 1519 1246 suas
1542 1216 1665 1246 habere
1685 1217 1822 1254 poterit,
1849 1216 2027 1254 diligenter
2054 1222 2084 1246 et
2110 1216 2253 1246 fideliter

1247 1269 1418 1300 Conditor-i
1434 1268 1584 1298 omnium
1602 1277 1659 1306 per
1676 1269 1858 1298 triennium
1874 1269 2041 1304 militabit,
2060 1269 2125 1298 sibi
2142 1273 2254 1298 aucto-

1246 1322 1345 1351 ritate
1361 1325 1474 1351 nostra
1488 1322 1581 1359 juxta
1594 1321 1733 1350 formam
1747 1321 1892 1350 Ecclesie
1906 1320 2104 1350 beneficium
2122 1320 2254 1350 absolu-

1248 1374 1349 1404 tionis
1366 1373 1572 1412 impendens,
1591 1373 1747 1412 injungas
1769 1373 1875 1402 eidem
1895 1373 2110 1411 penitentiam
2129 1369 2254 1401 saluta‘-

1248 1431 1353 1457 tarem
1361 1444 1409 1455 —.
1420 1427 1494 1456 Dat.
1504 1427 1704 1460 Inter-amne,
1714 1427 1758 1455 VI
1773 1426 1847 1455 idus
1857 1426 2029 1461 februarii,
2042 1425 2253 1463 pontificatus

1249 1480 1355 1510 nostri
1375 1488 1461 1509 anno
1478 1479 1616 1509 decimo.
1636 1491 1649 1505 >2

1321 1658 1438 1686 3482
1837 1657 1937 1689 Terni,
1954 1656 1969 1683 8
1986 1656 2186 1683 fevum-1237.

1287 1722 1360 1756 Regi
1373 1722 1543 1755 Aragonum
1564 1720 1705 1747 similiter
1721 1719 1866 1752 scribens,
1882 1727 1947 1746 eum
1965 1718 2000 1745 de
2014 1717 2258 1752 praecedentibus

1251 1771 1376 1803 litteris,
1393 1770 1429 1797 ad
1450 1770 1571 1797 fratrem
1593 1769 1823 1803 Raymundum,
1841 1768 1933 1802 ipsius
1954 1775 2046 1802 papae
2069 1767 2257 1801 capellanum

1252 1823 1280 1847 et
1293 1819 1569 1854 paenitentiarium,
1584 1827 1671 1852 super
1683 1818 1867 1845 absolutione
1882 1816 2001 1843 Roberti
2018 1816 2053 1842 de
2069 1816 2172 1843 Castro
2184 1816 2258 1841 Ros—

1253 1869 1383 1900 sillonis,
1412 1867 1544 1899 directis,
1570 1867 1724 1893 certiorem
1753 1866 1835 1892 facit.
1862 1879 1894 1883 ——
1919 1865 2006 1895 (Hx-20.
2033 1864 2076 1895 18,
2102 1864 2121 1889 f.
2146 1862 2198 1889 226
2218 1865 2256 1895 r⁰;

1253 1925 1323 1944 ann.
1337 1917 1377 1949 X,
1395 1924 1419 1943 c.
1437 1916 1511 1947 343.)

1296 2031 1308 2044 α
1337 2041 1356 2046 ..
1377 2017 1495 2046 illustri
1513 2017 1579 2054 reyi
1594 2016 1810 2052 .›tra90n[un1].
1834 2015 1931 2044 Lecta
1953 2022 2062 2043 coram
2092 2012 2186 2041 nobis
2208 2028 2257 2039 —-.

1255 2073 1328 2101 Dat.
1346 2075 1382 2100 ut
1399 2079 1509 2108 supra.
1531 2082 1544 2096 2>

1326 2249 1443 2277 3483

1291 2311 1469 2346 Episcopum
1496 2309 1769 2340 Barchinonensem
1793 2311 1821 2334 et
1840 2308 1908 2340 W.,
1930 2309 2146 2341 procuratorem
2168 2305 2262 2331 eccle-

1255 2360 1315 2387 siae
1331 2358 1570 2391 Terraconensis,
1586 2358 1668 2391 rogat
1686 2359 1714 2383 et
1734 2356 1865 2383 obsecrat
1886 2358 2030 2389 quatenus
2047 2352 2262 2388 peregrinatio-

1255 2409 1301 2436 nis
1317 2411 1387 2436 vota
1402 2407 1672 2441 crucesignatorum
1689 2405 1719 2431 in
1733 2403 1943 2431 Terraconensi
1957 2401 2120 2436 provincia,
2135 2404 2262 2435 praeter-

1255 2466 1343 2492 quam
1371 2457 1402 2484 in
1437 2454 1664 2490 Pampilonensi
1693 2456 1721 2480 et
1749 2451 1974 2486 Calagurritana
2002 2449 2197 2481 dioecesibus,
2230 2448 2261 2474 in

1255 2514 1426 2534 succursum
1439 2505 1515 2539 regis
1528 2505 1710 2537 Aragonum,
1724 2505 1826 2528 contra
1839 2500 1993 2527 civitatem
2007 2498 2177 2525 Valentiam
2196 2505 2262 2531 pro-

1255 2555 1380 2587 cessuri,
1398 2555 1593 2585 commutent,
1610 2551 1736 2578 diversis
1752 2548 1948 2583 indulgentiis
1961 2547 2034 2573 illuc
2052 2544 2261 2580 proficiscenti—

1255 2603 1308 2630 bus
1322 2602 1477 2630 concessis.
1488 2616 1520 2619 —
1532 2602 1618 2633 (Hac.
1632 2599 1676 2632 18,
1687 2600 1707 2625 f.
1719 2598 1771 2625 226
1783 2601 1820 2629 1²⁰3
1833 2605 1902 2623 ann.
1916 2596 1955 2627 X,
1967 2604 1991 2621 e.
2007 2595 2072 2626 344;
2086 2608 2117 2612 -—
2128 2593 2260 2620 MOREAU

1254 2653 1333 2685 1191,
1351 2653 1371 2679 f.
1386 2651 1454 2683 1943
1468 2650 1546 2682 ibim,
1561 2650 1581 2676 f.
1596 2648 1664 2680 1963
1680 2662 1711 2666 —-
1726 2648 1882 2674 Porruasr
1897 2644 1983 2671 10297
1996 2644 2027 2674 ¹.)

1834 2245 1938 2277 Terni,
1955 2245 1971 2271 5
1988 2244 2096 2271 fe'vrier
2111 2243 2190 2270 1237.

1298 2765 1311 2779 (ι
1338 2775 1358 2781 ..
1379 2753 1513 2789 episcopo
1531 2748 1773 2779 Barclzinonensi
1799 2752 1823 2774 cl
1851 2747 1901 2780 111,
1925 2743 2122 2782 procuratori
2145 2741 2263 2770 ecclesie

1291 2884 1310 2907 l.
1335 2883 1409 2906 Avec
1430 2882 1549 2909 Vtut-ipit
1573 2888 1579 2902 .·
1601 2887 1613 2901 (ι
1632 2879 1671 2901 Ex
1693 2878 1791 2900 litteris
1811 2874 1963 2898 charissimi
1986 2882 2006 2898 n,
2027 2878 2051 2896 et
2073 2873 2086 2894 a
2107 2873 2131 2895 la
2147 2872 2208 2894 date
2224 2872 2259 2893 du

1257 2928 1271 2952 9
1286 2927 1396 2954 fevi-ier,
1410 2925 1516 2956 d'aprcs
1529 2924 1684 2951 Rus-itm,
1696 2922 1821 2944 Annales
1835 2920 1965 2942 ecclesias
1981 2919 2026 2942 ici.
2044 2921 2061 2940 ῑ.
2079 2916 2152 2944 Xltl,
2168 2924 2191 2945 p.
2208 2916 2261 2941 496,

1257 2978 1320 2995 ann,
1339 2971 1406 2999 1237,
1422 2970 1432 2999 Ξ
1446 2970 1484 2995 24.
1501 2969 1547 2998 qui
1563 2975 1578 2990 a
1591 2965 1715 2996 imprime
1732 2967 1768 2988 IX
1784 2965 1851 2992 febr.
1866 2970 1898 2985 au
1914 2962 1968 2985 lieu
1987 2961 2020 2984 de
2039 2962 2123 2983 nonis
2135 2961 2204 2987 febr.
2246 2974 2250 2977 -
