2519 3518
74 314 131 344 805
933 310 1124 347 oxznnffl
1147 318 1304 347 ANNEE.
2107 323 2164 351 aar,

76 381 163 418 [ctc.‚
187 386 222 411 ut
245 383 278 412 in
303 384 416 414 eadem
440 384 588 422 epistola,
616 384 730 422 paucis
751 384 897 417 mutatis,
926 392 1030 422 usque
1059 382 1078 421 :]

76 435 281 470 auctoritate,
296 436 422 471 contisi,
438 437 496 466 tihi
512 437 597 475 quod
614 436 682 466 illis
699 437 755 475 qui
770 437 808 466 ad
823 436 1078 475 predicationem

76 490 166 516 tuam
195 489 406 525 accesserint,
431 489 549 528 viginti
575 489 702 520 dierum
724 489 774 520 vel
799 489 959 528 plurium,
986 494 1076 527 prout

77 540 229 578 expedire
248 541 387 577 videris,
408 543 454 572 ita
477 542 562 581 quod
584 543 882 581 quadragenarium
906 551 1077 572 numerum

78 601 142 622 non
155 594 303 629 excedas,
319 594 560 632 indulgentiam
574 595 768 625 auctoritate
778 599 890 625 nostra
902 594 1078 625 concederc·

77 645 198 681 valeas,
219 650 250 676 et
273 656 343 677 eam
361 647 443 686 ipsis
462 648 518 686 qui
539 648 572 677 in
590 647 721 686 imperii
744 648 862 686 prefati
886 656 1077 677 succursum

78 698 210 736 signum
234 700 342 729 crucis
366 700 607 738 assumpserint
634 699 684 730 vel
709 700 982 730 commutaverint
1006 705 1078 730 vota

77 759 147 787 sua,
167 752 378 782 concedimus
394 752 523 782 veniam
540 756 745 790 peccatorum
763 751 848 791 [etc.‚
864 756 899 781 ut
916 753 949 781 in
966 752 1077 782 eadem

78 802 225 841 epistola,
253 813 358 843 usque
384 804 403 843 ε]
435 804 668 839 subvenirent3
702 813 762 834 nec
795 813 858 834 non
890 804 1077 843 hujusmodi

77 856 316 894 crucesignatis
346 861 377 887 ct
405 857 551 895 ipsorum
579 856 717 886 familiis
742 856 952 895 indulgemus
979 862 1015 886 ut
1044 857 1076 886 in

77 907 157 938 locis
186 909 332 945 generali
360 910 540 948 suppositis
566 910 758 943 interdicto,
788 910 826 939 ad
855 910 1077 940 ecclesiastica

77 966 294 996 sacramenta,
306 962 382 992 dum
393 967 500 992 tamen
512 972 644 993 causam
655 963 830 992 interdicto
843 971 906 992 non
916 962 1076 993 dederint.

77 1012 308 1049 admittantur;
331 1015 535 1052 presentium
556 1014 614 1044 tibi
638 1015 832 1044 auctoritate
858 1014 1076 1053 man[dantes]

76 1070 240 1104 quatenus
257 1076 312 1096 eos
336 1076 434 1105 super
457 1067 551 1097 bonis
570 1068 655 1104 [etc.,
679 1067 764 1096 utin
787 1067 899 1097 cadem
927 1066 1075 1105 epistola.

77 1126 181 1156 usque
197 1118 217 1157 z]
232 1120 477 1157 compescendo.
493 1120 658 1154 Ceterum,
675 1119 773 1158 siqui
788 1128 824 1149 ex
839 1120 1077 1157 crucesignatis

77 1170 266 1208 hujusmodi
292 1180 410 1201 manus
435 1171 596 1201 violentas
619 1172 653 1201 in
676 1171 813 1201 clericos
839 1181 896 1201 seu
920 1181 1077 1210 personas

78 1222 249 1260 religiosas
267 1223 452 1262 injecerint,
466 1223 514 1254 vel
529 1224 719 1254 incendium
736 1225 966 1262 perpetrarint,
983 1225 1075 1262 ipsis.

77 1274 153 1304 dum
182 1279 290 1305 tamen
321 1276 462 1314 dampna
492 1280 522 1306 et
549 1276 705 1314 injuriam
737 1277 844 1314 passis
872 1277 1079 1306 satisfaciant

76 1332 308 1365 competenter,
329 1332 359 1358 et
377 1337 490 1358 eorum
507 1328 587 1358 adeo
607 1337 671 1358 non
690 1329 791 1359 fuerit
808 1329 917 1367 gravis
934 1334 965 1359 et
983 1338 1078 1359 enor-

79 1379 141 1409 mis
155 1388 320 1415 excessus,
339 1380 424 1419 quod
436 1385 567 1419 propter
583 1380 643 1410 hoc
659 1381 776 1411 merito
793 1381 833 1410 ad
846 1382 963 1411 Sedem
980 1383 1078 1420 Apos-

77 1431 208 1461 tolieam
225 1432 291 1462 sint
311 1432 476 1467 mittendi,
494 1433 643 1472 injuncto
659 1433 707 1462 eis
730 1433 817 1472 quod
836 1433 874 1463 de
887 1434 962 1473 jure
979 1435 1078 1465 fuerit

76 1483 430 1523 injungenduni‚juxta
440 1485 579 1514 sormam
594 1485 751 1521 Ecclesie,
764 1486 834 1515 vice
846 1491 968 1521 nostra,
985 1487 1079 1516 hene-

75 1536 187 1566 ficium
205 1536 424 1566 absolutionis
439 1537 622 1576 impendas,
638 1542 669 1568 et
685 1537 815 1568 clericis
831 1539 888 1577 qui
905 1539 938 1568 in
956 1539 1078 1569 dictum

75 1588 261 1618 subsidium
292 1589 425 1627 signum
457 1590 565 1620 crucis
596 1595 784 1626 assumunt,
814 1591 1018 1629 percipiendi
1049 1598 1080 1622 et

75 1641 243 1678 obligandi
260 1646 438 1680 proventus
455 1651 532 1672 suos
549 1642 807 1679 ecclesiasticos,
828 1652 864 1674 ac
881 1645 909 1674 si
929 1645 965 1674 in
980 1646 1078 1675 Terre

75 1694 194 1724 Sancte
209 1694 395 1724 subsidium
409 1704 443 1725 se
461 1696 690 1732 transferrent,
709 1697 903 1728 auctoritate
919 1698 1078 1728 concedas

74 1744 253 1783 apostolica
268 1745 470 1776 facultatem.
487 1747 560 1776 Dat.
578 1751 613 1776 ut
630 1756 737 1786 supra.
761 1759 774 1774 »

145 1968 263 1997 9938

110 2032 269 2063 Balduino,
294 2033 394 2059 heredi
414 2033 532 2067 imperii
555 2034 727 2062 Romaniae.
750 2035 850 2061 comiti
871 2035 1078 2062 Namureensi.

74 2081 180 2108 scribit
197 2090 203 2107 :
222 2089 235 2107 t(
250 2081 324 2109 Cum
349 2081 377 2107 in
395 2082 529 2116 proximo
551 2083 648 2108 futuro
672 2083 777 2109 martio
798 2083 891 2109 redire
908 2085 1079 2111 Constanti-

76 2137 90 2155 »
115 2130 246 2163 nopolim
264 2130 430 2163 juramento
446 2130 568 2164 prestito
589 2131 726 2161 tenearis,
743 2135 771 2158 et
788 2140 864 2159 mora
884 2136 931 2159 tua
949 2133 978 2159 in
993 2141 1079 2165 regnu

616 1972 735 2003 Latran,
753 1973 782 1999 31
798 1973 914 1999 octobre
931 1974 1007 2000 1237.

76 2185 90 2204 »
111 2178 238 2204 Francie
255 2178 291 2204 ad
308 2186 426 2212 presens
441 2179 479 2205 sit,
503 2179 596 2211 magis
610 2180 939 2214 Constantinopolitano
956 2182 1080 2215 imperio

77 2233 90 2251 »
113 2227 276 2259 fructuosa,
294 2235 380 2260 quam
396 2227 419 2253 si
438 2227 510 2254 illuc
532 2227 562 2253 in
584 2228 689 2254 martio
710 2229 840 2262 predicto
857 2230 1007 2262 transires,
1023 2239 1078 2256 non

76 2282 89 2300 ))
109 2275 245 2302 obstante
270 2275 439 2309 juramento
466 2276 576 2310 prefato
591 2297 596 2309 ,
623 2277 781 2303 terminum
808 2277 903 2311 ipsum
931 2287 1020 2312 usque
1043 2280 1078 2306 ad

76 2329 90 2348 »
111 2326 268 2357 augustum
287 2323 421 2357 proximo
437 2326 594 2350 venturum
612 2325 752 2352 duximus
766 2327 991 2359 prorogandum.
1010 2335 1023 2352 »
1047 2342 1078 2345 —

79 2371 166 2403 (Res.
184 2371 228 2403 18,
246 2372 265 2398 f.
285 2372 335 2398 335
352 2374 394 2404 v⁰;
412 2380 480 2398 ann.
498 2372 552 2400 XI.
569 2382 593 2399 c⁴
611 2372 685 2403 290.)

115 2489 128 2504 «
144 2478 245 2507 Nobili
260 2479 325 2507 viro
340 2479 528 2516 B[alduz·no]‚
546 2480 648 2508 heredi
666 2481 789 2517 imperii
805 2482 959 2516 Itomcmie,
977 2485 1079 2512 comiti

73 2530 289 2559 Namurcenst'.
307 2531 390 2561 Cum
406 2531 441 2560 in
461 2532 609 2569 proximo
624 2549 671 2560 —.
691 2533 765 2562 Dat.
786 2533 950 2563 Laterani.
973 2536 1003 2564 II
1022 2535 1080 2564 ka-

74 2581 189 2612 lendas
206 2583 407 2618 novembris,
428 2592 514 2613 anno
530 2584 714 2614 undecimo.
737 2597 749 2611 »

145 2806 262 2834 3939
591 2806 722 2842 [Latram
740 2809 770 2835 31
788 2809 903 2836 octobre
917 2808 1008 2844 1237.]

111 2867 278 2896 Baronibus
294 2867 413 2902 imperii
431 2869 603 2901 Romaniae,
621 2869 656 2896 de
669 2870 768 2896 eadem
788 2879 816 2897 re
832 2871 973 2903 scribens,
990 2872 1079 2906 signi-

76 2916 144 2943 fleat
159 2924 188 2943 se
204 2916 365 2943 terminum
383 2917 511 2951 proximi
529 2917 639 2949 martii,
657 2926 712 2951 quo
728 2919 904 2948 Balduinus.
924 2921 1005 2947 heres
1022 2921 1078 2947 im-

76 2964 151 2998 perii
168 2964 340 2998 Romaniae,
356 2965 450 2992 redire
469 2965 758 3000 Constantinopolim
776 2968 942 3001 juramento
959 2969 1078 2996 teneba-

1163 388 1220 410 tur.
1230 384 1265 410 ad
1279 385 1445 418 proximum
1461 390 1617 416 augustuni
1635 395 1808 420 prorum-⁴⁸¹2
1827 401 1852 405 —-
1866 388 1951 416 (liro.
1967 389 2007 416 1⁸.
2025 390 2042 414 s.
2055 389 2104 415 335
2120 392 2162 417 v‘:

1162 433 1430 463 :11111.X1.c.291.)

1204 545 1215 558 <t
1234 533 1386 561 Nobilibus
1401 535 1479 561 ciris
1491 534 1654 562 baronibus
1667 536 1789 571 imperii
1801 536 1953 564 ltomnnic.
1967 536 2047 565 Cum
2062 536 2164 567 dilec-

1164 589 1214 614 tus
1228 584 1317 614 filius
1331 585 1452 615 nobilis
1466 586 1515 614 vir
1529 586 1721 615 Baldninus.
1736 586 1831 616 heres
1845 587 1973 625 imperii
1990 589 2160 623 Romanic,

1162 645 1270 667 comes
1289 638 1537 672 Natum-censis,
1556 638 1588 667 in
1608 639 1752 676 proximo
1770 640 1879 669 futuro
1897 640 2014 669 martio
2031 646 2107 675 etc¹²
2128 647 2159 669 ut

1162 698 1271 728 supra,
1290 699 1394 728 usque
1412 690 1444 719 in
1462 691 1572 720 finem.
1594 703 1606 716 »

1195 811 1294 835 394⁰.
1313 823 1343 826 —
1361 809 1392 835 In
1409 810 1533 835 eundem
1557 810 1673 836 moduni
1700 831 1716 836 ..
1739 811 1896 844 patriarche
1913 812 2162 844 sonitantinopoh'-

1161 858 1234 889 lano,
1251 857 1398 888 Apostolice
1412 857 1486 883 Sedis
1502 858 1595 890 lcyato.

1230 1035 1317 1063 394
1324 1036 1342 1063 Ι

1196 1097 1372 1131 Episcopum
1391 1098 1587 1124 parisiensem
1610 1099 1744 1132 epist-opo
1760 1100 1986 1127 Cenomanensi.
2006 1101 2054 1134 qui
2080 1110 2092 1122 ¹⁴
2111 1110 2162 1135 pro

1697 1038 1817 1065 Latran.
1834 1039 1863 1065 31
1880 1039 1995 1065 octobre
2013 1040 2089 1066 1237.

1161 1154 1174 1170 n
1195 1146 1309 1178 negotio
1332 1145 1449 1179 imperii
1475 1146 1618 1172 Rotnanie
1636 1156 1648 1171 υ
1670 1147 1823 1174 tenebatur
1847 1156 1860 1171 (ι
1886 1148 1914 1173 in
1940 1157 2037 1174 mense
2062 1150 2159 1175 martii

1161 1202 1173 1218 n
1195 1193 1328 1227 proximo
1346 1195 1442 1220 futuro
1459 1194 1488 1219 in
1505 1202 1673 1220 succursum
1692 1195 1807 1228 imperii
1824 1196 1928 1229 prelati
1947 1197 2071 1222 transire
2089 1205 2112 1227 η,
2132 1197 2160 1223 in

1159 1241 1253 1267 officio
1267 1241 1425 1273 colligendi
1437 1250 1486 1275 pro
1501 1242 1599 1268 codem
1617 1243 1864 1275 neg‹›ti‹1›stibsi‹lii
1882 1244 1909 1270 in
1926 1245 2163 1275 regnob'ranciaw

1159 1289 1305 1323 subrogat.
1325 1304 1354 1307 —
1372 1290 1457 1320 (Hm.
1473 1291 1516 1321 18,
1532 1292 1551 1316 t.
1569 1290 1619 1316 335
1636 1294 1680 1321 v⁰2
1698 1300 1766 1317 ann.
1785 1291 1837 1323 XI,
1855 1302 1879 1317 c.
1896 1292 1963 1323 :292;
1982 1307 2012 1310 —
2031 1292 2160 1319 Monam]

1160 1337 1238 1369 1191,
1267 1338 1286 1363 f.
1318 1338 1385 1369 413;
1410 1353 1442 1355 —
1467 1338 1504 1364 N.
1524 1339 1645 1370 viros,
1677 1340 1832 1364 [intimante
1862 1339 2029 1372 rt‘mavcrqne
2059 1340 2161 1371 (1880).

1161 1393 1188 1419 p.
1206 1386 1336 1417 37‘2-373‚
1352 1386 1432 1419 piece
1448 1395 1554 1417 wau3
1571 1401 1601 1404 ——
1619 1389 1656 1413 ct'.
1671 1394 1769 1419 supra,
1788 1392 1815 1413 η’
1831 1388 1922 1417 3903.)

1203 1498 1214 1512 «
1231 1509 1250 1514 ..
1264 1487 1397 1525 episcopo
1407 1488 1586 1516 parisiensi.
1602 1487 1684 1517 Cum
1699 1488 1899 1518 venerahilis
1913 1489 2015 1518 frater
2026 1506 2073 1518 ——.
2088 1490 2160 1519 Dat.

1161 1543 1196 1567 ut
1215 1547 1323 1580 supra.
1345 1551 1357 1565 »

1196 1785 1426 1819 Arc-hiepiscopo
1448 1786 1587 1820 Capuano
1613 1787 1760 1820 significat
1785 1796 1829 1819 se,
1854 1796 1903 1822 per
1929 1789 2041 1815 litteras
2058 1788 2163 1822 quibus

1161 1834 1218 1867 ipsi
1235 1834 1455 1868 archiepiscopo
1471 1840 1657 1868 praeceperat
1675 1839 1707 1861 ut
1727 1836 1789 1869 ipse
1806 1840 1930 1863 cessaret
1946 1840 1973 1863 et
1992 1838 2099 1863 taceret
2116 1846 2163 1863 ec—

1161 1882 1267 1908 clesiae
1293 1882 1449 1916 Capuanae
1473 1882 1669 1916 suffraganeos
1692 1892 1803 1910 cessare
1825 1893 1841 1910 a
1863 1884 2087 1911 denuntiatione
2112 1893 2162 1911 ex-

1670 1726 1789 1757 Latran,
1807 1726 1822 1751 6
1839 1726 1997 1753 novembre
2014 1727 2090 1753 1237.

1161 1930 1439 1956 communicationis
1463 1939 1549 1964 quan]
1577 1931 1638 1964 ipse
1665 1932 1901 1965 archiepiscopus
1926 1933 1955 1958 in
1982 1933 2160 1966 Aquinatem

1161 1979 1329 2012 episcopum
1346 1978 1499 2005 dicebatur
1512 1980 1722 2013 promulgasse,
1740 1988 1798 2006 non
1817 1980 1978 2006 intendisse
1993 1989 2005 2004 «
2021 1989 2106 2014 super
2119 1991 2162 2006 ων

1162 2035 1175 2051 ι)
1195 2027 1279 2053 niodo
1297 2027 1485 2060 possessionis
1506 2031 1533 2054 et
1558 2028 1746 2061 proprietatis
1767 2037 1779 2053 ι)
1803 2029 1857 2062 ipsi
1876 2029 2095 2062 archiepiscopo
2116 2030 2161 2055 vel

1161 2074 1254 2101 cidem
1278 2075 1417 2101 ecclesiae
1440 2076 1557 2109 aliquod
1580 2076 1794 2109 praejudicium
1818 2076 1961 2109 generari.
1985 2081 2011 2103 et
2035 2085 2064 2103 sc
2087 2078 2163 2103 velh-

1161 2131 1279 2149 causam
1303 2132 1376 2157 quac
1399 2123 1475 2149 inter
1498 2124 1593 2157 ipsum
1614 2125 1868 2159 archiepiscopum
1893 2128 1918 2151 ct
1943 2125 2077 2151 eumdem
2101 2125 2163 2159 epi-

1161 2179 1279 2205 scopum
1297 2180 1382 2205 super
1396 2172 1577 2205 subJectione
1591 2172 1769 2204 vertebatur,
1787 2173 1817 2199 in
1835 2181 1866 2199 co
1882 2176 1970 2200 statu.
1988 2173 2080 2206 quoad
2099 2182 2163 2207 pos-

1161 2220 1318 2246 sessionem
1330 2224 1356 2246 et
1367 2220 1586 2254 proprietatem,
1601 2229 1729 2253 manere,
1742 2221 1771 2247 in
1783 2224 1914 2254 quoanto
1930 2221 2160 2255 iinlici-titicmcm

1162 2268 1377 2301 praedictarum
1412 2268 1578 2295 litterarum
1613 2268 1786 2295 noscebatur
1814 2269 1912 2295 fuisse.
1938 2283 1968 2287 —-
1999 2270 2085 2298 (neo.
2119 2270 2160 2295 is.

1161 2318 1181 2342 l'.
1203 2316 1254 2342 335
1278 2319 1320 2348 v⁰3
1337 2325 1406 2343 ann.
1422 2316 1475 2349 XI,
1493 2325 1517 2343 c,
1532 2316 1606 2347 293.)

1203 2428 1216 2442 α
1236 2439 1256 2445 ..
1273 2417 1494 2454 archiepiscopo
1519 2417 1674 2454 Caput-1720.
1693 2416 1775 2447 Cum
1794 2426 1852 2454 per
1868 2416 1995 2447 litteras
2017 2432 2066 2444 —.
2089 2417 2159 2446 Dat.

1163 2469 1327 2503 Laterani,
1348 2470 1428 2499 VIII
1443 2469 1518 2499 idus
1536 2469 1733 2505 novembris,
1754 2477 1841 2498 anno
1856 2469 2039 2499 undecimo.
2060 2480 2073 2494 »

1232 2653 1350 2681 3943

1198 2715 1401 2747 Suffragancos
1417 2715 1556 2741 ecclesiae
1570 2716 1727 2748 Camianae
1743 2714 1778 2740 de
1794 2713 2035 2747 praecedentibus
2055 2714 2162 2740 litteris

1161 2763 1196 2789 ad
1207 2763 1459 2797 arehiepiscopum
1472 2763 1644 2797 Capuanum
1656 2763 1775 2789 directis
1787 2766 1878 2788 certos
1891 2762 1969 2787 facit.
1980 2776 2011 2779 -
2022 2762 2106 2792 (Iino.
2118 2762 2162 2793 18,

1162 2814 1181 2838 f.
1199 2812 1250 2839 336
1266 2816 1302 2844 r‘';
1319 2821 1388 2839 ann.
1407 2813 1459 2845 XI,
1477 2821 1501 2838 c.
1519 2812 1592 2843 294.)

1671 2654 1790 2684 Lan-an,
1807 2652 1823 2678 6
1840 2652 1996 2679 novembre
2014 2652 2090 2678 1237.

1203 2925 1216 2939 «
1239 2914 1448 2950 Sztssrayaneis
1469 2914 1584 2942 ccclvsic
1607 2913 1757 2949 Capuane.
1782 2911 1862 2941 Cum
1888 2920 1943 2949 per
1966 2910 2092 2940 litteras
2111 2927 2158 2938 —.

1162 2966 1232 2994 Dat.
1252 2970 1410 3003 utsupra.
1432 2978 1443 2990 n
