2423 3487
231 293 289 322 450
957 289 1196 319 1100151005
1219 288 1274 317 DE
1297 279 1518 317 GREGOIRE
1542 287 1600 316 ix.
2269 287 2330 316 460

232 361 386 393 propterea
412 357 532 384 nuntios
558 357 772 389 destinassent,
797 356 927 382 nondum
953 359 1052 382 tamen
1079 355 1120 381 eis
1144 356 1238 381 fuerat

233 406 418 433 satisfactum
433 414 439 437 3
462 414 587 439 cumque
606 405 667 439 ipse
690 413 765 438 papa
781 404 894 431 dietum
911 413 1007 437 regem
1030 404 1190 430 monuisset
1206 406 1238 430 ut

233 454 269 480 de
288 454 414 487 pecunia
429 454 504 487 ipsa,
522 462 587 479 01101
607 453 694 486 justis
708 456 735 479 et
750 453 910 479 moderatis
926 452 1073 486 expensis,
1090 460 1122 478 ac
1139 451 1238 478 debita

232 501 445 528 restauratione
460 501 635 527 damnorum
653 509 736 534 quae,
747 501 782 527 ad
799 503 860 527 tam
876 504 1003 526 remotas
1019 502 1116 533 partes
1133 502 1173 526 tot
1191 499 1238 525 lit-

234 553 310 576 teras
324 552 351 576 et
368 550 488 576 nuntios
503 549 690 576 destinando.
706 549 783 583 passi
797 549 918 581 fuerint,
936 556 1024 574 usura
1039 548 1160 574 omnino
1177 556 1238 574 ces-

233 601 326 630 sante,
339 597 449 624 eisdem
462 598 674 624 mercatoribus
690 597 884 630 satisfaceret,
900 611 931 615 —-—
944 596 1065 623 mandat
1082 598 1237 630 quatenus,

232 647 257 673 si
278 646 445 680 praedictus
463 654 513 672 rex
536 646 629 680 ipsius
650 655 742 680 papae
763 654 863 680 preces
883 645 1047 679 neglexerit
1063 645 1237 679 adimplere,

231 703 297 721 eum
314 694 351 720 ad
369 694 399 720 id
419 702 470 728 per
486 695 679 721 interdictum
699 694 832 721 civitatis
849 694 1138 727 Caesaraugustanae
1159 702 1239 720 00111-

230 744 333 777 pellat.
356 757 387 761 -—
411 743 497 773 (nm.
522 743 570 775 18,
595 744 614 769 t.
637 743 688 770 183
704 746 750 775 v⁰;
767 751 837 769 ann.
851 743 895 774 X,
913 742 1070 774 c.189;—
1089 744 1126 769 ct.
1142 750 1238 775 supra,

229 794 259 818 11ο
275 791 366 822 3242.)

272 911 284 924 (t
304 899 448 935 Maqistm
468 900 628 933 l'crnacio,
648 900 794 928 canonico
814 900 985 933 Tervisino,
1004 899 1145 927 Pan-isius
1158 908 1239 927 com-

229 952 380 979 moranti.
408 951 646 988 Signiticarunt
673 951 769 980 nobis
800 950 912 980 dilecti
941 969 990 979 —.
1021 952 1095 980 Dat.
1123 952 1237 986 Reate,

231 1003 347 1033 XVIII
364 1003 522 1033 kalendas
541 1003 749 1041 septembris,
770 1012 856 1033 anno
873 1003 1010 1033 decimo.
1032 1016 1044 1029 »

299 1206 416 1234 3229

264 1269 375 1296 Abbati
396 1270 516 1296 Dolensi
539 1271 661 1298 mandat
680 1274 823 1304 quatenus
847 1272 1010 1298 sententias
1031 1272 1237 1298 excommuni-

843 1208 938 1241 Rieti,
955 1209 988 1235 12
1002 1211 1069 1235 aout
1085 1209 1164 1235 1236.

227 1318 354 1345 cationis
370 1318 401 1344 in
415 1318 575 1345 Robcrtnm
590 1319 625 1345 de
639 1319 795 1346 Cortenaio
811 1323 839 1346 et
855 1320 917 1353 ejus
930 1320 1054 1352 balivos,
1068 1329 1120 1347 nec
1137 1329 1194 1347 uon
1209 1324 1237 1348 et

228 1367 383 1394 interdicti
405 1367 435 1393 in
464 1367 606 1401 quaedam
633 1368 696 1401 ejus
723 1370 818 1394 castra
845 1368 881 1395 ab
907 1369 1026 1395 officiali
1054 1370 1236 1396 Bituricensi

227 1417 373 1450 prolatas,
391 1419 509 1450 propter
528 1416 654 1450 injurias
676 1425 747 1450 quas
768 1417 908 1444 ecclesiae
926 1418 1109 1444 Bituricensi
1129 1422 1157 1445 et
1174 1428 1236 1445 mo-

229 1464 334 1490 nacbis
349 1464 384 1491 de
400 1465 579 1491 Valenciaco
595 1465 748 1497 intulerat,
762 1465 853 1492 faciat
868 1465 1027 1492 observari.
1044 1482 1075 1484 —
1090 1468 1176 1498 (nm.
1192 1467 1235 1500 18,

228 1514 249 1539 f,
266 1512 318 1539 184
334 1515 373 1544 r⁰;
391 1521 460 1539 ann.
475 1513 519 1545 X,
537 1513 647 1545 c.190;
666 1528 697 1531 —
713 1513 847 1541 Monam
860 1514 940 1546 1191,
959 1515 978 1540 t.
994 1514 1050 1546 97.)

271 1632 283 1646 α
304 1643 322 1648 ..
342 1620 585 1655 abbatiDolensi,
598 1621 798 1650 Bina-iernsis
812 1622 947 1651 diocesis.
963 1622 1237 1659 Significantibus

229 1672 360 1702 dilectis
377 1672 455 1702 filiis
475 1696 492 1701 ..
513 1673 636 1702 decano
653 1678 683 1703 et
699 1673 843 1711 capitulo
857 1674 1125 1704 Bituricensibus
1143 1677 1238 1706 nobis

231 1725 377 1755 innotuit
400 1726 503 1764 quod.
523 1735 596 1755 01101
616 1726 719 1755 nobili
737 1727 807 1756 viro
824 1727 967 1757 Roberto
989 1728 1026 1757 de
1048 1728 1235 1765 Cortcuaio,

229 1777 364 1807 domino
390 1778 428 1807 (10
455 1778 631 1816 Mag-duno,
659 1779 898 1817 crucesignato,
924 1780 1146 1811 Bituriccnsis
1168 1782 1239 1812 dio-

230 1831 333 1865 cesis,
354 1840 428 1860 cum
452 1840 568 1865 uxore,
593 1831 721 1860 familia
745 1836 775 1861 et
794 1832 948 1861 omnibus
968 1833 1065 1863 bonis
1086 1834 1156 1863 suis
1177 1835 1238 1864 sub

229 1882 409 1920 apostolica
424 1883 627 1921 p1·ot·=ctione
638 1889 779 1922 recepto.
793 1884 985 1915 duxerimus
998 1886 1237 1924 indulgendum

228 1940 263 1965 ut
278 1959 284 1970 ,
303 1944 340 1965 eo
356 1940 470 1973 parato
488 1945 596 1965 coram
618 1936 866 1967 venerabilibus
886 1938 1047 1968 fratribus
1070 1941 1193 1969 nostris
1217 1964 1237 1969 ..

229 1988 416 2018 Senonensi
442 1993 472 2017 et
498 2012 516 2017 ..
538 1989 743 2019 Bituricensi
761 1989 1031 2029 archiepiscopis,
1051 1992 1238 2023 (1100050015

229 2041 311 2076 51115,
330 2041 382 2070 vel
399 2050 511 2070 eorum
529 2041 648 2077 altero,
670 2042 708 2072 de
727 2051 761 2072 se
778 2043 1059 2081 conquerentibus
1072 2045 1238 2083 justitiam

228 2093 396 2129 exhibere,
413 2093 525 2124 nullus
543 2094 577 2123 in
594 2103 769 2132 personam
786 2096 1139 2127 excommunicationis
1157 2103 1187 2128 et
1202 2100 1237 2128 in

227 2150 351 2176 terram
363 2155 456 2176 suam
469 2147 638 2176 interdicti
652 2148 836 2178 sententias
848 2149 1057 2187 promulgare
1069 2157 1238 2188 presumat

229 2199 355 2237 absque
371 2199 525 2228 mandato
544 2200 638 2229 Sedis
654 2200 842 2238 Apostolice
862 2201 1016 2239 speciali,
1039 2225 1058 2231 ..
1077 2203 1188 2233 abbati
1208 2209 1238 2234 et

231 2275 249 2281 ..
268 2251 370 2289 priori
388 2252 502 2281 Fontis
515 2251 692 2288 ι101100015,
708 2253 943 2284 Cisterciensis
959 2255 1097 2290 ordinis,
1115 2257 1238 2287 nostris

228 2304 344 2333 dantes
367 2303 488 2333 litteris
514 2304 548 2333 in
574 2305 739 2335 mandatis
762 2310 808 2341 ut,
837 2306 866 2335 si
889 2315 971 2344 quas
995 2309 1179 2338 sententias
1203 2310 1237 2338 in

229 2366 304 2387 eum
321 2357 372 2386 vel
390 2361 511 2386 terram
527 2358 633 2395 ipsius
651 2363 765 2388 contra
786 2359 1029 2397 indulgentiam
1046 2360 1237 2400 hujusmodi

227 2410 432 2448 promulgari
451 2410 673 2448 contingeret,
694 2420 748 2441 eas
766 2413 961 2443 auctoritate
980 2418 1092 2444 nostra
1110 2416 1238 2445 denun-

228 2462 351 2492 tiarent
374 2462 507 2500 penitus
531 2472 595 2492 non
621 2468 750 2499 tenere,
772 2464 949 2503 ipsumque
975 2471 1087 2496 contra
1110 2473 1238 2506 protec-

226 2514 329 2544 tionis
351 2519 381 2544 et
404 2515 654 2546 constitutionis
673 2520 783 2546 nostre
811 2521 959 2547 tenorem
982 2527 1046 2548 non
1066 2521 1238 2557 permitte-

227 2571 302 2597 rent
316 2567 356 2596 ab
369 2567 539 2605 aliquibus
551 2572 674 2598 temere
686 2569 867 2604 molestari,
880 2570 1109 2602 molestatores
1125 2573 1237 2612 hujus-

227 2620 315 2649 modi
331 2629 390 2658 per
403 2629 578 2650 censuram
593 2621 853 2652 ecclesiasticam
871 2626 1106 2661 compescendo
1126 2637 1131 2655 ;
1150 2627 1236 2657 idem

228 2672 369 2708 nobilis,
392 2673 489 2711 quasi
512 2682 550 2703 ex
570 2673 732 2704 beneficio
749 2675 982 2705 malefaciendi
1000 2677 1119 2709 habeat
1136 2679 1237 2710 liber-

227 2729 340 2761 tatem,
359 2730 468 2764 preter
484 2726 626 2765 injurias
644 2731 674 2757 et
690 2727 867 2758 violentias
890 2738 971 2767 quas
989 2730 1126 2761 ecclesie
1146 2733 1236 2762 Bitu-

226 2778 351 2808 ricensi
371 2782 401 2808 et
416 2778 564 2809 Johanni
581 2780 619 2809 de
636 2780 775 2816 Bannis,
794 2782 952 2811 canonico
970 2783 1083 2813 Sancti
1098 2785 1234 2819 Auiani,

227 2832 370 2861 diocesis
386 2832 627 2868 Bituricensis,
650 2833 823 2870 intulerat,
845 2834 931 2865 bona
948 2844 1060 2866 eorum
1079 2842 1109 2867 et
1128 2838 1236 2869 homi-

226 2894 307 2915 num
324 2894 459 2914 suorum
477 2886 630 2924 nequiter
646 2887 816 2925 capiendo,
835 2897 895 2918 nec
912 2897 977 2919 non
994 2894 1024 2919 et
1041 2890 1106 2920 alia
1123 2893 1236 2929 gravia

229 2945 292 2975 que
310 2945 368 2975 per
384 2945 418 2966 se
436 2946 471 2966 ac
490 2937 618 2968 balivos
635 2947 712 2969 suos
729 2939 933 2978 dampnabili
949 2942 1134 2973 temeritate
1152 2953 1235 2974 com<

1320 352 1422 387 misit,
1442 360 1557 389 nuper,
1579 375 1598 380 ..
1623 352 1767 389 priorem
1793 356 1823 381 et
1846 351 2026 382 monachos
2051 352 2090 382 de
2114 351 2324 388 Valenciaco,

1321 403 1544 433 Bituricensis
1574 403 1733 438 diocesis,
1768 403 1967 442 quibusdam
1999 413 2037 434 ex
2067 404 2150 442 ipsis
2182 404 2328 442 graviter

1320 465 1426 495 usque
1448 456 1488 486 ad
1508 456 1705 486 effusionem
1725 456 1899 494 sanguinis
1913 457 2108 492 verberatis,
2123 457 2186 487 eici
2199 457 2327 488 faciens

1321 509 1439 539 exinde
1458 509 1630 544 violenter,
1652 510 1835 547 prioratum
1858 518 1932 539 cum
1955 510 2109 540 omnibus
2135 510 2231 542 honis
2255 511 2329 542 suis

1320 566 1444 591 temere
1460 562 1649 599 occupavit;
1669 566 1801 600 propter
1817 562 1904 601 quod
1919 562 2070 592 officialis
2091 563 2324 599 Bituricensis,

1321 623 1396 644 cum
1415 613 1455 643 ab
1477 623 1514 644 eo
1536 614 1682 644 monitus
1708 623 1807 652 super
1830 614 1897 644 hiis
1921 615 2114 645 satisfacere
2136 616 2324 654 denegaret,

1321 667 1355 696 in
1372 667 1481 705 ipsum
1499 671 1529 696 et
1547 666 1674 696 balivos
1691 675 1768 696 suos
1787 668 2138 697 excommunicationis
2156 671 2187 697 et
2202 669 2237 697 in
2254 677 2328 699 eas-

1321 723 1372 748 tra
1395 719 1466 758 ejus
1487 719 1525 749 de
1543 719 1708 756 Magduno
1727 723 1758 748 et
1777 719 1815 749 de
1831 719 1933 750 Celtis
1950 720 2063 750 Sancti
2080 720 2213 755 Eusitii,
2231 721 2326 751 Bitu-

1321 772 1463 801 ricensis
1490 771 1643 807 diocesis,
1670 771 1840 801 interdicti
1870 772 2053 802 sententias
2085 772 2326 811 promulgavit;

1322 833 1404 862 quas
1434 824 1607 854 memorati
1631 828 1879 854 conservatores
1905 830 2027 854 temere
2052 829 2260 861 revocantes,
2290 825 2326 856 in

1321 876 1431 914 ipsum
1443 876 1616 906 officialem
1629 881 1659 906 et
1673 885 1728 906 eos
1745 877 1803 915 qui
1819 886 1896 907 suas
1913 877 2096 907 sententias
2112 877 2327 908 defenderent

1321 929 1373 959 vel
1389 934 1570 964 servarent,
1587 929 1939 959 excommunicationis
1956 930 2155 959 sententiam
2172 929 2326 960 fulmina-

1320 987 1415 1017 runt3
1434 982 1578 1020 indeque
1601 982 1718 1011 accidit
1743 982 1829 1020 quod
1845 987 2046 1012 memoratus
2068 982 2189 1012 nobilis
2208 986 2239 1012 et
2255 983 2329 1022 ejus

1319 1034 1437 1070 balivi,
1465 1034 1503 1064 de
1528 1034 1587 1064 tali
1612 1034 1806 1064 defensione
1830 1034 1961 1069 confisi,
1986 1034 2071 1064 bona
2097 1034 2326 1070 ecclesiarum,

1320 1087 1534 1122 clericorum,
1554 1087 1878 1124 crucesignatorum,
1899 1087 2117 1125 pupillorum,
2139 1087 2325 1124 viduarum,

1319 1141 1543 1179 orphanorum
1560 1145 1591 1170 et
1609 1140 1750 1170 aliarum
1772 1140 2014 1170 miserabilium
2036 1149 2253 1179 personarum
2273 1141 2329 1170 in-

1319 1193 1460 1227 vadunt,
1482 1192 1698 1232 distra[h]unt
1721 1197 1751 1223 et
1776 1193 1968 1231 predantur,
1991 1193 2074 1222 alias
2098 1192 2274 1223 violentias
2295 1197 2328 1223 et.

1318 1246 1483 1276 maleficia
1499 1245 1642 1284 plurima
1654 1245 1904 1280 committend03
1924 1250 1965 1280 et,
1979 1245 2007 1275 si
2024 1254 2123 1283 super
2134 1245 2202 1275 hiis
2217 1254 2326 1276 coram

1319 1299 1499 1330 ordinariis
1512 1299 1731 1329 trahantur-in
1743 1308 1888 1333 causam,
1904 1299 2051 1329 indebite
2064 1299 2327 1337 subterfugiunt,

1319 1357 1539 1391 proponentes
1556 1361 1590 1382 se
1607 1361 1673 1382 non
1690 1361 1785 1390 posse
1808 1352 1874 1381 nisi
1891 1361 1998 1382 coram
2020 1352 2176 1389 predictis
2193 1360 2326 1382 conser-

1319 1407 1488 1437 vatoribus
1505 1405 1557 1435 vel
1573 1405 1831 1443 archiepiscopis
1846 1405 2017 1435 conveniri
2032 1415 2037 1440 ς
2058 1405 2144 1435 110110
2161 1405 2327 1443 provideri

1319 1461 1383 1490 sibi
1401 1469 1499 1498 super
1514 1459 1581 1488 hiis
1598 1458 1858 1488 misericorditer
1873 1458 2050 1496 petierunt.
2067 1458 2152 1494 Quia
2168 1467 2245 1488 vero
2260 1466 2326 1488 non

1319 1513 1439 1543 debent
1460 1512 1537 1550 jura
1563 1511 1650 1541 unde
1676 1515 1860 1540 nascuntur
1884 1510 2024 1549 injurie,
2051 1510 2237 1545 defensari,
2266 1518 2327 1540 nec

1320 1570 1369 1596 est
1387 1565 1586 1594 intentionis
1603 1568 1714 1593 nostre
1731 1572 1790 1593 nec
1807 1563 1931 1598 extitit,
1956 1567 1991 1592 ut
2010 1572 2068 1601 per
2083 1562 2329 1601 indulgentiam

1321 1622 1348 1648 et
1366 1617 1495 1647 litteras
1509 1616 1716 1654 supradictas
1732 1615 1890 1645 violentie
1907 1624 1944 1645 ac
1960 1615 2123 1645 maleficia
2139 1623 2259 1653 penam
2273 1615 2325 1645 de-

1320 1671 1387 1701 bite
1407 1669 1707 1700 animadversionis
1725 1668 1882 1703 evadant,
1901 1668 1981 1706 quin
2006 1668 2115 1706 potius
2136 1667 2327 1707 hujusmodi

1320 1723 1483 1753 maleficia
1508 1722 1751 1752 committentes
1776 1730 1841 1751 non
1869 1721 2009 1751 debeant
2036 1721 2245 1759 indulgentia
2268 1720 2329 1751 tali

1321 1777 1474 1815 gaudere,
1491 1775 1687 1805 mandamus
1704 1779 1879 1813 quatenus,
1896 1774 1925 1803 si
1941 1779 1987 1803 est
2005 1774 2062 1809 ita,
2082 1774 2179 1804 talem
2197 1782 2330 1812 proces-

1321 1839 1394 1859 sum
1411 1833 1681 1858 conservatorum
1697 1828 1845 1865 ipsorum
1862 1827 1990 1856 nullum
2008 1836 2080 1857 csse
2097 1827 2228 1865 penitus
2246 1835 2328 1857 nun-

1322 1883 1426 1917 tians,
1445 1882 1549 1911 dictas
1569 1881 1720 1910 officialis
1740 1881 1923 1910 sententias
1942 1880 2062 1915 facias,
2081 1880 2167 1910 sicut
2182 1880 2329 1910 rationa-

1320 1936 1433 1965 biliter
1463 1940 1539 1965 sunt
1570 1934 1712 1973 prolate,
1737 1943 1843 1972 usque
1866 1934 1906 1963 ad
1929 1933 2192 1964 satisfactionem
2215 1933 2328 1963 condi-

1321 1998 1435 2027 gnam,
1463 1987 1592 2018 sublato
1621 1986 1853 2025 appellationis
1877 1986 2061 2021 obstaculo,
2089 1985 2330 2016 inviolabiliter

1320 2041 1491 2072 observari
1507 2052 1512 2077 ;
1547 2040 1835 2071 conservatoribus
1856 2039 2096 2069 nichilominus
2115 2038 2273 2069 inhibens
2291 2042 2328 2069 ut

1321 2095 1445 2125 similia
1462 2095 1500 2124 de
1517 2099 1625 2124 cetero
1644 2102 1709 2123 non
1725 2096 1935 2131 presumant,
1960 2101 2020 2123 nec
2044 2092 2226 2130 impediant
2246 2100 2330 2130 quo-

1320 2149 1432 2178 minus
1456 2147 1586 2187 judices
1615 2146 1778 2176 ordinarii
1803 2146 1837 2175 in
1865 2145 2096 2175 consimilibus
2121 2143 2329 2184 jurisdictio-

1321 2210 1396 2231 nem
1419 2200 1551 2230 valeant
1573 2199 1777 2230 ordinariam
1799 2207 1962 2229 exercere.
1983 2199 2056 2227 Dat.
2072 2199 2186 2232 Reate,
2205 2198 2237 2227 II
2252 2196 2330 2226 idus

1321 2254 1466 2291 augusti,
1485 2262 1571 2283 anno
1588 2252 1724 2282 decimo.
1746 2264 1759 2278 »

1390 2433 1509 2462 3280
1932 2430 2024 2463 Rieti,
2041 2430 2073 2456 11
2090 2431 2159 2456 aout
2175 2428 2253 2456 1236.

1356 2496 1515 2530 Episcopo,
1541 2494 1749 2521 archidiacono
1774 2497 1802 2520 et>
1827 2492 2009 2519 thesaurario
2034 2489 2328 2524 Caesaraugoetanie,

1319 2553 1385 2578 rege
1400 2545 1569 2577 Aragonum
1587 2542 1770 2576 postulante,
1788 2541 1910 2568 mandat
1926 2543 2070 2574 quatenus
2088 2539 2156 2565 illos
2171 2546 2207 2565 ex
2223 2537 2326 2565 Sarra-

1319 2593 1400 2620 cenis
1419 2593 1449 2619 in
1469 2591 1551 2625 regni
1567 2592 1737 2624 Aragcnum
1757 2589 1901 2616 frontaria
1918 2587 2130 2620 existentibus,
2145 2595 2216 2621 quos
2231 2584 2326 2612 eonti-

1319 2642 1404 2675 gerit,
1423 2644 1536 2668 coactos
1555 2641 1602 2666 vel
1621 2638 1815 2670 voluntarios,
1835 2637 1966 2671 ejusdem
1983 2636 2058 2670 regis
2077 2634 2209 2662 dominio
2224 2632 2326 2666 subju—

1318 2691 1391 2724 gari,
1409 2689 1559 2716 molestari
1576 2697 1634 2715 non
1650 2686 1973 2722 permittant.—(REG.
1986 2684 2030 2718 18,
2045 2685 2066 2710 f.
2079 2683 2129 2710 184
2139 2686 2184 2715 v⁰;
2199 2689 2268 2710 ann.
2284 2680 2327 2714 X,

1319 2748 1343 2765 c.
1358 2739 1433 2769 191.)

1360 2852 1373 2865 «
1394 2862 1412 2868 ..
1438 2840 1582 2876 episcopo,
1602 2860 1621 2865 ..
1644 2836 1863 2866 archidiacono
1880 2839 1905 2863 et
1924 2857 1942 2862 ..
1963 2833 2156 2862 thesaurario
2176 2832 2328 2861 Cesarau-

1317 2893 1468 2929 qztstanis.
1491 2889 1645 2928 Exposito
1661 2888 1757 2918 nobis
1775 2886 1960 2918 devotionis
1976 2903 2024 2914 —.
2044 2885 2118 2914 Dat.
2140 2884 2251 2917 Reate,
2269 2880 2321 2911 ΙΙΙ.

1318 2945 1392 2973 111115
1412 2943 1556 2980 augusti,
1574 2941 1786 2980 pontificatus
1802 2939 1906 2970 nostri
1924 2947 2010 2968 anno
2029 2937 2166 2967 decimo.
2187 2947 2200 2961 n
