2519 3518
145 293 205 324 82¹.)
1011 286 1203 324 ONZIEME
1226 286 1384 322 ANNEE.
2188 296 2246 326 830

147 359 262 390 vando.
290 360 397 394 Unde,
422 369 496 390 cum
520 360 627 390 dictus
652 360 828 390 comitatus
851 360 1003 401 Melgorii
1028 360 1070 389 sit
1093 358 1156 398 ipsi

146 413 300 451 episcopo
316 413 356 442 ab
372 413 520 444 Ecclesia
536 414 686 443 Romana
701 414 762 443 sub
779 423 889 444 annuo
906 423 1006 444 censu
1022 422 1157 443 conces-

144 474 213 500 sus,
229 466 325 496 nobis
340 466 513 496 humiliter
529 466 726 504 supplicavit
742 471 775 496 ut
791 467 964 505 providere
980 475 1079 504 super
1096 465 1155 495 hoc

145 524 282 557 paterna
305 519 530 550 sollicitudine
556 529 761 550 curaremus.
788 520 930 559 Ideoque
960 519 1156 549 mandamus

144 576 321 610 quatenus,
336 572 498 611 inquisita
509 582 608 611 super
620 572 699 607 hiis.
715 573 753 603 de
771 572 867 611 plano
885 577 913 603 et
927 573 999 602 sine
1015 572 1155 610 strepitu

140 625 273 664 judicii,
304 626 452 661 veritate,
484 626 512 656 si
541 635 611 656 rem
639 626 837 656 inveneritis
866 626 911 655 ita
939 634 1023 659 esse,
1051 625 1155 654 dictos

146 678 349 709 senescallos
366 683 398 709 et
418 678 557 708 ballivos
578 684 614 709 ut
636 688 672 708 ea
696 688 759 717 que
783 679 820 708 de
844 679 939 708 bonis
958 678 1037 707 dicti
1054 678 1156 708 comi·

147 737 234 762 tatus
255 731 419 770 Melgorii‚
442 732 616 762 occasione
635 731 842 771 hujusmodi,
863 736 1080 770 occuparunt.
1104 740 1156 761 re-

147 785 288 814 stituant
304 784 457 823 episcopo
469 789 660 816 memorato.
674 784 714 814 ab
730 785 944 823 occupatione
957 784 1103 822 ipsorum
1120 784 1152 813 in

147 841 316 876 posterum
331 837 465 875 penitus
482 837 690 872 desistendo,
709 842 739 867 et
757 837 794 867 de
812 837 974 876 perceptis
991 837 1154 867 fructibus

149 890 179 919 ei
204 890 412 920 satisfaciant
435 894 678 928 competenter.
703 899 739 920 ac
764 890 804 920 ab
827 890 1054 920 exactionibus
1082 899 1155 928 pre-

145 943 245 974 dictis
262 943 394 982 penitus
417 943 666 982 conquiescant,
691 944 874 973 monitione
897 943 1076 982 premissa,
1098 953 1156 981 per

145 1005 321 1027 censuram
338 996 610 1026 ecclesiasticam.
627 996 846 1035 appellatione
861 997 1052 1034 postposita.
1071 1005 1154 1026 com-

145 1049 287 1087 pellatis.
315 1050 388 1079 Non
415 1049 624 1079 obstantibus
649 1049 770 1079 litteris
793 1050 1081 1079 confirmationum
1105 1049 1155 1078 vel

146 1103 234 1137 aliis,
253 1103 281 1132 si
303 1112 365 1142 que
386 1103 502 1133 fraude
522 1102 573 1132 vel
592 1102 665 1132 dolo
682 1112 700 1132 a
721 1103 804 1133 Sede
820 1102 1009 1141 Apostolica
1030 1102 1153 1132 fuerint

146 1156 330 1194 impetrate.
353 1156 468 1186 Testes
485 1159 595 1186 autem
619 1160 678 1185 etc.
700 1155 793 1192 Quod
815 1156 844 1185 si
868 1165 931 1185 uon
955 1164 1070 1185 omnes
1091 1160 1152 1185 etc.

145 1210 219 1239 Dat.
238 1213 272 1238 ut
291 1217 401 1247 supra.
421 1220 434 1235 n

182 1464 326 1498 Episcopo
357 1463 582 1497 Argentinensi,
611 1472 664 1490 nec
694 1472 749 1489 non
776 1463 933 1489 abbatibus
958 1463 993 1488 de
1022 1462 1155 1489 Parisius

144 1515 192 1543 (z
204 1512 324 1543 Pairis).
337 1511 514 1539 Basiliensis
530 1512 682 1541 dioecesis,
697 1515 725 1538 et
741 1511 777 1537 de
793 1511 962 1538 Ternebacli
981 1513 1025 1541 (=
1039 1511 1155 1537 Tenue—

147 1561 249 1591 bacb).
280 1560 519 1587 Constantiensis
546 1560 703 1588 dioecesis.
733 1560 855 1586 mandat
888 1562 1033 1593 quatenus
1069 1567 1156 1592 super

145 1609 334 1636 concessione
358 1608 529 1635 monasterii
553 1608 656 1635 Sancti
677 1608 822 1642 Stephani
845 1608 1073 1639 Argentinensis
1097 1609 1155 1634 fra-

148 1657 243 1683 tribus
272 1656 530 1683 Praedicatoribus
556 1657 826 1690 Argentinensibus
853 1656 986 1683 facienda
1019 1657 1065 1682 vel
1098 1665 1154 1682 non

146 1705 294 1736 facienda,
307 1708 335 1732 et
351 1713 438 1739 super
451 1705 520 1731 aliis
541 1705 666 1739 negotiis
680 1705 813 1731 eamden]
832 1705 1048 1731 eoiwessionmn
1066 1705 1156 1739 perti-

148 1754 302 1785 uentibus,
331 1757 464 1781 statuant
493 1754 569 1788 quod
599 1754 729 1780 viderint
758 1754 906 1788 expedire.
935 1769 965 1771 —
991 1754 1078 1783 (Rae.
1105 1753 1154 1784 18,

148 1804 167 1829 f.
181 1803 229 1830 341
243 1806 289 1834 νὴ
304 1811 374 1829 ann.
388 1803 441 1831 XI.
456 1811 481 1829 c.
494 1802 604 1833 322;—
617 1804 654 1829 cf.
669 1803 694 1830 J.
714 1803 898 1833 BERNOULLI,
914 1805 978 1828 Arm
994 1803 1155 1834 Pontificum

146 1852 291 1880 Helvetico.
311 1855 332 1878 t.
356 1852 365 1878 I
382 1851 485 1883 (1892),
503 1860 531 1886 p.
548 1851 610 1883 126,
629 1856 657 1877 nu
672 1851 746 1881 189.)

648 1402 769 1428 Latran.
787 1401 820 1428 19
835 1401 990 1427 (leccinbre
1004 1401 1082 1427 1237.

187 1965 200 1980 ιε
228 1977 246 1982 ..
272 1954 648 1991 episcopo‚tv-qentinensi,
679 1975 696 1981 ..
722 1953 756 1981 (Ic
774 1953 915 1981 Parisios
938 1958 964 1980 el
989 1975 1007 1980 ..
1033 1952 1066 1980 de
1086 1953 1155 1980 Ter-

146 2007 257 2036 mbach
273 2007 446 2036 abbatibus.
476 2007 654 2034 Basilienxis
672 2011 698 2034 el
723 2006 964 2035 Constantiensis
990 2005 1152 2034 diocesani.

145 2059 363 2097 Significante
379 2058 504 2088 dudum
531 2063 571 2088 te.
604 2059 706 2087 frater
729 2058 892 2096 episcope.
912 2066 970 2087 nos
996 2057 1156 2086 noveritis

146 2112 314 2151 accepisse
339 2111 437 2150 quod,
460 2120 534 2141 cum
560 2111 650 2144 olim.
680 2110 848 2140 intellecto
883 2110 968 2149 quod
990 2114 1156 2140 monaste-

146 2165 234 2195 rium
253 2164 366 2195 Sancti
385 2164 544 2202 Stephani
562 2163 830 2201 Argentinensis.
847 2167 978 2201 propter
995 2162 1154 2192 malitiam

146 2227 298 2249 sororum
312 2217 439 2247 ordinis
457 2217 563 2246 sancti
580 2216 760 2253 Augustini
775 2216 965 2253 degentium
983 2216 1016 2244 in
1029 2216 1154 2245 eodem.

146 2275 235 2301 esset
253 2271 287 2300 in
308 2270 541 2309 spiritualibus
561 2275 589 2299 et
615 2269 853 2308 temporalibus
879 2268 1024 2306 graviter
1047 2268 1156 2298 desor-

148 2328 292 2357 matum,
310 2323 383 2353 tibi.
410 2323 514 2352 frater
531 2322 700 2360 episcope.
720 2327 749 2351 et
769 2321 899 2351 dilectis
916 2321 995 2351 filiis
1013 2344 1032 2349 ..
1054 2321 1155 2359 priori

148 2378 288 2407 fratrum
307 2376 557 2407 Predicatorum
572 2384 607 2405 ac
626 2376 831 2409 Hermanno.
857 2374 1016 2404 canonico
1033 2375 1157 2411 Argen-

148 2429 376 2469 tinen[sibus].
397 2427 643 2467 direx[er]imus
670 2427 791 2465 scripta
818 2431 929 2456 nostra
952 2431 986 2456 ut
1009 2425 1102 2455 illud.
1127 2427 1155 2456 si

147 2483 302 2521 possetis,
320 2482 469 2520 alioquin
487 2482 520 2510 in
538 2480 755 2512 Cisterciensi
773 2479 824 2509 vel
841 2479 947 2509 sancti
963 2479 1154 2516 Augustini.

146 2535 331 2566 secundum
350 2538 473 2565 statuta
491 2542 640 2563 sororum
666 2533 859 2562 monasterii
883 2532 995 2561 Sancti
1018 2531 1101 2562 Sixti
1118 2531 1156 2561 de

148 2588 250 2624 Urbe.
269 2587 448 2618 studeretis
463 2586 638 2616 ordinibus
662 2586 853 2619 reformare,
881 2584 1051 2614 sororibus
1071 2585 1154 2622 ejtis.

146 2641 255 2680 sique
272 2640 398 2670 nollent
415 2639 556 2669 alterum
580 2639 732 2668 ordinum
752 2638 899 2676 ipsorum
922 2645 1102 2671 assumere,
1121 2637 1155 2666 in

147 2693 229 2724 locis
252 2692 518 2732 competentibus
544 2691 712 2721 collocatis
734 2701 740 2719 τ
763 2699 817 2719 vos
843 2690 883 2719 ad
908 2689 1155 2719 reformandum

146 2747 231 2778 illud
253 2747 287 2777 in
316 2747 431 2777 ordine
458 2755 517 2776 suo
543 2746 611 2784 jam
642 2754 699 2783 per
724 2743 982 2783 quadriennium
1014 2742 1156 2772 sollicite

149 2800 327 2830 noscimini
346 2799 526 2829 laborasse.
545 2798 600 2828 sed
625 2797 815 2826 nullatenus
832 2795 1038 2834 profecistis:
1055 2795 1155 2824 immo

146 2862 278 2883 sorores
294 2852 440 2891 predicte
456 2860 581 2887 omnes,
601 2855 709 2889 preter
726 2858 792 2879 sex.
819 2849 859 2878 ab
885 2848 999 2878 eodem
1023 2857 1155 2877 monas-

152 2906 245 2941 terio,
263 2905 343 2944 quia
359 2914 413 2935 eas
440 2909 485 2940 tu,
504 2904 607 2934 frater
625 2903 788 2941 episcope.
809 2901 941 2931 volebas
972 2900 1153 2935 includere,

150 2961 372 2988 recesserunt.
387 2957 482 2988 Unde
501 2956 596 2986 n'obis
613 2956 674 2986 fuit
686 2954 859 2985 humiliter
875 2953 1097 2992 supplicatum
1110 2957 1157 2982 ut.

1241 366 1314 387 cum
1340 360 1460 390 fratres
1486 361 1711 392 Predicatores
1735 362 1804 392 loco
1834 363 1904 401 ipso
1933 372 2027 401 egere
2054 368 2242 397 noscantur,

1241 419 1278 439 eo
1297 411 1382 449 quod
1397 411 1528 441 domum
1547 421 1660 442 eorum
1677 413 1801 443 destrui
1820 419 1955 452 oportet,
1976 420 2106 453 propter
2123 416 2245 445 fossata

1241 463 1385 493 civitatis
1402 465 1670 502 Argentinensis,
1695 476 1758 505 que
1781 476 1838 505 per
1863 467 2007 497 medium
2039 468 2176 498 ecclesie
2209 477 2244 498 a(-

1239 516 1446 546 officinarum
1469 518 1617 556 ipsorum
1635 519 1775 548 fratrum
1792 519 1966 557 dirigenda
1984 521 2146 556 videntur,
2167 530 2246 551 con-

1240 568 1311 598 cedi
1330 569 1378 599 eis
1394 570 1558 607 prefatum
1576 572 1825 601 monasterium.
1847 577 1876 601 et
1901 573 2046 601 redditus
2071 574 2141 611 ejus
2158 574 2246 603 inter

1239 622 1386 661 quinque
1415 622 1480 652 alia
1510 623 1658 658 cenobia,
1676 634 1738 663 que
1769 625 1807 654 de
1844 635 1927 655 novo
1954 631 2142 656 constructa
2168 632 2243 656 sunt

1235 675 1325 712 juxta
1350 684 1461 706 muros
1478 676 1623 706 civitatis
1641 677 1758 715 ipsius,
1783 678 1816 706 in
1844 679 1964 717 quibus
1989 679 2055 708 fere
2077 689 2181 718 usque
2204 680 2243 709 ad

1239 731 1402 757 trecentas
1419 737 1548 758 sorores
1566 729 1708 759 Domino
1719 729 1934 760 famulantur.
1949 731 2023 760 licet
2043 732 2094 760 vix
2111 736 2243 761 centum

1239 789 1275 809 ex
1306 781 1520 818 proventibus
1545 791 1658 812 eorum
1689 784 1869 813 sustentari
1904 784 2044 818 valeant,
2074 785 2241 818 distribui,

1238 834 1543 871 recompensatione
1571 835 1657 865 facta
1674 835 1812 866 ecclesie
1829 837 2067 873 Argentiuensi
2087 847 2143 875 pro
2157 838 2243 876 juri-

1239 885 1299 914 bus
1326 885 1390 915 sibi
1418 886 1457 915 ab
1489 887 1601 916 eodem
1642 889 1842 918 monasterio
1879 889 2011 920 debitis.
2044 891 2241 920 faceremus.

1238 938 1322 973 Quia
1338 947 1415 968 vero
1432 939 1527 969 nobis
1543 949 1607 969 non
1627 941 1774 970 constitit
1791 942 1829 971 de
1847 943 2030 980 premissis.
2049 943 2241 973 discretioni

1239 995 1356 1021 vestre.
1377 991 1415 1021 de
1432 1002 1495 1030 qua
1513 993 1659 1030 gerimus
1676 994 1709 1022 in
1725 995 1865 1024 Domino
1877 995 2030 1024 fiduciam
2048 996 2239 1034 pleniorem,

1238 1053 1295 1082 per
1313 1045 1492 1082 apostolica
1510 1046 1631 1084 scripta
1655 1047 1850 1078 mandamus
1879 1054 2054 1087 quatenus,
2074 1050 2101 1079 si
2119 1055 2167 1079 est
2183 1051 2240 1080 ita.

1238 1106 1337 1135 super
1366 1097 1432 1127 hiis
1453 1099 1647 1129 auctoritate
1680 1104 1792 1129 nostra
1819 1101 1905 1138 quod
1929 1102 2109 1131 secundum
2138 1103 2242 1132 Deum

1238 1150 1390 1188 expedire
1417 1150 1584 1185 videritis,
1617 1152 1791 1182 statuatis.
1826 1153 1984 1190 predictis
2015 1155 2184 1183 sororibus
2210 1156 2241 1184 iu

1238 1202 1313 1232 aliis
1331 1202 1412 1232 locis
1429 1203 1538 1232 ordini
1555 1213 1614 1233 suo
1632 1205 1895 1242 competentibus
1912 1206 2091 1236 collocatis.
2110 1207 2244 1237 Contra-

1238 1255 1379 1285 dictores
1399 1260 1460 1285 etc.
1483 1256 1575 1292 Quod
1601 1257 1629 1286 si
1653 1266 1716 1286 non
1745 1266 1870 1292 omnes,
1898 1263 1942 1288 tu.
1967 1259 2068 1289 frater
2089 1265 2149 1289 etc.
2170 1262 2241 1290 Dat.

1239 1308 1403 1343 Laterani,
1431 1309 1531 1338 xlm
1550 1308 1708 1339 kalendas
1728 1310 1887 1348 januarii.
1913 1320 1999 1341 anno
2023 1312 2208 1343 undecimo.
2232 1326 2244 1339 ι)

1257 1515 1260 1518 ,
1308 1500 1427 1528 3984

1275 1562 1418 1596 Episcopo
1435 1562 1569 1589 Cumano
1590 1565 1633 1595 (ε
1653 1564 1804 1593 Comensi)
1822 1565 1941 1591 mandat
1959 1570 2103 1599 quatenus
2119 1568 2246 1594 Rodulfo

1238 1611 1274 1637 de
1295 1611 1494 1640 Grifenstein,
1517 1612 1566 1645 qui
1592 1621 1690 1638 necem
1714 1612 1908 1647 {Bertholdi].
1926 1615 2077 1641 (suriensis
2100 1617 2245 1650 episcopi,

1742 1503 1861 1529 Latran.
1879 1504 1911 1529 23
1928 1504 2026 1530 decem
2034 1505 2081 1531 bre
2096 1506 2173 1532 1237.

1239 1661 1438 1689 commiserat,
1456 1661 1515 1687 lata
1532 1661 1560 1687 in
1574 1670 1640 1687 eum
1656 1663 1975 1690 excommunis-ationis
1994 1665 2141 1691 sententia
2161 1666 2246 1698 juxta

1240 1711 1363 1735 formam
1382 1709 1531 1736 Ecclesiae
1548 1711 1689 1737 relaxata.
1713 1711 1874 1737 terminum
1899 1714 2110 1739 transfretandi
2131 1714 2160 1740 in
2175 1714 2246 1741 Ter-

1239 1766 1301 1784 ram
1331 1758 1471 1785 Sanctam
1499 1767 1589 1792 usque
1616 1759 1652 1785 ad
1682 1759 1847 1793 proximum
1871 1762 1976 1787 festum
2001 1762 2077 1788 beati
2102 1758 2266 1790 Joliaunis'

1239 1806 1393 1840 Baptistae
1408 1810 1548 1840 proroget.
1564 1822 1595 1825 —
1611 1808 1697 1839 (um.
1716 1808 1759 1839 18,
1774 1810 1792 1834 s.
1811 1809 1861 1834 342
1878 1813 1914 1838 r’;
1932 1819 2000 1836 ann.
2020 1810 2072 1838 XI.
2090 1819 2114 1837 c.
2132 1811 2197 1838 323:
2214 1826 2245 1829 —

1240 1855 1397 1882 PorTnAsT
1411 1855 1513 1885 10490;
1534 1870 1563 1873 —
1583 1856 1765 1882 [zonas-aem
1786 1857 1854 1884 718:
1878 1872 1908 1875 —
1930 1858 1954 1884 J.
1979 1859 2162 1889 Bam-orm,
2181 1862 2246 1885 Acta

1241 1903 1402 1933 Pontifirum
1420 1904 1564 1933 [leli-ema,
1582 1908 1602 1930 t.
1624 1905 1634 1930 I
1655 1904 1756 1935 (1892),
1779 1913 1805 1938 p.
1829 1905 1889 1936 127,
1908 1906 2018 1937 11‘190;
2040 1922 2068 1924 -
2090 1909 2126 1933 ci.
2148 1916 2244 1940 snpra,

1240 1954 1268 1976 11⁰
1284 1951 1376 1981 2699.)

1282 2064 1293 2078 t<
1321 2053 1495 2090 ..episcopo
1533 2053 1680 2082 Cumano.
1717 2053 1888 2083 Intellecta
1920 2054 2042 2084 dudum
2074 2057 2244 2085 atrocitate

1240 2122 1288 2132 —.
1313 2105 1385 2134 Dat.
1414 2105 1585 2141 Laterani,
1614 2106 1644 2135 X
1670 2105 1827 2136 kalendas
1845 2107 2003 2145 januarii.
2029 2117 2115 2137 anno
2141 2109 2246 2139 unde-

1240 2166 1336 2187 cimo.
1356 2170 1369 2183 n

1310 2343 1427 2371 3985

1274 2405 1504 2439 Arcbiepiscopo
1532 2406 1717 2432 Narbonensi
1744 2407 1863 2433 mandat
1889 2412 2033 2441 quatenus
2055 2418 2085 2434 ea
2110 2417 2183 2441 quac
2209 2409 2244 2434 de

1741 2346 1861 2375 Latran,
1878 2346 1907 2372 21
1924 2346 2078 2373 decembre
2095 2347 2172 2373 1237.

1239 2452 1323 2479 bonis
1343 2454 1501 2480 comitatus
1518 2454 1654 2487 Melgorii
1677 2460 1703 2481 et
1723 2455 1836 2481 Montis
1858 2456 2014 2485 Feri-audi.
2034 2465 2118 2490 quem
2137 2466 2150 2483 a
2170 2457 2244 2483 Sede

1238 2501 1408 2534 Apostolica
1424 2502 1644 2533 Magalouensis
1660 2503 1812 2536 episcopus
1829 2504 1882 2529 sub
1895 2512 1993 2529 annuo
2009 2514 2096 2530 mensu
2115 2505 2242 2531 tenebat.

1240 2549 1346 2575 illi-:ite
1366 2549 1495 2575 alienata
1521 2551 1567 2576 rel
1595 2551 1704 2583 injusto
1730 2551 1878 2577 subtracta
1903 2552 2062 2580 invenerit.
2086 2553 2120 2578 ad
2146 2554 2192 2586 jus
2217 2559 2244 2580 et

1240 2598 1448 2631 proprietatem
1467 2598 1596 2631 ejusdcm
1614 2599 1770 2624 comitatus·
1789 2599 1875 2625 faciat
1894 2601 2034 2626 revocari.
2053 2615 2084 2618 —-
2099 2602 2184 2627 «Risu.
2202 2602 2244 2629 18.

1240 2647 1259 2671 i‘.
1273 2646 1376 2677 3421·⁰;
1391 2655 1460 2673 aun.
1480 2647 1532 2675 xl.
1545 2656 1569 2673 c.
1581 2648 1648 2676 321:
1664 2662 1693 2665 —
1706 2648 1838 2674 Monens
1853 2648 1929 2675 1191.
1945 2650 1963 2674 i.
1978 2649 2135 2675 4321—‹1-1'.
2150 2657 2244 2681 snpra,

1241 2702 1269 2720 n.
1287 2694 1355 2721 3925
1371 2699 1397 2721 et
1415 2695 1595 2721 3980-3982.)

1283 2807 1296 2821 ιι
1323 2818 1342 2823 ..
1367 2796 1591 2833 archiepiscopo
1610 2797 1806 2824 Narbonensi.
1826 2796 2035 2826 Venerabilis
2059 2797 2161 2827 frater
2175 2806 2248 2826 nos-

1242 2852 1290 2877 ter
1309 2870 1326 2876 ..
1347 2847 1593 2885 Magalonensis
1612 2849 1783 2886 episcopus
1810 2848 1903 2877 uobis
1928 2849 2098 2878 humiliter
2122 2850 2247 2888 suppli-

1241 2900 1326 2929 cavit
1343 2904 1389 2929 ut.
1409 2909 1483 2930 cum
1508 2901 1682 2930 comitatus
1702 2900 1854 2938 Melgorii
1871 2906 1899 2931 et
1928 2902 2048 2931 Montis
2072 2903 2242 2933 Feri-andi.

1240 2961 1339 2990 quem
1356 2953 1426 2990 ipse
1452 2953 1491 2982 ab
1508 2953 1696 2991 Apostolica
1719 2953 1801 2982 Sede
1823 2953 1883 2983 sub
1900 2963 2010 2983 annuo
2028 2964 2128 2984 censu
2147 2960 2245 2989 tenet,
