2423 3487
139 302 176 333 39
861 290 1097 322 lisoisTREs
1119 289 1174 318 DE
1197 282 1418 318 GREGOIRE
1443 289 1502 317 ix.
1970 291 1973 293 “
2196 287 2234 317 40

142 377 213 398 eam
238 365 409 396 tenebitis.
431 361 688 392 manutenebitis
710 364 739 389 et
762 357 963 397 sequemini,
987 365 1022 385 ac
1042 355 1142 384 ratio-

142 418 269 448 nabiles
297 415 548 445 constitutiones
564 414 667 442 factas
688 420 744 449 pro
762 411 833 448 ipsa
849 407 1067 439 ol‘›servabitis
1088 408 1142 435 fir-

142 471 240 500 miter
273 470 344 499 sine
381 467 514 496 fraude.
548 463 736 494 renovaturi
770 463 808 492 de
844 460 1073 500 quinquennio
1108 459 1142 487 in

143 521 407 561 quinquennium
424 517 612 556 hujusmodi
626 517 867 554 juramentum:
887 512 1143 543 contradictores

144 582 283 613 quoqne,
306 573 333 601 si
360 571 415 609 qui
444 569 577 603 suerint,
607 577 666 597 nec
696 576 760 596 non
788 567 971 596 turbatores
998 564 1088 602 pacis
1114 567 1145 592 et-

144 626 219 655 fidei
249 634 305 662 per
333 630 505 653 censuram
536 619 810 649 ecclesiasticam.
843 617 1062 655 appellatione
1092 624 1144 645 re-

144 682 241 710 mota,
262 683 462 712 compescas.
487 678 599 702 contra
617 672 762 710 ejusdem
781 670 870 708 pacis
888 674 917 699 ct
936 668 1010 698 fidei
1033 668 1145 697 turba-

144 734 229 758 tores
254 727 364 756 fideles
383 725 516 763 populos
537 729 620 753 terre
638 723 796 761 predicte,
817 722 844 751 si
872 730 1006 751 neccsse
1032 719 1143 753 fuerit,

144 791 200 819 per
222 779 448 810 remissionem
473 777 698 815 peccaminum
721 774 940 804 convocando.
959 772 1051 802 Nulli
1070 780 1146 809 ergo

145 834 232 872 [eto]
255 836 362 861 nostre
379 829 625 859 constitutionis
642 833 702 858 etc.
721 828 754 858 Si
773 827 847 865 quis
866 831 974 856 autem
991 829 1050 855 etc.
1071 826 1142 854 Dat.

147 885 292 917 Perusii,
310 885 388 914 Ylll
406 882 564 912 kalendas
580 881 675 917 maii,
697 890 783 910 anno
801 888 898 914 nono,
918 891 930 905 »

219 1088 337 1116 2528
709 1086 844 1116 Pe'rouse,
859 1084 892 1110 22
906 1083 982 1110 avril
998 1083 1076 1110 1235.

185 1151 287 1178 Eidem
306 1149 426 1176 mandat
440 1151 582 1182 quatenus
600 1147 739 1174 adversus
759 1146 922 1172 turbatores
939 1144 1018 1179 pacis
1037 1147 1063 1171 et
1082 1144 1150 1170 fidei

152 1200 180 1226 in
202 1207 287 1233 regno
303 1199 486 1231 Aragonum,
504 1205 570 1223 eum
587 1194 777 1228 suffraganeis
791 1194 865 1226 suis,
888 1193 1058 1225 abbatibus,
1080 1192 1151 1219 reli-

151 1248 238 1281 giosis
253 1250 281 1273 et
296 1247 364 1273 aliis
378 1246 450 1272 viris
466 1244 673 1272 ecclesiasticis
687 1242 858 1277 provinciae
873 1251 951 1270 suae.
969 1242 1027 1275 regi
1044 1242 1152 1275 Arago-

153 1305 234 1327 num,
249 1296 297 1330 qni
311 1296 347 1322 ad
368 1294 620 1328 impugnationem
638 1293 822 1326 Paganorum
839 1291 970 1318 totaliter
989 1299 1018 1317 se
1034 1298 1152 1316 conver-

152 1348 240 1375 terat,
263 1345 390 1371 assistat.
415 1358 446 1361 —
469 1343 554 1374 (Res.
580 1341 628 1372 18,
651 1342 670 1368 f.
694 1342 728 1368 17
753 1344 793 1371 1·⁰;
821 1349 890 1367 ann.
915 1340 972 1372 IX,
998 1348 1022 1366 e.
1044 1340 1096 1371 353
1121 1354 1152 1357 —

152 1395 285 1422 Monimo
302 1393 379 1425 1190,
395 1393 414 1419 t.
432 1392 506 1421 250.)

196 1514 208 1528 «
234 1501 347 1530 Eidem.
371 1499 518 1529 Munitus
540 1502 632 1528 scuto
646 1498 723 1528 fidei
740 1501 769 1527 et
786 1496 958 1534 religionis
975 1496 1156 1526 christiane

154 1555 282 1583 fervore
299 1560 489 1586 succensus,
506 1550 705 1580 karissimus
721 1550 756 1579 in
769 1549 901 1580 Christo
917 1549 1006 1579 filius
1021 1553 1156 1579 noster..

156 1607 345 1643 Aragonum
361 1613 415 1634 rex
429 1603 569 1633 illustris
584 1603 623 1632 ad
639 1602 922 1641 impugnationem
937 1604 1156 1640 Paganorum,

158 1663 210 1694 ut,
229 1659 266 1687 de
284 1658 429 1695 ipsorum
452 1661 536 1686 terra
555 1656 750 1685 infidelitate
768 1655 917 1693 depulsa,
936 1655 1062 1686 Christi
1078 1655 1158 1685 fides

160 1714 355 1749 propagetur
382 1709 515 1744 ibidem,
549 1708 693 1738 totaliter
719 1717 753 1738 se
779 1708 980 1738 convertisse
1008 1709 1157 1743 videtur3

159 1764 252 1803 cujus
270 1763 373 1793 zelum
392 1761 578 1800 Apostolica
595 1761 695 1791 Sedes
713 1761 897 1795 attendens,
915 1765 950 1790 ut
962 1761 1161 1799 possethuic

159 1817 284 1848 Christi
305 1815 440 1846 servitio
458 1815 597 1844 liberius
620 1814 809 1849 imminere,
830 1814 969 1844 indulsit
985 1814 1090 1844 eidem
1108 1819 1159 1849 ut,

162 1870 189 1900 si
204 1869 261 1908 qui
273 1869 302 1899 ei
317 1877 467 1905 guerram
484 1876 614 1897 movere
630 1871 868 1905 presumerent,
887 1876 924 1897 eo
936 1870 1050 1905 parato
1064 1876 1163 1906 super

160 1923 221 1952 hoc
239 1921 402 1951 mandatis
420 1920 565 1950 Ecclesie
584 1920 726 1954 obedire,
747 1920 1097 1950 excommunicationis
1113 1920 1162 1950 la-

160 1984 254 2014 queo,
271 1974 297 2003 si
317 1983 379 2003 non
396 1973 605 2007 desisterent,
626 1977 847 2008 necterentur,
863 1973 948 2003 bone
964 1974 1122 2004 memorie
1139 1997 1160 2003 ..

161 2027 390 2065 predecessore
411 2030 464 2055 tuo
487 2035 503 2055 a
521 2025 615 2055 nobis
634 2029 805 2055 executore
822 2025 1029 2063 indulgentie
1046 2026 1164 2064 hujus-

162 2079 249 2109 modi
267 2079 430 2116 deputato.
449 2078 529 2108 Cum
555 2082 664 2107 autem
682 2086 786 2116 nuper
805 2078 996 2108 duxerimus
1015 2082 1165 2108 statuen-

163 2132 254 2166 dum,
280 2132 363 2161 sicut
388 2131 421 2160 in
448 2130 523 2160 aliis
544 2130 676 2161 litteris.
704 2140 785 2169 quas
809 2131 869 2160 tibi
893 2131 1163 2166 transmittimus,

164 2185 361 2217 continetur,
376 2188 410 2213 ut
428 2188 458 2213 tu
477 2188 507 2213 et
524 2183 724 2221 suffraganei
742 2184 788 2213 tui
806 2188 879 2219 etc.,
900 2192 1006 2222 usque
1024 2194 1030 2213 :
1047 2193 1166 2214 convo-

165 2237 298 2269 cando¹,
318 2236 510 2265 mandamus
528 2241 705 2274 quatenus,
727 2237 755 2266 si
775 2237 831 2275 qui
853 2237 891 2266 de
906 2246 1006 2275 regno
1023 2242 1053 2267 et
1070 2238 1166 2267 terris

166 2290 236 2320 suis
253 2293 317 2318 tarn
334 2289 499 2319 temerarii
516 2289 636 2326 reperti
654 2289 787 2324 fuerint,
806 2290 964 2320 adversus
977 2289 1168 2329 hujusmodi

167 2345 421 2381 presumptores,
443 2345 473 2371 et
496 2351 552 2379 per
577 2351 782 2380 consequens
809 2343 995 2373 turbatores
1018 2344 1108 2382 pacis
1138 2349 1167 2374 et

168 2394 260 2429 fidei,
282 2398 315 2423 tu
339 2403 412 2423 cum
436 2395 655 2432 suffraganeis
677 2395 752 2430 tuis,
777 2396 962 2432 abbatibus,
985 2397 1067 2426 viris
1090 2397 1169 2427 reli-

168 2447 269 2485 giosis
294 2451 325 2476 et
347 2446 421 2476 aliis
445 2447 525 2477 viris
549 2447 782 2478 ecclesiasticis
804 2449 972 2486 provincie
993 2453 1058 2484 tue,
1077 2450 1170 2489 juxta

169 2500 306 2529 formam
322 2499 410 2537 pacis
428 2499 461 2528 iu
477 2499 597 2530 litteris
609 2501 781 2538 premissis
799 2510 996 2540 expressam,
1017 2503 1170 2540 spiritua-

170 2552 245 2581 liter
262 2557 291 2582 et
311 2552 531 2589 temporaliter
550 2553 618 2590 regi
634 2554 772 2584 assistas
791 2554 914 2590 eidem,
937 2555 1084 2593 quandiu
1101 2565 1171 2586 ser-

171 2605 250 2634 vitio
263 2605 418 2635 institerit
435 2606 632 2643 supradicto,
646 2606 691 2636 ita
703 2607 788 2645 quod
805 2611 891 2637 terra
906 2616 1018 2645 pacem
1032 2612 1061 2637 et
1075 2608 1172 2638 liber-

174 2662 272 2687 tatem
296 2657 440 2687 Ecclesie
463 2664 694 2697 consequatur,
711 2659 864 2698 idemque
885 2670 940 2690 rex
958 2660 1098 2691 liberius
1119 2670 1172 2691 as-

173 2714 337 2748 sumptum
359 2714 469 2740 contra
488 2712 637 2748 Paganos
654 2712 821 2749 negotium
840 2717 1078 2751 prosequatur3
1098 2723 1172 2752 pre-

173 2762 321 2792 sentibus
347 2767 417 2801 post
446 2764 713 2802 quinquennium
738 2765 875 2795 minime
905 2765 1068 2795 valituris.
1098 2767 1170 2795 Dat.

178 2811 315 2844 Perusii.
333 2815 362 2844 X
378 2814 535 2844 kalendas
552 2816 641 2851 maii,
664 2826 749 2845 anno
767 2826 863 2846 nono.
884 2829 896 2842 »

211 2945 228 2968 l.
244 2945 313 2974 voy.
330 2946 353 2967 la
368 2946 444 2969 lwttre
462 2947 634 2976 pri-cedente.

1297 354 1413 381 2529
1788 353 1925 385 PeTouse,
1941 352 1975 379 24
1990 353 2067 379 avril
2083 353 2162 380 1235.

1262 416 1421 443 Universos
1435 415 1547 443 Christi
1564 415 1664 442 fideles
1678 415 1709 441 in
1726 414 1938 441 Terraconensi
1954 414 2107 448 provincia
2123 415 2236 442 eonsti-

1226 467 1303 490 tutos
1324 466 1421 490 monet
1439 466 1466 490 et
1488 464 1621 490 hortat-ur
1641 466 1785 497 quatenus
1804 462 1839 489 ad
1863 462 2023 489 eruendam
2043 462 2079 489 de
2098 463 2235 490 manibus

1226 513 1385 545 impiorum
1404 512 1533 538 insulam
1553 512 1697 541 Hevizae,
1714 520 1802 545 regno
1818 510 2031 544 majoricarum
2048 511 2234 544 contiguam,

1226 564 1359 594 potenter
1388 569 1418 586 se
1439 560 1610 593 accingant,
1639 559 1835 593 indulgentiis
1864 559 1900 586 ad
1928 560 1982 585 hoc
2008 559 2175 593 propositis.
2201 574 2234 578 -

1226 610 1312 639 (ΗΕΘ.
1329 608 1373 641 18,
1391 608 1459 634 f.17
1474 611 1514 640 r⁰;
1531 617 1600 635 ann.
1618 609 1671 641 IX,
1688 616 1713 634 e.
1731 607 1780 639 36;
1794 622 1825 625 —
1837 607 1970 635 Monam
1986 607 2066 640 1190,
2084 609 2104 634 t.
2121 608 2189 640 2513
2203 622 2237 626 —

1227 657 1383 684 Por'rnasr
1395 656 1474 689 9886,
1489 656 1560 688 salso
1577 657 1680 688 initio.)

1270 769 1282 783 «
1306 757 1461 785 Universis
1481 757 1597 785 Christi
1616 757 1754 793 fidelibus
1782 758 1814 785 ῐη
1838 757 2054 785 Τειϊῑισοηωιςιῗ
2075 757 2241 794 provincia

1228 810 1410 838 constituti&
1440 809 1532 838 Sicut
1557 808 1636 838 olim
1662 809 1697 837 in
1720 827 1769 837 —.
1797 809 1905 845 Quare
1929 808 2069 838 dilectus
2098 809 2186 838 tilius
2219 832 2239 838 ..

1228 861 1487 891 Tem-aconensis
1517 861 1641 891 electus
1674 879 1713 882 -—
1748 861 1787 891 ad
1822 861 2076 899 expugnandum
2113 862 2242 892 Christi

1230 913 1473 952 blasphemum,
1494 913 1532 942 ad
1550 913 1782 951 extirpandum
1799 917 1943 943 veterem
1956 914 2138 943 Jebuseum
2155 918 2186 944 et
2202 914 2244 944 ad

1232 967 1411 997 eruendam
1424 967 1461 996 de
1474 966 1629 995 manibus
1644 966 1821 1004 impiorum
1834 965 1979 995 insulam
1992 966 2123 1000 Hevize,
2140 975 2243 1004 regno

1232 1020 1465 1058 Maior-icarum
1482 1019 1687 1055 contiguam,
1709 1019 1761 1048 cui
1779 1027 1815 1047 ex
1835 1028 1871 1048 ea
1892 1018 2004 1055 gravia
2020 1023 2172 1057 poterant
2187 1027 2245 1057 pe-

1232 1073 1337 1103 ricula
1354 1072 1546 1107 imminere,
1567 1076 1595 1101 et
1614 1080 1712 1110 quam
1731 1071 1948 1109 prophanatis
1965 1071 2167 1101 sanctuariis
2187 1072 2244 1102 de-

1235 1127 1339 1156 tinent
1361 1130 1571 1163 occupatam,
1594 1128 1744 1162 potenter
1767 1127 1798 1154 et
1822 1123 1963 1153 viriliter
1980 1133 2013 1153 se
2031 1124 2175 1162 accingit
2194 1141 2244 1153 —-.

1233 1180 1301 1209 Nos
1315 1179 1428 1216 itaque
1442 1195 1480 1199 —
1496 1177 1751 1207 universitatem
1767 1180 1912 1205 vestram
1930 1185 2115 1211 monemus,
2134 1176 2247 1206 horta-

1233 1240 1308 1260 mur
1325 1235 1355 1260 et
1371 1231 1585 1260 obsecramus
1604 1229 1638 1258 in
1655 1229 1807 1264 Domino,
1824 1229 1860 1257 in
1877 1229 2109 1259 remissionem
2125 1233 2248 1259 vestro-

1235 1293 1308 1313 rum
1334 1287 1543 1321 peccatorum
1568 1282 1782 1321 injungentes
1808 1286 1973 1320 quatenus
2000 1299 2053 1317 ——,
2078 1285 2250 1320 assumpta.

1236 1336 1297 1366 Dei
1317 1340 1496 1369 armatura,
1517 1334 1672 1364 videlicet
1695 1334 1790 1371 signo
1809 1334 1933 1369 crucis,
1959 1334 2163 1364 submittatis
2185 1334 2250 1364 hu-

1233 1389 1380 1428 jusmodi
1397 1388 1490 1418 oneri
1516 1387 1673 1417 humeros
1701 1387 1741 1416 ad
1765 1386 1978 1425 portandum,
2003 1387 2172 1425 negotium
2199 1387 2250 1425 ip-

1236 1451 1310 1472 sum
1325 1445 1564 1480 prosequentes
1579 1440 1722 1469 viriliter
1740 1443 1771 1470 et
1792 1444 1953 1478 potenter.
1974 1437 2137 1470 Omnibus
2157 1440 2248 1470 enim

1238 1495 1277 1524 de
1303 1493 1544 1524 Terraconensi
1570 1492 1741 1532 provincia
1765 1492 1823 1531 qui
1846 1501 1920 1522 eum
1945 1492 2017 1530 ipso
2039 1493 2074 1521 in
2097 1492 2250 1530 personis

1238 1547 1382 1586 propriis
1401 1550 1432 1576 et
1449 1546 1618 1584 expensis,
1637 1554 1674 1575 ac
1693 1545 1762 1575 hiis
1783 1545 1839 1584 qui
1862 1554 1927 1575 non
1949 1545 1984 1574 in
2005 1545 2157 1584 personis
2180 1545 2252 1576 suis

1239 1600 1319 1630 illuc
1339 1599 1472 1635 iverint,
1494 1599 1551 1629 sed
1573 1599 1742 1628 dumtaxat
1758 1598 1792 1627 in
1811 1598 1955 1636 propriis
1972 1598 2137 1636 expensis,
2158 1598 2254 1637 juxta

1240 1652 1434 1683 facultatem
1450 1657 1481 1682 et
1504 1651 1699 1690 qualitatem
1715 1659 1820 1685 suam,
1844 1650 1932 1680 viros
1951 1650 2088 1681 idoneos
2105 1651 2254 1681 destina-

1241 1706 1367 1741 verint,
1393 1709 1422 1736 et
1443 1705 1512 1735 illis
1534 1704 1691 1734 similiter
1707 1703 1782 1742 qui,
1803 1703 1879 1733 licet
1895 1703 1928 1732 in
1947 1703 2067 1733 alienis
2086 1703 2254 1742 expensis,

1241 1760 1277 1788 in
1292 1758 1436 1797 propriis
1454 1762 1565 1787 tamen
1589 1756 1740 1795 personis
1760 1756 1976 1792 accesserint,
1995 1756 2087 1786 illam
2103 1760 2256 1795 peccato-

1243 1821 1317 1841 rum
1333 1811 1465 1841 veniam
1484 1809 1708 1847 indulgemus,
1729 1818 1828 1848 quam
1844 1809 2092 1847 proficiscentes
2108 1809 2144 1839 in
2159 1809 2256 1847 regni

1244 1864 1477 1903 Majoricarum
1497 1863 1685 1893 subsidium
1703 1862 1904 1892 habuerunt.
1929 1862 2037 1901 Hujus
2054 1871 2184 1901 quoque
2203 1871 2257 1893 re-

1243 1917 1416 1947 missionis
1430 1916 1582 1946 volumus
1599 1919 1629 1945 et
1641 1915 1854 1945 concedimus
1871 1923 1942 1945 esse
1958 1914 2148 1953 participes,
2163 1914 2259 1954 juxta

1245 1970 1465 2008 quantitatem
1482 1969 1625 1999 subsidii
1643 1972 1674 1998 et
1687 1967 1872 1998 devotionis
1889 1968 2055 2002 affectum,
2070 1976 2185 1997 omnes
2199 1966 2258 2005 qui

1245 2023 1284 2053 de
1306 2023 1402 2052 bonis
1427 2022 1497 2052 suis
1516 2021 1596 2051 illuc
1621 2029 1765 2059 congrue
1782 2020 2039 2055 destinaverint,
2061 2025 2117 2050 aut
2132 2020 2167 2049 in
2189 2023 2258 2049 tam

1245 2077 1299 2114 pio
1316 2076 1448 2113 negotio
1465 2075 1643 2105 consilium
1662 2079 1693 2105 et
1709 2074 1870 2104 auxilium
1885 2073 2108 2112 impenderint
2124 2077 2259 2112 oportu-

1247 2138 1338 2159 num.
1357 2130 1431 2159 Dat.
1455 2128 1605 2163 Perusii,
1623 2129 1705 2158 VIII
1720 2127 1881 2157 kalendas
1899 2127 1997 2162 maii,
2018 2135 2105 2156 anno
2124 2134 2222 2156 nouo.
2241 2137 2256 2152 n

1321 2328 1441 2356 2530

1285 2391 1533 2425 Archiepiscopo,
1566 2390 1676 2416 decano
1707 2392 1736 2416 et
1762 2388 1970 2416 archidiacono
2000 2386 2260 2424 Corinthiensibus

1252 2440 1374 2467 mandat
1386 2442 1530 2474 quatenus
1541 2439 1695 2473 inquirant
1706 2438 1741 2465 de
1753 2437 1861 2465 unione
1872 2436 2063 2464 Abilonensis
2074 2435 2259 2469 episcopatus

1251 2491 1281 2516 et
1295 2489 1422 2516 aliorum
1443 2488 1559 2515 insulae
1577 2486 1818 2522 Nigripoutensis
1832 2494 1899 2512 eum
1914 2485 2085 2519 episcopatu
2097 2483 2261 2518 Nigripon-

1252 2537 1329 2564 tensi
1354 2537 1522 2571 improvide
1548 2537 1637 2569 taeta,
1665 2535 1891 2570 procurantibus
1920 2534 2054 2568 episcopo
2079 2535 2107 2559 et
2129 2532 2262 2567 capitulo

1252 2585 1544 2620 Nigripontensibus,
1568 2593 1619 2619 per
1640 2581 1840 2619 J[ohannem],
1865 2582 1947 2610 tituli
1970 2582 2096 2609 Sanctae
2117 2580 2262 2608 Praxedis

1254 2634 1459 2668 presbyterum
1480 2633 1679 2666 cardinalem,
1695 2631 1890 2667 apostolieum
1912 2631 2052 2665 legatum.
2071 2644 2102 2648 —-
2119 2629 2205 2660 (Rae.
2217 2629 2262 2662 18,

1255 2684 1274 2709 f.
1287 2683 1320 2709 17
1330 2686 1373 2714 x·⁰;
1391 2691 1460 2710 ann.
1479 2682 1532 2715 IX,
1549 2690 1574 2708 e.
1592 2682 1648 2712 37.)

1812 2327 1949 2358 Perouse,
1966 2325 2000 2352 27
2015 2325 2092 2353 avril
2107 2325 2186 2352 1235.

1685 2782 1797 2810 decano
1819 2785 1844 2810 ct
1869 2803 1888 2808 ..
1914 2779 2134 2809 archidiacono
2155 2778 2266 2808 Corin-

1256 2837 1434 2865 !lziensibus.
1454 2835 1575 2865 Dilecti
1595 2834 1657 2863 filii
1681 2833 1863 2872 capitulum
1884 2836 1915 2862 et
1939 2831 2063 2866 elerici,
2087 2830 2211 2860 milites
2233 2833 2266 2860 et

1256 2888 1314 2917 alii
1325 2877 1528 2918 habitatores
1541 2887 1772 2921 Abilonenses,
1789 2885 1985 2915 transmissa
1998 2884 2093 2914 nohis
2107 2882 2266 2921 petitione

1258 2945 1483 2971 monstrarunt
1504 2940 1605 2979 quod,
1628 2948 1702 2969 cum
1723 2939 1757 2968 in
1779 2938 1889 2968 insula
1907 2936 2158 2975 Nigr-ipontensi
2178 2935 2268 2966 exis-

1296 2795 1309 2809 «
1336 2806 1355 2811 ..
1379 2784 1615 2820 archiepiscopo,
1641 2804 1659 2810 ..
