2423 3487
171 261 223 290 891
890 256 1126 287 neois'rnsss
1149 253 1202 283 DE
1226 244 1446 282 GREGOIRE
1471 253 1528 282 ix.
2201 249 2258 278 892

172 330 268 359 tando
286 334 423 366 segetes,
443 327 640 357 succidendo
654 327 766 355 vineas
784 330 812 355 et
831 324 975 357 arbores,
993 320 1168 352 cremando

171 382 297 412 editieia
324 386 350 411 et
384 381 447 410 alia
471 380 616 410 crudelia
643 378 892 408 committendo:
922 376 1108 413 multosque
1132 382 1167 402 ex

171 434 361 463 hominibus
380 433 516 462 ecclesie
533 431 755 462 Yercellensis
775 431 887 469 jurare
908 434 942 458 ut
964 426 1117 466 potestati
1140 430 1166 453 ‹·t

170 486 334 515 communi
359 485 627 515 Vercellensibns
656 484 845 513 obedirent.
874 487 904 511 et
927 481 1099 511 subessent
1123 478 1169 508 eis

170 539 276 576 quoad
290 538 557 576 jurisdictionem
574 538 608 566 in
626 536 792 566 omnihus.
809 534 1048 572 compulerunt.
1063 532 1169 567 Quare

172 597 204 621 tn
224 596 334 620 contra
348 591 450 620 dictos
466 594 658 628 potestatem
677 594 705 618 et
724 588 913 626 civesjuxta
932 584 1077 615 mandati
1095 592 1169 612 nos-

173 644 212 673 tri
232 643 351 673 seriem
368 642 571 681 processisti.
592 642 657 679 Ipsi
676 651 751 670 vero
768 658 815 670 —,
835 639 1030 677 iniquitates
1048 635 1170 674 iniqni-

172 696 292 725 tatilms
319 695 536 729 cumulantes,
562 693 742 723 venetal‘tili
766 693 892 729 f[1·atre]
916 695 1064 720 nostro..
1084 688 1171 726 epis-

171 758 248 786 copo
265 748 467 777 Vercellensi
487 747 639 777 veniendi
658 747 697 775 ad
715 755 772 775 nos
792 746 825 774 in
843 745 962 773 itinere
980 742 1168 773 constituto.

171 806 289 831 terram
306 801 409 838 ipsius
428 800 645 837 multiplicato
662 799 805 828 exercitu
823 797 952 834 ingredi
967 803 1170 834 presumpse-

171 858 257 882 runt.
276 862 322 882 ae,
343 853 488 881 turribus
506 852 543 881 de
562 851 744 890 Andurn[o]
769 855 798 879 et
820 850 857 879 de
881 849 1049 879 Clavatia¹
1075 855 1169 876 occu-

171 906 266 943 patis.
294 910 324 934 et
351 905 484 934 obsesso
516 909 622 933 castro
654 899 811 939 Bugelle²
844 901 980 940 predicti
1013 899 1168 938 episcopi,

171 958 290 987 multos
321 967 357 987 ex
384 957 575 986 hominibus
611 956 755 994 episcopi
788 955 909 984 duxere
939 953 1102 991 captivos,
1135 961 1171 981 ac

171 1010 346 1040 nonnullos
360 1011 456 1039 etiam
471 1009 697 1047 compulerunt
716 1008 801 1047 qnod
814 1017 872 1037 sne
883 1007 1055 1037 subessent
1068 1005 1171 1044 juris-

170 1063 316 1096 dictioni,
332 1064 463 1101 jnrare;
486 1067 525 1097 et,
545 1062 629 1100 qnod
660 1067 704 1091 est
734 1061 847 1090 auditu
872 1059 1042 1091 horribile,
1072 1067 1169 1097 quas-

169 1117 242 1145 dam
260 1116 466 1145 destruentes
484 1115 640 1145 ecclesias
657 1124 692 1143 ac
720 1114 894 1152 nephanda
916 1112 1020 1142 multa
1041 1112 1074 1140 in
1099 1111 1171 1149 plu-

168 1169 261 1198 ribus
284 1169 433 1198 ecclesiis
460 1168 718 1199 connnittentes,
746 1166 941 1205 quamplura
970 1164 1172 1194 monasteria

169 1226 234 1251 tam
258 1222 401 1251 civitatis
431 1230 527 1259 quam
558 1221 697 1250 diocesis
729 1219 987 1256 Vercelle1‘1[sis],
1026 1227 1088 1256 qne
1117 1217 1172 1247 de-

168 1275 276 1304 ferre3
306 1274 475 1303 machinas
507 1274 546 1303 ad
572 1273 789 1302 obsidendum
820 1277 923 1301 terras
954 1271 1104 1303 ecclesie,
1135 1280 1171 1300 ac

169 1327 325 1366 quosdam
343 1327 490 1358 clericos,
509 1327 565 1365 qni
582 1330 761 1356 rennerunt
780 1334 889 1355 eoram
906 1324 1103 1354 officialibus
1121 1333 1172 1362 po-

168 1381 296 1410 testatis
313 1385 399 1410 stare
413 1381 548 1419 jndicio,
574 1384 846 1418 presumpserunt
862 1379 971 1408 banno
988 1387 1171 1416 supponere

169 1434 323 1464 civitatis,
352 1442 387 1462 ac
417 1433 562 1470 recipere
592 1432 750 1470 quosdam
776 1432 928 1461 homines
954 1436 984 1461 et
1012 1430 1172 1460 vassallos

169 1486 305 1517 ecclesie
336 1487 370 1515 in
401 1486 470 1515 loco
505 1486 624 1515 casalis
655 1485 767 1514 sancti
795 1485 906 1514 Evasii
934 1489 964 1514 et
990 1484 1080 1520 alibi,
1108 1493 1171 1514 non

170 1539 292 1577 absque
310 1539 415 1577 ipsius
433 1539 523 1576 gravi
544 1538 736 1577 prejudicio,
765 1538 798 1566 in
824 1547 900 1567 suos
922 1537 1125 1567 habitatores
1143 1542 1173 1567 et

170 1593 275 1627 cives,
296 1592 449 1621 omnibns
478 1591 607 1621 clericis
630 1591 829 1628 generaliter
855 1590 1029 1620 ecclesiam
1058 1590 1174 1620 desen-

171 1645 335 1679 dentibus,
362 1645 507 1673 bannum
532 1649 560 1673 et
583 1644 815 1673 exterminium
840 1652 876 1673 ac
903 1643 1054 1681 rapinam
1076 1643 1173 1672 bono-

172 1706 244 1726 rum
262 1697 409 1727 omnium
427 1697 672 1731 comminando,
698 1698 785 1726 facta
804 1696 1042 1726 nichilominus
1061 1696 1174 1734 prohi-

172 1750 306 1785 bitione,
339 1750 398 1778 snb
433 1750 523 1786 gravi
549 1750 667 1784 banno,
706 1749 868 1778 militibus
899 1754 929 1778 et
959 1748 1174 1787 popularibus

174 1802 325 1831 vassallis
345 1802 493 1833 ecclesie,
512 1812 547 1831 ac
567 1802 719 1831 omnibus
736 1811 793 1831 suc
807 1802 1034 1840 jurisdictioni
1050 1802 1174 1840 san'ec-

176 1855 227 1889 tis,
242 1864 281 1883 ne
296 1855 370 1892 quis
387 1855 531 1892 episcopi
548 1855 652 1885 adiret
669 1855 880 1892 presentiam,
901 1855 951 1884 vel
969 1855 998 1884 ei
1016 1859 1175 1892 prestaret

174 1907 361 1942 consilinm,
388 1908 547 1937 auxilium
566 1912 594 1937 et
612 1908 769 1942 favorem,
801 1908 924 1946 absque
956 1908 1091 1938 licentia
1121 1917 1176 1946 po-

176 1960 314 1989 testatis.
334 1960 423 1990 Licet
441 1970 516 1998 ergo
538 1970 653 1998 graves
677 1961 741 1989 sint
763 1970 916 1990 excessus
938 1960 1129 1999 hujusmodi
1147 1966 1178 1990 et

176 2022 326 2042 enormes
343 2031 390 2048 —,
409 2014 487 2051 quia
506 2018 613 2043 tamen
631 2031 667 2034 —
689 2023 744 2043 eos
768 2014 892 2051 penitet
922 2014 959 2043 de
990 2014 1178 2044 commissis

177 2082 224 2101 —,
243 2070 284 2101 et,
313 2066 351 2094 ad
379 2066 571 2103 diligentem
589 2067 879 2096 commonitionem
898 2071 998 2101 tuam,
1024 2067 1064 2096 ad
1085 2076 1179 2096 man-

177 2118 289 2147 datum
314 2118 458 2148 Ecclesie
481 2119 652 2148 humiliter
678 2119 864 2154 redeuntes,
882 2120 1009 2158 precise
1031 2125 1062 2150 et
1084 2120 1180 2149 abso-

178 2170 245 2200 lute
261 2171 299 2200 de
317 2171 431 2200 stando
449 2172 612 2201 mandatis
630 2173 752 2202 nostris
774 2177 804 2201 et
821 2173 971 2211 jamdicti
988 2173 1179 2203 Vei-cellen-

180 2224 226 2253 sis
241 2224 382 2262 episcopi
393 2225 607 2263 jin-averunt:
626 2235 683 2255 nos
696 2226 937 2255 —mandanlus
952 2231 1116 2264 quatenus
1129 2244 1178 2259 ——‚

182 2276 242 2305 suh
261 2277 369 2305 debito
387 2278 516 2314 prestiti
529 2278 722 2316 juramenti,
741 2284 771 2308 et
793 2283 939 2308 tenutam
957 2279 1179 2309 munitionum

183 2337 218 2358 ac
236 2333 299 2358 tam
318 2330 568 2367 pignoraticiam
588 2340 684 2368 quam
714 2331 955 2370 fidejussoriam
972 2332 1010 2362 dc
1038 2332 1181 2370 parendo

184 2382 308 2420 precise
326 2383 489 2412 mandatis
508 2384 630 2413 nostris
647 2389 677 2413 et
694 2384 800 2422 ipsius
816 2384 972 2422 episcopi,
992 2385 1031 2413 al]
1049 2385 1096 2415 eis
1112 2386 1181 2416 exi-

184 2444 239 2473 gas
258 2435 475 2465 sufficientem
507 2440 537 2465 ct
564 2436 715 2465 idoneam
741 2437 939 2472 cautionem,
967 2446 1181 2475 processurus

182 2487 388 2526 postmodnm
407 2488 446 2516 ad
476 2488 630 2518 mandata
655 2490 818 2524 facienda,
841 2499 903 2528 qne
928 2490 987 2519 tibi
1011 2491 1072 2520 sul)
1092 2490 1182 2520 bulla

183 2545 294 2570 nostra
319 2540 481 2570 mittimus
506 2541 718 2571 interclusa⁴.
742 2543 870 2578 Quibus
893 2543 987 2572 sactis
1011 2547 1041 2573 et
1069 2543 1182 2573 devote

182 2593 327 2631 repletis,
346 2597 377 2622 et
400 2602 462 2631 que
489 2594 661 2632 adimpleri
692 2599 856 2633 poterunt,
883 2595 1082 2634 adimpletis,
1108 2606 1182 2634 pre-

182 2647 301 2675 missas
337 2646 504 2676 interdicti
541 2652 571 2677 et
605 2648 956 2678 excommunicationis
986 2650 1180 2679 sententias.

216 2785 234 2808 t.
250 2785 551 2808 Andorno-Cacciorna
568 2789 593 2808 et
608 2785 769 2814 (stativum,
787 2793 863 2815 prov.
880 2786 913 2810 de
930 2786 1047 2812 Novare.

213 2830 235 2852 2.
254 2829 348 2855 Btetta,
363 2837 437 2859 prov.
454 2830 486 2852 de
503 2830 618 2853 Novaro.

216 2875 236 2895 3.
257 2873 275 2895 ll
295 2874 351 2895 faut
368 2874 499 2896 entendre
519 2880 523 2896 :
542 2876 648 2900 deferre
666 2877 833 2897 rennerunt.

215 2916 238 2939 4.
255 2916 296 2939 Cf.
313 2916 336 2938 la
353 2915 427 2945 piece
446 2917 582 2940 suivante.

1249 318 1340 357 juxta
1358 318 1495 348 sormam
1512 318 1668 353 Ecclesie,
1689 326 1725 347 ac
1742 317 1806 347 alia
1820 316 2005 352 interdicta,
2018 315 2260 354 prohibitiones

1253 379 1310 400 seu
1330 371 1485 400 mandata
1510 372 1596 400 sacta
1617 374 1730 400 contra
1756 379 1821 404 ρος,
1841 369 1974 399 studeas
1992 368 2149 398 relaxare.
2166 368 2259 404 Quod

1253 423 1281 452 si
1304 428 1450 461 prestare
1475 423 1643 453 noluerint
1677 422 1868 462 hujusmodi
1905 422 2087 456 cautiones,
2118 421 2180 455 vel,
2211 421 2258 450 eis

1252 476 1411 514 prestitis,
1442 476 1597 505 mandata
1626 476 1772 514 recipere
1803 484 1861 505 seu
1892 479 2020 513 recepta
2054 473 2261 511 neglexerint

1253 528 1444 566 adimplere,
1464 533 1509 559 tn.
1534 537 1588 558 eos
1608 529 1756 567 perjuros
1773 537 1830 566 per
1846 532 1946 557 totam
1962 527 2193 557 Lombardiam
2209 527 2260 556 fa-

1254 581 1345 610 ciens
1366 581 1526 611 nuntiari.
1545 581 1702 619 procedas
1719 585 1832 610 contra
1858 589 1913 610 eos
1931 581 2023 619 juxta
2040 580 2259 618 posteriorum

1254 633 1454 663 directarum
1483 634 1523 663 ad
1554 638 1582 663 te
1610 633 1850 663 continentiam
1868 633 2066 663 litterarum.
2092 632 2257 666 Ceterum,

1254 695 1327 715 cun]
1351 686 1440 716 Oddo
1471 687 1649 724 predictus,
1678 687 1811 725 qnidam
1842 686 1965 716 milites
1994 691 2024 715 et
2046 686 2174 724 judices
2202 685 2260 724 qni

1254 747 1327 768 cum
1352 748 1389 768 eo
1405 739 1439 768 in
1456 740 1619 777 regimine
1638 740 1829 775 extiterunt,
1848 749 1907 769 nec.
1929 748 1992 769 non
2013 743 2043 768 et
2060 738 2259 776 principales

1255 796 1405 822 auctores
1432 797 1462 822 et
1490 797 1680 822 executores
1697 797 1894 822 statutorum
1915 792 2105 830 hujusmodi
2131 791 2260 830 iniqtto-

1255 853 1338 879 rum,
1359 854 1395 874 ac
1419 846 1591 875 manifesti
1617 850 1844 884 persecutores
1869 845 2007 875 ecclesie
2023 844 2258 877 Vercellensis,

1255 906 1337 936 quos
1355 898 1442 927 idem
1460 899 1634 936 episcopus
1654 899 1783 928 duxerit
1808 898 2038 932 nominandos,
2057 898 2091 926 in
2108 897 2168 927 hoc
2186 906 2261 935 gra-

1256 951 1327 981 vius
1348 952 1467 981 ceteris
1487 952 1718 985 excessissent,
1742 951 1896 982 nolunms
1918 961 1975 990 per
1997 956 2025 981 te
2044 951 2127 981 latas
2147 951 2180 980 in
2205 959 2262 981 eos

1255 1004 1438 1033 sententias
1469 1004 1620 1040 relaxari,
1654 1004 1711 1034 sed
1739 1009 1775 1034 ut
1804 1004 1983 1042 apostolico
2012 1013 2046 1033 se
2071 1003 2262 1041 conspectui

1254 1056 1474 1096 personaliter
1490 1061 1729 1095 representent,
1747 1057 1966 1087 absolutionis
1985 1066 2002 1086 a
2026 1057 2120 1086 nobis
2137 1056 2263 1086 heneti-

1255 1109 1341 1139 cium
1358 1109 1507 1147 petituri,
1525 1118 1561 1139 ac
1580 1110 1744 1147 recepturi
1766 1110 1922 1139 mandata
1940 1119 2015 1148 que,
2044 1109 2263 1139 consideratis

1255 1163 1528 1197 circumstantiis,
1549 1163 1596 1192 eis
1615 1163 1806 1193 duxerimus
1823 1163 1985 1198 facienda,
2004 1163 2079 1192 data
2096 1163 2136 1192 ab
2159 1163 2206 1193 eis
2223 1163 2262 1193 de

1255 1216 1399 1254 parendo
1416 1216 1543 1254 precise
1560 1216 1725 1245 mandatis
1747 1216 1881 1250 nostris,
1901 1220 1967 1245 tam
1994 1216 2213 1254 pignoraticia
2232 1220 2264 1246 et

1254 1269 1473 1307 fidejussoria,
1493 1278 1591 1307 quam
1615 1268 1698 1298 alias
1717 1269 1896 1299 sufficienti
1915 1273 1945 1298 et
1961 1269 2079 1298 idonea
2097 1269 2261 1299 cantione.

1255 1322 1289 1352 Si
1307 1330 1383 1351 vero
1402 1322 1515 1351 venire
1538 1321 1744 1359 neglexerint
1769 1322 1859 1351 infra
1883 1326 2120 1360 competentem
2149 1322 2264 1352 termi—

1255 1384 1334 1404 num
1351 1384 1369 1404 a
1389 1379 1418 1405 te
1436 1375 1662 1413 prefigendum
1688 1375 1823 1410 eisdem,
1842 1375 2022 1405 secundum
2041 1375 2261 1413 predictarum

1254 1429 1440 1459 litterarum
1465 1428 1707 1459 continentiam
1737 1429 1771 1458 in
1803 1438 1857 1458 eos
1887 1429 2061 1467 procedere
2085 1437 2150 1458 non
2178 1433 2263 1467 post-

1254 1491 1367 1520 ponas.
1394 1482 1487 1518 Quod
1507 1482 1546 1516 si,
1565 1486 1697 1520 propter
1723 1482 1851 1512 viarum
1873 1482 2069 1512 discrimina
2094 1481 2143 1512 vel
2166 1481 2261 1516 alias,

1255 1535 1346 1565 adire
1372 1535 1489 1565 Sedem
1515 1535 1738 1573 Apostolicam
1760 1535 1997 1574 impedimento
2020 1535 2168 1573 legitimo
2190 1535 2263 1565 fue-

1255 1588 1322 1618 rint
1341 1588 1513 1626 prepediti,
1533 1593 1567 1618 ut
1590 1588 1836 1618 confundantur
1859 1588 1893 1617 in
1912 1597 1949 1618 eo
1972 1589 2006 1617 in
2025 1597 2089 1627 quo
2107 1592 2171 1618 tam
2189 1597 2264 1626 gra-

1256 1641 1340 1671 viter
1357 1641 1579 1679 deliquerunt,
1600 1646 1731 1679 recepta
1751 1641 1790 1671 ab
1812 1642 1860 1671 eis
1882 1641 2072 1680 hujusmodi
2098 1641 2263 1676 cautione,

1257 1693 1303 1723 sic
1321 1693 1513 1724 notabiliter
1536 1698 1566 1723 et
1590 1694 1636 1723 sic
1655 1694 1786 1732 publice
1809 1694 1891 1732 ipsis
1918 1694 1952 1723 in
1982 1693 2052 1724 loco
2072 1694 2127 1723 ubi
2158 1694 2266 1731 magis

1257 1746 1408 1784 expedire
1428 1746 1562 1779 videris,
1577 1746 1671 1785 juxta
1691 1747 1830 1776 sortitam
1851 1746 1997 1776 Ecclesie
2021 1756 2142 1776 munus
2169 1747 2265 1776 abso-

1257 1799 1395 1829 lutionis
1412 1799 1595 1838 impendas,
1625 1804 1655 1829 et
1680 1799 1776 1829 talem
1796 1799 2013 1838 penitentiam
2032 1799 2182 1837 imponas
2200 1799 2268 1829 eis-

1258 1853 1343 1887 dem,
1378 1853 1464 1891 quod
1493 1862 1527 1883 se
1559 1853 1690 1883 doleant
1722 1853 1840 1883 merito
1870 1853 1950 1882 talia
1979 1853 2197 1883 commisisse.
2230 1862 2267 1882 ac

1259 1906 1403 1935 facilitas
1433 1906 1527 1935 venie
1557 1906 1762 1935 incentivum
1791 1915 1856 1935 non
1885 1906 2006 1935 tribnat
2037 1905 2264 1944 delinquendi.

1260 1960 1333 1988 Dat.
1353 1959 1519 1994 Laterani,
1538 1958 1649 1988 idibus
1668 1957 1841 1993 februarii,
1858 1967 1944 1988 anno
1961 1958 2144 1988 undecimo.
2173 1970 2185 1985 »

1332 2123 1452 2151 4085

1298 2186 1414 2218 Eidem,
1432 2186 1467 2212 de
1489 2186 1588 2212 eadem
1612 2194 1641 2212 re
1662 2186 1803 2218 scribens,
1827 2186 2005 2219 singillatim
2028 2189 2179 2220 percenset
2195 2194 2270 2220 quae

1262 2223 1504 2261 Vercellensibns
1535 2235 1703 2268 praecipere
1727 2235 1841 2261 debeat.
1870 2249 1900 2252 —
1925 2235 2011 2266 (lim.
2038 2234 2081 2267 18,
2103 2235 2122 2261 f.
2149 2234 2200 2261 359
2225 2237 2270 2266 r⁰·,

1263 2292 1332 2310 ann.
1351 2284 1403 2315 XI,
1423 2292 1446 2309 c.
1467 2284 1542 2314 393.)

1813 2124 1934 2157 Latran,
1950 2124 1982 2150 13
1997 2124 2105 2150 t'evrier
2119 2123 2196 2150 1238.

1305 2397 1317 2411 «
1343 2385 1459 2413 Eidem⁴
1477 2384 1560 2414 Cum
1583 2384 1617 2413 in
1643 2384 1885 2418 Vei-cellenses,
1903 2393 1962 2423 pro
1980 2394 2017 2415 eo
2033 2384 2119 2423 quod
2135 2388 2271 2420 statuta,

1265 2446 1323 2467 sen
1349 2437 1582 2467 destitutiones
1604 2438 1726 2475 potius,
1757 2437 1931 2468 ediderunt
1958 2442 2072 2467 contra
2096 2437 2270 2468 ecclesiam

1264 2489 1522 2524 Vercellensem,
1540 2494 1571 2519 et
1587 2495 1718 2528 propter
1732 2491 1910 2520 manifesta
1926 2491 2067 2529 dampna
2083 2495 2114 2520 et
2130 2490 2273 2529 injurias

1264 2542 1375 2572 illatas
1398 2543 1581 2573 venerabili
1600 2543 1697 2573 fratri
1718 2548 1830 2574 nostro
1851 2567 1870 2573 ..
1897 2544 2049 2582 episcopo
2066 2543 2274 2574 Vercellensi

1266 2600 1296 2625 et
1315 2595 1420 2625 eidem
1444 2595 1594 2631 ecclesie,
1617 2606 1653 2626 ac
1678 2597 1809 2627 clericis
1836 2601 1867 2627 et
1895 2596 2087 2626 hominibus
2111 2597 2268 2635 ipsorum,

1266 2648 1461 2677 auctoritate
1473 2649 1653 2686 apostolica
1669 2658 1810 2680 censura
1825 2649 2051 2680 ecclesiastica
2067 2649 2110 2679 sit
2125 2649 2271 2688 prolata:

1265 2701 1429 2739 precipias
1444 2702 1512 2742 eis,
1540 2702 1601 2732 sub
1621 2702 1731 2732 debito
1754 2703 1885 2741 prestiti
1904 2703 2097 2742 juramenti,
2116 2706 2163 2738 ut,
2183 2702 2275 2732 omni

1266 2753 1425 2784 dilatione
1442 2763 1479 2784 ac
1495 2755 1706 2786 excusatione
1725 2756 1946 2792 cessantibus,
1964 2756 2122 2786 universa
2151 2760 2274 2786 statuta

1267 2811 1380 2836 contra
1403 2807 1663 2838 ecclesiasticam
1689 2808 1887 2845 libertatem,
1908 2809 1985 2848 jura
2008 2813 2040 2839 et
2065 2808 2278 2848 jurisdictio-

1268 2868 1343 2889 nem
1360 2859 1568 2897 spiritualem
1587 2869 1645 2891 seu
1663 2861 1886 2900 temporalem,
1909 2861 2069 2892 honorem
2085 2870 2122 2891 ac
2136 2861 2274 2892 liberta-

1268 2917 1333 2942 tem
1359 2912 1509 2950 ipsorum
1535 2913 1680 2953 episcopi
1709 2918 1740 2944 et
1771 2914 1921 2950 ecclesie,
1953 2923 1990 2944 ac
2020 2913 2215 2945 clericorum
2243 2919 2280 2944 et.
