2519 3518
193 278 249 308 505
1052 269 1238 306 mmeE
1260 267 1420 305 ANNEE.
2223 277 2280 307 506

187 343 283 383 juxta
297 342 444 381 priorum
461 342 699 372 continentiam
714 341 912 377 litterarum,
924 346 965 377 et,
977 351 1039 380 que
1057 342 1194 372 invene-

191 396 277 432 ritis,
293 395 389 425 nobis
405 396 525 426 vestris
538 395 660 426 litteris
678 395 818 425 fideliter
834 396 1039 431 intimantes,
1054 396 1194 434 prefige-

191 448 272 479 retis
289 447 396 478 eidem
412 447 524 477 abbati
540 448 719 478 terminum
736 452 986 486 competentem.
1002 457 1066 487 quo
1082 452 1194 478 nostro

192 509 228 532 se
243 500 434 538 conspectui
452 504 668 538 presentaret,
686 509 744 539 pro
761 500 888 530 meritis
904 504 1106 539 recepturus,
1125 510 1195 530 mo-

193 553 298 583 nacho
315 562 445 591 quoque
462 553 631 590 negotium
648 553 861 591 prosequenti
878 553 1062 583 moderatas
1079 562 1195 591 expen-

192 614 247 636 sas
262 605 448 635 ministrari
465 605 503 635 de
519 606 618 636 rebus
635 605 783 644 ejusdem
799 606 993 636 monasterii
1016 605 1166 636 faciendo
1187 616 1192 634 :

192 659 272 697 quia
288 667 325 688 ex
341 662 433 696 parte
449 658 528 688 dicti
544 658 673 688 abbatis
690 658 796 688 eidem
815 658 979 693 Guntero,
997 662 1034 688 ut
1059 667 1133 688 enm
1155 658 1195 688 ab

192 708 384 748 hujusmodi
412 710 642 747 prosecutione
674 709 864 747 repelleret,
900 710 1196 740 excommunicatio

194 761 336 800 quedam
351 761 418 792 lata
439 762 474 791 in
496 762 605 800 ipsum
627 762 666 792 ab
687 763 734 795 R,
754 762 889 801 Majoris
910 762 1071 799 Ecclesie,
1091 772 1127 792 ac
1144 763 1193 798 R,

193 815 312 845 Sancte
329 815 433 845 Marie
449 815 618 845 canonicis
634 815 931 854 Treveren[silnis],
947 816 986 845 ad
1000 825 1082 854 quos
1098 825 1196 854 snper

192 867 369 906 prestanda
395 867 459 897 sibi
481 867 670 897 obedientia
690 871 721 897 ct
747 868 931 898 reverentia
958 872 989 898 et
1014 868 1089 898 aliis
1115 868 1196 897 arti-

193 919 278 949 culis
308 924 439 949 nostras
466 920 595 950 litteras
620 920 828 958 impetrarat,
858 925 888 950 et
913 921 977 950 alia
1002 921 1097 959 plura
1123 921 1196 951 fue-

193 977 271 1002 runt
298 972 440 1011 objecta,
477 981 550 1008 vos,
584 973 617 1001 in
650 973 781 1009 negotio
812 973 988 1011 principali
1020 973 1196 1012 procedere

195 1025 400 1060 omittentes,
421 1026 509 1064 qnod
531 1034 629 1064 super
651 1025 712 1056 hoc
733 1031 819 1055 esset
842 1026 1031 1056 faciendum
1052 1036 1069 1055 a
1090 1027 1194 1059 vobis,

193 1077 360 1116 petivistis
380 1087 436 1115 per
452 1078 570 1108 Sedem
585 1078 807 1115 Apostolicam
824 1078 963 1108 edoceri.
988 1078 1070 1108 Cum
1094 1078 1197 1115 igitur

195 1129 339 1160 nolimus
353 1134 388 1159 ut
405 1130 573 1167 negotium
589 1131 772 1168 sepefatum
790 1131 961 1160 occasione
984 1130 1095 1169 aliqua
1111 1131 1197 1160 ulte-

194 1182 265 1212 rius
281 1182 504 1220 protrahalur,
519 1182 720 1220 sepedictum
735 1183 919 1212 Gunterum
932 1183 1139 1213 remittentes
1157 1183 1196 1212 ab

194 1235 534 1265 excommunicatione
556 1234 747 1273 hujusmodi
767 1234 970 1270 absolutum,
989 1235 1028 1264 ab
1048 1235 1120 1273 ipso
1142 1235 1196 1274 ju·-

194 1287 318 1317 ratoria
332 1287 484 1317 cautione
500 1291 640 1324 recepta,
659 1287 756 1325 quod,
777 1287 804 1316 si
819 1296 892 1316 enm
906 1287 992 1326 juste
1009 1296 1197 1317 excommu-

194 1339 340 1369 nicatum
359 1348 431 1369 esse
455 1339 651 1373 constiterit,
671 1339 1022 1369 excommunicationis
1042 1340 1197 1370 mandato

193 1391 333 1430 parebit,
354 1400 410 1430 per
434 1391 553 1421 iterata
573 1391 665 1420 vobis
689 1391 812 1429 scripta
829 1391 1040 1429 precipiendo
1060 1392 1197 1422 manda-

194 1453 267 1474 mus
285 1449 447 1483 quatenus
462 1444 498 1473 in
515 1444 646 1482 negotio
662 1444 744 1482 ipso,
763 1444 862 1474 etiam
878 1444 961 1474 illud
977 1444 1069 1474 nullo
1082 1454 1196 1474 mona-

193 1497 255 1528 cho
280 1501 516 1536 prosequente,
536 1497 628 1536 juxta
650 1497 791 1526 formam
815 1496 908 1526 vobis
935 1496 1104 1531 traditam,
1123 1497 1196 1526 sine

193 1559 283 1580 more
310 1550 500 1588 dispendio,
528 1549 747 1588 appellatione
775 1549 971 1587 postposita,
998 1549 1194 1587 procedatis,

193 1603 280 1642 quod
303 1611 400 1640 super
423 1601 486 1632 hoc
508 1602 671 1636 feceritis,
699 1601 794 1630 nohis
818 1601 959 1632 fideliter
988 1601 1194 1640 rescripturi.

191 1656 286 1693 Quod
306 1656 334 1686 si
359 1664 424 1685 non
446 1664 560 1685 omnes
582 1659 643 1685 etc.
666 1655 738 1684 Dat.
766 1655 967 1689 Interamne,
988 1655 1018 1684 X
1035 1654 1194 1684 kalendas

191 1707 385 1743 decembris,
405 1716 491 1737 anno
508 1707 645 1738 decimo.
666 1720 678 1733 n

263 1877 380 1906 3380

227 1940 376 1967 Melfiensi
389 1943 418 1966 et
432 1940 580 1966 Asculano
596 1939 740 1973 episcopis
760 1939 908 1972 signifieat
921 1948 951 1966 se
966 1940 1064 1973 ipsum
1081 1947 1196 1973 proces-

191 1996 258 2015 sum
281 1988 416 2015 habitum
432 1988 468 2014 de
483 1988 579 2022 priore
594 1988 766 2014 monasterii
781 1987 928 2014 Venusini
942 1989 960 2020 ¹,
977 1988 1013 2014 ad
1030 1988 1195 2015 Romanam

194 2035 357 2064 Ecclesiam
374 2037 456 2063 nullo
470 2036 566 2063 medio
587 2035 778 2070 pertinentis,
791 2036 826 2062 de
842 2036 999 2063 illitterata
1012 2044 1134 2070 persona
1149 2037 1196 2063 in-

193 2085 311 2112 venisse
330 2087 525 2117 attentatum,
542 2084 640 2119 ipsum
657 2084 821 2111 decrevisse
839 2084 968 2117 irritum,
988 2087 1016 2111 et
1036 2085 1196 2112 conventui

193 2133 327 2167 ejusdem
353 2132 525 2159 monasterii
550 2132 726 2159 concessisse
750 2134 925 2166 potestatem
950 2133 1058 2165 alium,
1082 2135 1197 2167 praeter

195 2181 322 2216 priorem
338 2181 486 2214 eumdem,
501 2181 647 2215 eligendi;
665 2181 706 2208 eis
720 2181 842 2208 mandat
858 2184 1012 2215 quatenus,
1025 2181 1049 2208 si
1065 2182 1196 2208 futuram

193 2229 369 2257 electionem
393 2229 564 2256 invenerint
584 2229 620 2256 de
639 2237 762 2263 persona
782 2229 887 2256 idonea
908 2229 1048 2256 canonice
1068 2230 1197 2257 celebra-

196 2281 268 2311 tam,
285 2278 379 2312 ipsam
399 2278 573 2304 auctoritate
589 2278 749 2311 apostolica
763 2278 955 2310 confirment3
972 2278 1115 2312 alioquin,
1133 2287 1197 2305 eam

195 2326 252 2354 rite
265 2328 423 2359 cassantes,
441 2326 517 2359 quod
533 2326 656 2352 fecerint
669 2334 756 2360 super
772 2326 825 2352 hoc
835 2347 841 2358 ,
858 2326 916 2360 ipsi
932 2334 1024 2360 papae
1039 2326 1100 2353 suis
1116 2326 1198 2353 litte—

194 2374 234 2401 ris
248 2376 406 2409 exponant.
424 2389 456 2392 —
473 2375 558 2406 (Rea.
576 2373 620 2406 18,
637 2374 657 2400 f.
672 2373 724 2400 205
739 2377 784 2406 v⁰;
802 2382 871 2400 ann.
888 2374 932 2407 X,
947 2383 971 2400 c.
988 2374 1063 2405 268.)

700 1877 804 1910 Terni,
820 1877 853 1903 21
871 1877 1029 1904 novembre
1044 1877 1123 1904 1236.

237 2487 250 2501 «
277 2497 295 2503 ..
323 2474 468 2511 Melfiensi
492 2479 517 2503 et
546 2497 564 2502 ..
589 2475 740 2503 Asculano
767 2475 922 2511 episcopis.
953 2473 1035 2504 Cum
1066 2483 1197 2512 proces-

195 2535 268 2556 sum
295 2526 445 2556 habitum
468 2544 517 2555 —.
542 2527 615 2556 Dat.
644 2527 848 2560 interamne,
879 2526 927 2556 XI
954 2525 1113 2556 kalendas
1140 2527 1196 2557 de-

192 2578 348 2614 cembris,
367 2587 454 2608 anno
468 2578 606 2608 decimo.
627 2590 640 2604 n

265 2749 377 2777 3381
708 2748 808 2781 Terni,
824 2748 858 2775 22
874 2748 1032 2776 novembre
1047 2749 1126 2776 1236.

232 2811 388 2839 Universis
408 2810 520 2839 Christi
541 2810 677 2837 fidelibus
698 2812 865 2844 praesentes
886 2810 1000 2837 litteras
1020 2809 1198 2844 inspecturis

229 2931 250 2955 i.
266 2932 404 2954 Venusini
421 2933 462 2955 est
475 2931 500 2954 lo
516 2930 631 2954 resultat
646 2930 727 2954 d'une
743 2929 905 2954 correction.

1275 342 1423 375 signifieat
1439 351 1468 369 se
1482 343 1559 369 velle
1573 343 1626 369 boc
1643 343 1858 370 inviolabiliter
1871 343 2030 376 observari,
2043 344 2118 378 quod
2131 353 2146 371 a
2158 353 2187 371 se
2203 345 2277 379 ipso,

1276 390 1306 416 in
1330 391 1436 417 minori
1458 391 1552 417 officio
1568 391 1743 423 constituto,
1761 392 1837 418 circa
1854 392 2016 425 ingressum
2035 393 2277 420 monasteriorum

1277 439 1452 465 monialium
1474 439 1655 466 inclusarum
1677 440 1789 466 ordinis
1812 441 1906 467 sancti
1928 441 2083 473 Damiani,
2103 449 2117 466 «
2139 441 2280 469 videlicet

1277 487 1338 520 qui,
1353 487 1497 521 quomodo
1510 490 1538 514 et
1552 488 1668 521 quando
1685 488 1798 521 ingredi
1812 489 1937 516 debcant
1954 497 1978 521 »,
1995 490 2023 516 in
2038 490 2166 523 ipsarum
2179 491 2281 524 regula

1275 535 1448 562 institutum
1474 538 1578 563 suerat.
1595 551 1625 555 —
1643 537 1728 568 (Rae.
1746 537 1793 569 18,
1812 538 1831 564 f.
1846 537 1898 564 205
1913 542 1956 570 v⁰;
1974 546 2043 565 ann.
2062 539 2104 571 X,
2122 547 2146 565 e.
2163 539 2229 570 269:
2248 554 2279 558 —

1277 583 1434 610 Por‘rrmsr
1447 584 1557 615 10264.)

1319 696 1331 709 r<
1360 685 1514 713 L'nincrsis
1537 685 1651 714 Christi
1671 686 1810 721 fidelibus
1823 691 1974 723 presentes
1992 688 2110 715 litteras
2128 688 2280 724 inspectu-

1277 738 1331 766 ris.
1354 737 1423 767 Etsi
1440 737 1588 767 omnium
1604 737 1661 767 illa
1676 755 1724 765 —.
1750 739 1822 768 Dat.
1849 740 2049 774 Interanine,
2072 740 2100 769 X
2121 739 2280 770 kalendas

1277 790 1471 824 decembris,
1490 800 1576 821 anno
1593 791 1729 821 decimo.
1751 804 1762 817 ›‚

1349 975 1465 1003 3382

1313 1037 1573 1071 Archiepiscopos,
1590 1038 1754 1071 episcopos,
1772 1037 1906 1070 abbates,
1927 1039 2149 1066 archidiaconos
2165 1043 2193 1066 et
2208 1040 2282 1067 alios

1278 1085 1468 1112 ecclesiarum
1486 1086 1630 1119 praelatos
1644 1094 1694 1119 per
1710 1086 1841 1112 Moream
1857 1087 2032 1113 constitutos
2049 1090 2147 1114 monet
2167 1092 2195 1115 et
2214 1089 2281 1115 hor-

1278 1136 1358 1160 tatur
1373 1136 1405 1160 ut
1426 1134 1610 1167 patriarchae
1626 1134 1969 1168 Constantinopolitano,
1990 1136 2038 1169 qui
2058 1139 2175 1170 propter
2197 1145 2282 1170 guer-

1278 1189 1377 1208 rarum
1394 1181 1569 1208 discrimina
1585 1185 1613 1208 et
1627 1182 1804 1209 Graecorum
1825 1182 1972 1209 malitiam
1990 1184 2049 1209 fere
2062 1192 2163 1210 omnes
2183 1184 2283 1211 reddi-

1278 1233 1325 1256 tus
1346 1232 1374 1256 et
1394 1230 1454 1256 alia
1475 1229 1551 1256 bona
1570 1238 1622 1256 sua
1641 1230 1790 1263 amiserit,
1811 1230 1842 1256 in
1862 1231 2033 1258 necessariis
2050 1232 2234 1265 provideant.
2250 1247 2282 1251 —

1278 1279 1364 1308 (Bm.
1383 1278 1432 1310 18,
1451 1279 1470 1304 f.
1487 1278 1595 1309 2061·⁰;
1612 1286 1681 1304 ann.
1702 1279 1740 1311 X,
1756 1287 1780 1305 c.
1800 1278 1868 1311 270;
1884 1294 1915 1297 —
1932 1280 2064 1307 Monam
2081 1281 2159 1313 1191,
2180 1282 2200 1308 f.
2219 1281 2282 1314 168,

1279 1334 1314 1353 ex
1328 1326 1507 1358 ΒΑΥΝΑιοος
1524 1341 1555 1344 -
1567 1327 1725 1353 ΡοττΗΑετ
1735 1327 1821 1354 10263
1839 1329 1870 1359 ¹.)

1786 977 1890 1009 Terni,
1907 977 1940 1003 22
1957 977 2115 1004 novembre
2130 978 2208 1005 1236.

1321 1438 1334 1452 ι(
1357 1427 1597 1464 Archiepiscopis
1613 1431 1638 1455 et
1654 1427 1807 1464 episcopis,
1825 1427 1992 1462 abbatibus,
2011 1429 2242 1459 archidiaconis
2258 1435 2284 1459 et

1278 1479 1351 1507 aliis
1367 1479 1564 1507 ecctesz‘arwn
1580 1479 1708 1515 prelatis
1720 1488 1776 1516 per
1792 1480 1922 1508 Moream
1939 1481 2121 1510 constitutis.
2136 1481 2171 1511 Si
2184 1490 2284 1512 mem-

1278 1531 1374 1560 brum
1394 1531 1430 1560 in
1450 1548 1499 1559 —.
1526 1531 1600 1560 Dat.
1626 1531 1826 1566 Interamne,
1849 1532 1881 1561 X
1904 1531 2063 1562 kalendas
2086 1533 2281 1570 decembris,

1277 1578 1489 1621 pontificatus
1507 1583 1612 1613 nostri
1629 1592 1715 1613 anno
1732 1584 1870 1614 decimo.
1890 1596 1902 1610 »

1348 1766 1466 1794 3383

1313 1829 1356 1855 De
1369 1829 1459 1855 Prato
1474 1831 1503 1855 ct
1515 1828 1551 1855 de
1567 1829 1686 1863 Frigido
1697 1829 1810 1862 Monte,
1822 1830 2012 1857 Belvacensis
2028 1831 2179 1865 dioecesis,
2192 1832 2283 1860 abba-

1278 1877 1372 1909 tibus,
1390 1880 1417 1903 et
1433 1877 1641 1903 archidiacono
1657 1877 1745 1911 Augi,
1764 1878 2008 1913 Rothomagensis
2024 1880 2179 1914 dioecesis,
2197 1890 2283 1908 man-

1277 1925 1328 1952 dat
1342 1928 1496 1959 quatenus,
1510 1940 1541 1943 -
1556 1924 1725 1959 michariiL
1742 1926 1857 1953 abbatis
1874 1928 2046 1955 monasterii
2061 1928 2164 1955 Sancti
2177 1930 2284 1957 XVala-

1272 1973 1350 2005 rici,
1376 1973 1488 2000 ordinis
1515 1973 1610 2000 saneti
1640 1974 1795 2000 Benedicti
1808 1995 1813 2007 ,
1837 1974 2049 2002 Ambianensis
2069 1977 2225 2010 dioecesis,
2250 1993 2282 1996 —

1279 2022 1355 2056 quod
1389 2022 1601 2048 monasterium
1629 2022 1665 2048 ad
1695 2022 1801 2049 Sedem
1833 2023 2035 2057 Apostolicam
2070 2026 2151 2052 nullo
2186 2026 2282 2053 medio

1279 2069 1460 2104 pertinebat,
1478 2085 1509 2088 —
1523 2072 1675 2096 senectute
1691 2071 1817 2097 confecti
1834 2074 1862 2098 et
1884 2072 2058 2099 infirmitate
2079 2081 2112 2099 ac
2128 2074 2283 2102 debilitate

1279 2118 1450 2151 laborantis,
1463 2118 1670 2152 resignatione,
1684 2118 1746 2152 ipso
1760 2121 1788 2145 et
1804 2122 1952 2146 conventu
1966 2121 2097 2154 ejusdem
2110 2123 2283 2150 monasterii

1278 2166 1526 2200 supplicantibus,
1539 2169 1664 2200 recepta,
1680 2181 1711 2185 —
1724 2167 1883 2201 injungant
1896 2168 1991 2195 eidem
2009 2171 2167 2197 conventui
2178 2174 2211 2198 ut
2225 2172 2282 2198 sibi

1278 2214 1314 2241 de
1324 2223 1448 2248 persona
1458 2215 1564 2241 idonea
1575 2215 1751 2249 provideant
1764 2215 1795 2241 in
1807 2219 1965 2250 pastorem,
1983 2218 2168 2251 electionem,
2181 2220 2205 2246 si
2218 2228 2282 2246 eam

1279 2262 1450 2289 invenerint
1459 2263 1494 2289 de
1506 2271 1629 2296 persona
1642 2263 1747 2290 idonea
1759 2264 1899 2291 canonice
1910 2265 2099 2298 celebratam,
2109 2268 2283 2295 confirman—

1279 2312 1322 2337 tes
1338 2313 1365 2337 et
1379 2311 1524 2345 recepturi
1540 2311 1576 2337 ab
1599 2312 1691 2338 electo
1712 2312 1866 2348 fidelitatis
1881 2312 2102 2346 juramentum;
2120 2315 2202 2349 cujus
2224 2317 2283 2342 for—

1280 2367 1358 2385 mam
1375 2359 1536 2392 juramenti
1554 2359 1610 2393 ipsi
1627 2368 1720 2394 papae
1735 2368 1786 2394 per
1799 2361 1951 2394 proprium
1964 2362 2103 2389 nuntium
2116 2363 2282 2396 destinent;

1279 2407 1412 2441 alioquin
1428 2407 1500 2441 ipsi,
1517 2408 1618 2434 eadem
1639 2408 1782 2435 electione
1798 2409 1854 2435 rite
1867 2412 1995 2442 cassata,
2011 2410 2090 2437 dicto
2106 2413 2283 2439 monasterio

1279 2455 1315 2482 de
1339 2463 1461 2489 persona
1485 2464 1559 2489 quae
1581 2456 1674 2490 ipsius
1699 2456 1839 2490 regimini
1864 2461 2018 2491 congruat,
2044 2459 2229 2493 provideant.
2250 2475 2282 2478 ——

1280 2504 1366 2535 (ΗΕΘ.
1383 2504 1427 2537 18,
1445 2505 1465 2530 s.
1480 2504 1532 2530 206
1548 2508 1586 2536 r⁰;
1601 2513 1670 2531 ann.
1688 2505 1727 2537 X,
1744 2513 1769 2531 e.
1784 2505 1860 2537 2⁸1.)

1786 1767 1875 1794 Terni
1886 1789 1892 1800 ,
1909 1768 1943 1795 26
1959 1769 2118 1796 novembre
2133 1770 2211 1798 1236.

1321 2616 1334 2630 «
1361 2626 1380 2632 ..
1397 2604 1431 2632 de
1446 2605 1538 2633 Prato
1553 2610 1579 2633 ct
1597 2627 1616 2633 ..
1629 2605 1663 2633 de
1674 2605 1799 2641 Friyiclo
1816 2606 1912 2634 Monte
1923 2606 2087 2642 abbatibus,
2108 2613 2133 2635 et
2147 2629 2166 2635 ..
2181 2609 2282 2637 arelli-

1279 2656 1406 2685 diacono
1421 2655 1535 2694 Auqm
1556 2657 1741 2685 Belvacensis
1756 2662 1782 2686 et
1797 2658 2043 2694 Rothomayensis
2058 2659 2218 2688 dioceszzm.
2238 2660 2283 2689 Ex

1279 2712 1371 2746 parte
1386 2708 1581 2738 dilectorum
1597 2726 1645 2737 —.
1669 2710 1741 2738 Dat.
1764 2710 1963 2744 Interamne,
1983 2711 2029 2740 VI
2051 2711 2209 2741 kalendas
2226 2712 2282 2742 de-

1281 2761 1433 2795 cembris,
1453 2762 1664 2799 pontificatus
1682 2761 1786 2791 nostri
1803 2770 1890 2792 anno
1906 2762 2044 2792 decimo.
2065 2775 2077 2789 1>

1313 2886 1334 2910 l.
1349 2886 1423 2910 Avee
1438 2886 1557 2915 l'incipit
1576 2887 1685 2909 inexact
1700 2893 1705 2909 :
1719 2895 1731 2908 ιι
1744 2886 1915 2910 Venerabilis
1931 2887 2015 2911 frater
2028 2891 2122 2912 noster
2140 2898 2162 2919 υ,
2177 2889 2283 2920 d'apres

1282 2929 1439 2958 RAYNALm,
1455 2932 1569 2959 Amat„
1588 2930 1655 2958 ¹236,
1670 2930 1730 2959 ΞἹΟ.
