<?xml version="1.0" encoding="UTF-8"?>
<!DOCTYPE html PUBLIC "-//W3C//DTD XHTML 1.0 Transitional//EN"
    "http://www.w3.org/TR/xhtml1/DTD/xhtml1-transitional.dtd">
<html xmlns="http://www.w3.org/1999/xhtml" xml:lang="en" lang="en">
 <head>
  <title>
</title>
<meta http-equiv="Content-Type" content="text/html;charset=utf-8" />
  <meta name='ocr-system' content='tesseract 3.04.00' />
  <meta name='ocr-capabilities' content='ocr_page ocr_carea ocr_par ocr_line ocrx_word'/>
</head>
<body>
  <div class='ocr_page' id='page_1' title='image "./lesregistresdale02cathuoft_0255.png"; bbox 0 0 2519 3518; ppageno 0'>
   <div class='ocr_carea' id='block_1_1' title="bbox 92 333 2170 373">
    <p class='ocr_par' dir='ltr' id='par_1_1' title="bbox 92 333 2170 373">
     <span class='ocr_line' id='line_1_1' title="bbox 92 333 2170 373; baseline 0.001 -3"><span class='ocrx_word' id='word_1_1' title='bbox 92 340 149 370; x_wconf 76' lang='lat'>465</span> <span class='ocrx_word' id='word_1_2' title='bbox 950 334 1134 371; x_wconf 63' lang='lat' dir='ltr'>mxu&#39;nffl</span> <span class='ocrx_word' id='word_1_3' title='bbox 1157 333 1315 371; x_wconf 74' lang='lat' dir='ltr'>ANNEE.</span> <span class='ocrx_word' id='word_1_4' title='bbox 2114 345 2170 373; x_wconf 73' lang='lat'>460</span> 
     </span>
    </p>
   </div>
   <div class='ocr_carea' id='block_1_2' title="bbox 87 405 1089 1062">
    <p class='ocr_par' dir='ltr' id='par_1_2' title="bbox 87 405 1089 1062">
     <span class='ocr_line' id='line_1_2' title="bbox 88 405 1087 444; baseline 0.001 -10"><span class='ocrx_word' id='word_1_5' title='bbox 88 405 186 435; x_wconf 87' lang='lat' dir='ltr'>cunie</span> <span class='ocrx_word' id='word_1_6' title='bbox 203 406 433 444; x_wconf 75' lang='lat' dir='ltr'>quantitatem.</span> <span class='ocrx_word' id='word_1_7' title='bbox 451 406 546 437; x_wconf 83' lang='lat' dir='ltr'>Unde</span> <span class='ocrx_word' id='word_1_8' title='bbox 561 406 643 444; x_wconf 87' lang='lat' dir='ltr'>ipsis</span> <span class='ocrx_word' id='word_1_9' title='bbox 661 407 782 436; x_wconf 85' lang='lat' dir='ltr'>nostris</span> <span class='ocrx_word' id='word_1_10' title='bbox 799 407 949 436; x_wconf 83' lang='lat' dir='ltr'>dedimus</span> <span class='ocrx_word' id='word_1_11' title='bbox 967 406 1087 436; x_wconf 84' lang='lat' dir='ltr'>litteris</span> 
     </span>
     <span class='ocr_line' id='line_1_3' title="bbox 87 457 1088 496; baseline 0.003 -10"><span class='ocrx_word' id='word_1_12' title='bbox 87 457 124 487; x_wconf 90' lang='lat' dir='ltr'>in</span> <span class='ocrx_word' id='word_1_13' title='bbox 137 458 302 487; x_wconf 85' lang='lat' dir='ltr'>mandatis</span> <span class='ocrx_word' id='word_1_14' title='bbox 319 462 364 492; x_wconf 89' lang='lat' dir='ltr'>ut,</span> <span class='ocrx_word' id='word_1_15' title='bbox 379 458 418 487; x_wconf 90' lang='lat' dir='ltr'>ab</span> <span class='ocrx_word' id='word_1_16' title='bbox 435 458 581 496; x_wconf 90' lang='lat' dir='ltr'>ipsorum</span> <span class='ocrx_word' id='word_1_17' title='bbox 598 458 807 488; x_wconf 82' lang='lat' dir='ltr'>Asisinorum</span> <span class='ocrx_word' id='word_1_18' title='bbox 824 459 1016 489; x_wconf 75' lang='lat' dir='ltr'>defensione</span> <span class='ocrx_word' id='word_1_19' title='bbox 1032 459 1088 489; x_wconf 84' lang='lat' dir='ltr'>‹le-</span> 
     </span>
     <span class='ocr_line' id='line_1_4' title="bbox 88 509 1088 550; baseline 0 -11"><span class='ocrx_word' id='word_1_20' title='bbox 88 509 258 545; x_wconf 88' lang='lat' dir='ltr'>sistentes,</span> <span class='ocrx_word' id='word_1_21' title='bbox 275 509 410 540; x_wconf 88' lang='lat' dir='ltr'>omnino</span> <span class='ocrx_word' id='word_1_22' title='bbox 422 519 478 548; x_wconf 91' lang='lat' dir='ltr'>pro</span> <span class='ocrx_word' id='word_1_23' title='bbox 492 510 540 540; x_wconf 88' lang='lat' dir='ltr'>eis</span> <span class='ocrx_word' id='word_1_24' title='bbox 556 515 668 540; x_wconf 88' lang='lat' dir='ltr'>contra</span> <span class='ocrx_word' id='word_1_25' title='bbox 684 511 806 541; x_wconf 88' lang='lat' dir='ltr'>dictum</span> <span class='ocrx_word' id='word_1_26' title='bbox 820 511 1002 550; x_wconf 70' lang='lat' dir='ltr'>principem</span> <span class='ocrx_word' id='word_1_27' title='bbox 1019 511 1088 540; x_wconf 91' lang='lat' dir='ltr'>nul-</span> 
     </span>
     <span class='ocr_line' id='line_1_5' title="bbox 87 561 1087 602; baseline 0.001 -10"><span class='ocrx_word' id='word_1_28' title='bbox 87 561 219 592; x_wconf 88' lang='lat' dir='ltr'>latenus</span> <span class='ocrx_word' id='word_1_29' title='bbox 236 571 270 592; x_wconf 88' lang='lat' dir='ltr'>se</span> <span class='ocrx_word' id='word_1_30' title='bbox 286 566 461 601; x_wconf 86' lang='lat' dir='ltr'>opponant.</span> <span class='ocrx_word' id='word_1_31' title='bbox 478 563 639 599; x_wconf 84' lang='lat' dir='ltr'>Quocirca</span> <span class='ocrx_word' id='word_1_32' title='bbox 655 563 848 593; x_wconf 88' lang='lat' dir='ltr'>mandamus</span> <span class='ocrx_word' id='word_1_33' title='bbox 867 568 1041 602; x_wconf 80' lang='lat' dir='ltr'>quatenus,</span> <span class='ocrx_word' id='word_1_34' title='bbox 1061 563 1087 593; x_wconf 88' lang='lat' dir='ltr'>si</span> 
     </span>
     <span class='ocr_line' id='line_1_6' title="bbox 88 613 1089 659; baseline 0.002 -16"><span class='ocrx_word' id='word_1_35' title='bbox 88 613 169 644; x_wconf 90' lang='lat' dir='ltr'>dicti</span> <span class='ocrx_word' id='word_1_36' title='bbox 189 615 346 652; x_wconf 80' lang='lat' dir='ltr'>magister</span> <span class='ocrx_word' id='word_1_37' title='bbox 365 619 395 644; x_wconf 85' lang='lat' dir='ltr'>et</span> <span class='ocrx_word' id='word_1_38' title='bbox 415 615 533 645; x_wconf 80' lang='lat' dir='ltr'>fratres</span> <span class='ocrx_word' id='word_1_39' title='bbox 552 615 741 645; x_wconf 84' lang='lat' dir='ltr'>mandatum</span> <span class='ocrx_word' id='word_1_40' title='bbox 766 619 914 659; x_wconf 71' lang='lat' dir='ltr'>nostrum</span> <span class='ocrx_word' id='word_1_41' title='bbox 936 614 1089 652; x_wconf 70' lang='lat' dir='ltr'>neglexe-</span> 
     </span>
     <span class='ocr_line' id='line_1_7' title="bbox 88 666 1087 706; baseline 0.001 -10"><span class='ocrx_word' id='word_1_42' title='bbox 88 666 157 696; x_wconf 85' lang='lat' dir='ltr'>rint</span> <span class='ocrx_word' id='word_1_43' title='bbox 170 666 360 705; x_wconf 77' lang='lat' dir='ltr'>adimplerc,</span> <span class='ocrx_word' id='word_1_44' title='bbox 372 676 428 696; x_wconf 83' lang='lat' dir='ltr'>vos</span> <span class='ocrx_word' id='word_1_45' title='bbox 440 667 480 696; x_wconf 88' lang='lat' dir='ltr'>ab</span> <span class='ocrx_word' id='word_1_46' title='bbox 491 667 680 706; x_wconf 88' lang='lat' dir='ltr'>hujusmodi</span> <span class='ocrx_word' id='word_1_47' title='bbox 692 668 896 699; x_wconf 78' lang='lat' dir='ltr'>defensione,</span> <span class='ocrx_word' id='word_1_48' title='bbox 907 668 1087 697; x_wconf 86' lang='lat' dir='ltr'>monitione</span> 
     </span>
     <span class='ocr_line' id='line_1_8' title="bbox 87 719 1087 758; baseline 0.003 -10"><span class='ocrx_word' id='word_1_49' title='bbox 87 719 268 757; x_wconf 86' lang='lat' dir='ltr'>premissa,</span> <span class='ocrx_word' id='word_1_50' title='bbox 293 728 349 757; x_wconf 89' lang='lat' dir='ltr'>per</span> <span class='ocrx_word' id='word_1_51' title='bbox 375 728 548 749; x_wconf 77' lang='lat' dir='ltr'>censuram</span> <span class='ocrx_word' id='word_1_52' title='bbox 572 719 846 755; x_wconf 79' lang='lat' dir='ltr'>ecclesiasticam,</span> <span class='ocrx_word' id='word_1_53' title='bbox 870 720 1087 758; x_wconf 83' lang='lat' dir='ltr'>appellatione</span> 
     </span>
     <span class='ocr_line' id='line_1_9' title="bbox 88 771 1084 809; baseline 0.001 -9"><span class='ocrx_word' id='word_1_54' title='bbox 88 771 281 809; x_wconf 87' lang='lat' dir='ltr'>postposita,</span> <span class='ocrx_word' id='word_1_55' title='bbox 298 771 501 809; x_wconf 72' lang='lat' dir='ltr'>compellatis</span> <span class='ocrx_word' id='word_1_56' title='bbox 515 772 657 802; x_wconf 86' lang='lat' dir='ltr'>cosdem.</span> <span class='ocrx_word' id='word_1_57' title='bbox 673 772 763 809; x_wconf 81' lang='lat' dir='ltr'>Quod</span> <span class='ocrx_word' id='word_1_58' title='bbox 777 773 804 801; x_wconf 87' lang='lat' dir='ltr'>si</span> <span class='ocrx_word' id='word_1_59' title='bbox 818 781 880 802; x_wconf 91' lang='lat' dir='ltr'>non</span> <span class='ocrx_word' id='word_1_60' title='bbox 895 781 1008 802; x_wconf 87' lang='lat' dir='ltr'>omncs</span> <span class='ocrx_word' id='word_1_61' title='bbox 1025 777 1084 802; x_wconf 89' lang='lat' dir='ltr'>etc.</span> 
     </span>
     <span class='ocr_line' id='line_1_10' title="bbox 88 823 1087 854; baseline 0 -1"><span class='ocrx_word' id='word_1_62' title='bbox 88 823 163 854; x_wconf 92' lang='lat' dir='ltr'>Non</span> <span class='ocrx_word' id='word_1_63' title='bbox 189 823 340 853; x_wconf 84' lang='lat' dir='ltr'>obstante</span> <span class='ocrx_word' id='word_1_64' title='bbox 363 824 599 854; x_wconf 85' lang='lat' dir='ltr'>constitutione</span> <span class='ocrx_word' id='word_1_65' title='bbox 623 825 661 854; x_wconf 89' lang='lat' dir='ltr'>de</span> <span class='ocrx_word' id='word_1_66' title='bbox 682 825 809 854; x_wconf 84' lang='lat' dir='ltr'>duabus</span> <span class='ocrx_word' id='word_1_67' title='bbox 832 825 929 854; x_wconf 84' lang='lat' dir='ltr'>dietis</span> <span class='ocrx_word' id='word_1_68' title='bbox 951 825 1038 854; x_wconf 87' lang='lat' dir='ltr'>edita</span> <span class='ocrx_word' id='word_1_69' title='bbox 1053 825 1087 854; x_wconf 94' lang='lat' dir='ltr'>in</span> 
     </span>
     <span class='ocr_line' id='line_1_11' title="bbox 89 875 1088 916; baseline 0.002 -12"><span class='ocrx_word' id='word_1_70' title='bbox 89 875 231 906; x_wconf 84' lang='lat' dir='ltr'>concilio</span> <span class='ocrx_word' id='word_1_71' title='bbox 255 876 412 914; x_wconf 79' lang='lat' dir='ltr'>generali,</span> <span class='ocrx_word' id='word_1_72' title='bbox 442 876 487 906; x_wconf 88' lang='lat' dir='ltr'>ita</span> <span class='ocrx_word' id='word_1_73' title='bbox 511 880 620 907; x_wconf 88' lang='lat' dir='ltr'>tamen</span> <span class='ocrx_word' id='word_1_74' title='bbox 649 877 734 916; x_wconf 85' lang='lat' dir='ltr'>quod</span> <span class='ocrx_word' id='word_1_75' title='bbox 762 877 846 906; x_wconf 88' lang='lat' dir='ltr'>ultra</span> <span class='ocrx_word' id='word_1_76' title='bbox 876 877 1005 906; x_wconf 82' lang='lat' dir='ltr'>tertiam</span> <span class='ocrx_word' id='word_1_77' title='bbox 1037 877 1088 906; x_wconf 81' lang='lat' dir='ltr'>vel</span> 
     </span>
     <span class='ocr_line' id='line_1_12' title="bbox 89 929 1087 967; baseline 0.001 -10"><span class='ocrx_word' id='word_1_78' title='bbox 89 932 239 966; x_wconf 84' lang='lat' dir='ltr'>quartam</span> <span class='ocrx_word' id='word_1_79' title='bbox 257 933 345 958; x_wconf 82' lang='lat' dir='ltr'>extra</span> <span class='ocrx_word' id='word_1_80' title='bbox 367 938 459 958; x_wconf 88' lang='lat' dir='ltr'>suam</span> <span class='ocrx_word' id='word_1_81' title='bbox 483 929 639 959; x_wconf 80' lang='lat' dir='ltr'>diocesim</span> <span class='ocrx_word' id='word_1_82' title='bbox 660 938 734 967; x_wconf 87' lang='lat' dir='ltr'>pars</span> <span class='ocrx_word' id='word_1_83' title='bbox 751 929 852 959; x_wconf 86' lang='lat' dir='ltr'>altera</span> <span class='ocrx_word' id='word_1_84' title='bbox 871 929 911 958; x_wconf 87' lang='lat' dir='ltr'>ad</span> <span class='ocrx_word' id='word_1_85' title='bbox 925 929 1087 967; x_wconf 87' lang='lat' dir='ltr'>judicium</span> 
     </span>
     <span class='ocr_line' id='line_1_13' title="bbox 89 980 1085 1019; baseline 0.001 -10"><span class='ocrx_word' id='word_1_86' title='bbox 89 988 155 1009; x_wconf 88' lang='lat' dir='ltr'>non</span> <span class='ocrx_word' id='word_1_87' title='bbox 178 980 340 1010; x_wconf 84' lang='lat' dir='ltr'>trahatur.</span> <span class='ocrx_word' id='word_1_88' title='bbox 364 981 437 1010; x_wconf 87' lang='lat' dir='ltr'>Dat.</span> <span class='ocrx_word' id='word_1_89' title='bbox 462 981 579 1016; x_wconf 80' lang='lat' dir='ltr'>Reate,</span> <span class='ocrx_word' id='word_1_90' title='bbox 601 981 683 1011; x_wconf 78' lang='lat' dir='ltr'>XIII</span> <span class='ocrx_word' id='word_1_91' title='bbox 703 981 860 1011; x_wconf 77' lang='lat' dir='ltr'>kalendas</span> <span class='ocrx_word' id='word_1_92' title='bbox 879 981 1085 1019; x_wconf 81' lang='lat' dir='ltr'>septembris,</span> 
     </span>
     <span class='ocr_line' id='line_1_14' title="bbox 88 1032 362 1062; baseline -0.007 0"><span class='ocrx_word' id='word_1_93' title='bbox 88 1041 175 1062; x_wconf 87' lang='lat' dir='ltr'>anno</span> <span class='ocrx_word' id='word_1_94' title='bbox 191 1032 327 1062; x_wconf 78' lang='lat' dir='ltr'>decimo.</span> <span class='ocrx_word' id='word_1_95' title='bbox 349 1045 362 1059; x_wconf 74' lang='lat' dir='ltr'>n</span> 
     </span>
    </p>
   </div>
   <div class='ocr_carea' id='block_1_3' title="bbox 84 1151 1087 1330">
    <p class='ocr_par' dir='ltr' id='par_1_3' title="bbox 84 1151 1087 1330">
     <span class='ocr_line' id='line_1_15' title="bbox 123 1151 1085 1185; baseline -0.001 -6"><span class='ocrx_word' id='word_1_96' title='bbox 123 1154 228 1179; x_wconf 70' lang='lat'><strong>8205.</strong></span> <span class='ocrx_word' id='word_1_97' title='bbox 244 1166 275 1170; x_wconf 91' lang='lat'>—</span> <span class='ocrx_word' id='word_1_98' title='bbox 292 1152 323 1178; x_wconf 92' lang='lat' dir='ltr'>In</span> <span class='ocrx_word' id='word_1_99' title='bbox 339 1151 462 1178; x_wconf 87' lang='lat' dir='ltr'>eundem</span> <span class='ocrx_word' id='word_1_100' title='bbox 480 1151 599 1178; x_wconf 87' lang='lat' dir='ltr'>modum</span> <span class='ocrx_word' id='word_1_101' title='bbox 617 1151 734 1184; x_wconf 79' lang='lat' dir='ltr'>eisdem,</span> <span class='ocrx_word' id='word_1_102' title='bbox 751 1156 851 1178; x_wconf 88' lang='lat' dir='ltr'>contra</span> <span class='ocrx_word' id='word_1_103' title='bbox 873 1173 890 1178; x_wconf 94' lang='lat'>..</span> <span class='ocrx_word' id='word_1_104' title='bbox 912 1152 1085 1185; x_wconf 76' lang='lat' dir='ltr'>magistrum</span> 
     </span>
     <span class='ocr_line' id='line_1_16' title="bbox 87 1200 1086 1234; baseline 0 -7"><span class='ocrx_word' id='word_1_105' title='bbox 87 1202 117 1227; x_wconf 86' lang='lat' dir='ltr'>et</span> <span class='ocrx_word' id='word_1_106' title='bbox 130 1200 234 1227; x_wconf 76' lang='lat' dir='ltr'>iratres</span> <span class='ocrx_word' id='word_1_107' title='bbox 250 1200 415 1234; x_wconf 72' lang='lat' dir='ltr'>Hospitalis</span> <span class='ocrx_word' id='word_1_108' title='bbox 427 1200 670 1228; x_wconf 88' lang='lat' dir='ltr'>Jerosolimitani.</span> <span class='ocrx_word' id='word_1_109' title='bbox 686 1214 717 1218; x_wconf 87' lang='lat'>——</span> <span class='ocrx_word' id='word_1_110' title='bbox 733 1201 820 1231; x_wconf 74' lang='lat' dir='ltr'>(Rae.</span> <span class='ocrx_word' id='word_1_111' title='bbox 837 1200 880 1233; x_wconf 84' lang='lat'>18,</span> <span class='ocrx_word' id='word_1_112' title='bbox 898 1201 918 1227; x_wconf 86' lang='lat' dir='ltr'>f.</span> <span class='ocrx_word' id='word_1_113' title='bbox 935 1200 986 1227; x_wconf 76' lang='lat'>187</span> <span class='ocrx_word' id='word_1_114' title='bbox 1002 1204 1041 1232; x_wconf 80' lang='lat' dir='ltr'>r⁰;</span> <span class='ocrx_word' id='word_1_115' title='bbox 1055 1214 1086 1219; x_wconf 89' lang='lat'>——-</span> 
     </span>
     <span class='ocr_line' id='line_1_17' title="bbox 86 1247 1087 1280; baseline -0.001 -6"><span class='ocrx_word' id='word_1_116' title='bbox 86 1247 114 1275; x_wconf 85' lang='lat' dir='ltr'>J.</span> <span class='ocrx_word' id='word_1_117' title='bbox 128 1247 298 1275; x_wconf 64' lang='lat' dir='ltr'>Dnmvinnr:</span> <span class='ocrx_word' id='word_1_118' title='bbox 314 1247 355 1274; x_wconf 74' lang='lat' dir='ltr'>LE</span> <span class='ocrx_word' id='word_1_119' title='bbox 370 1247 483 1280; x_wconf 57' lang='lat' dir='ltr'>Roucx,</span> <span class='ocrx_word' id='word_1_120' title='bbox 500 1247 659 1274; x_wconf 61' lang='lat' dir='ltr'>cartulaire</span> <span class='ocrx_word' id='word_1_121' title='bbox 668 1248 779 1279; x_wconf 70' lang='lat' dir='ltr'>qc‘neral</span> <span class='ocrx_word' id='word_1_122' title='bbox 794 1248 825 1272; x_wconf 84' lang='lat' dir='ltr'>‹Ie</span> <span class='ocrx_word' id='word_1_123' title='bbox 842 1247 947 1273; x_wconf 80' lang='lat' dir='ltr'>l&#39;Ordre</span> <span class='ocrx_word' id='word_1_124' title='bbox 960 1248 1005 1273; x_wconf 79' lang='lat' dir='ltr'>cles</span> <span class='ocrx_word' id='word_1_125' title='bbox 1021 1248 1087 1273; x_wconf 82' lang='lat' dir='ltr'>Hos-</span> 
     </span>
     <span class='ocr_line' id='line_1_18' title="bbox 84 1293 1027 1330; baseline 0.002 -10"><span class='ocrx_word' id='word_1_126' title='bbox 84 1295 213 1328; x_wconf 60' lang='lat' dir='ltr'>pitalis-rs</span> <span class='ocrx_word' id='word_1_127' title='bbox 228 1295 260 1320; x_wconf 80' lang='lat' dir='ltr'>de</span> <span class='ocrx_word' id='word_1_128' title='bbox 275 1294 439 1321; x_wconf 78' lang='lat' dir='ltr'>Saint-Jean</span> <span class='ocrx_word' id='word_1_129' title='bbox 455 1295 486 1320; x_wconf 81' lang='lat' dir='ltr'>de</span> <span class='ocrx_word' id='word_1_130' title='bbox 499 1293 661 1327; x_wconf 67' lang='lat' dir='ltr'>Jerusalem,</span> <span class='ocrx_word' id='word_1_131' title='bbox 678 1297 699 1322; x_wconf 88' lang='lat' dir='ltr'>t.</span> <span class='ocrx_word' id='word_1_132' title='bbox 717 1295 753 1328; x_wconf 91' lang='lat'>11,</span> <span class='ocrx_word' id='word_1_133' title='bbox 768 1303 796 1330; x_wconf 87' lang='lat' dir='ltr'>p.</span> <span class='ocrx_word' id='word_1_134' title='bbox 813 1295 874 1328; x_wconf 83' lang='lat'>505,</span> <span class='ocrx_word' id='word_1_135' title='bbox 892 1299 921 1322; x_wconf 73' lang='lat' dir='ltr'>n’</span> <span class='ocrx_word' id='word_1_136' title='bbox 935 1295 1027 1326; x_wconf 74' lang='lat'>2149.)</span> 
     </span>
    </p>
   </div>
   <div class='ocr_carea' id='block_1_4' title="bbox 157 1465 1014 1499">
    <p class='ocr_par' dir='ltr' id='par_1_4' title="bbox 157 1465 1014 1499">
     <span class='ocr_line' id='line_1_19' title="bbox 157 1465 1014 1499; baseline -0.001 -5"><span class='ocrx_word' id='word_1_137' title='bbox 157 1465 273 1494; x_wconf 66' lang='lat'>3298</span> <span class='ocrx_word' id='word_1_138' title='bbox 696 1467 787 1499; x_wconf 84' lang='lat' dir='ltr'>Rieti,</span> <span class='ocrx_word' id='word_1_139' title='bbox 804 1467 837 1493; x_wconf 83' lang='lat'>12</span> <span class='ocrx_word' id='word_1_140' title='bbox 852 1469 920 1493; x_wconf 80' lang='lat' dir='ltr'>aot&#39;it</span> <span class='ocrx_word' id='word_1_141' title='bbox 936 1466 1014 1493; x_wconf 79' lang='lat'>1236.</span> 
     </span>
    </p>
   </div>
   <div class='ocr_carea' id='block_1_5' title="bbox 84 1526 1088 2184">
    <p class='ocr_par' dir='ltr' id='par_1_5' title="bbox 84 1526 1088 2184">
     <span class='ocr_line' id='line_1_20' title="bbox 122 1526 1086 1561; baseline 0.001 -9"><span class='ocrx_word' id='word_1_142' title='bbox 122 1526 352 1561; x_wconf 84' lang='lat' dir='ltr'>Archiepiscopo</span> <span class='ocrx_word' id='word_1_143' title='bbox 367 1526 530 1559; x_wconf 86' lang='lat' dir='ltr'>Colocensi,</span> <span class='ocrx_word' id='word_1_144' title='bbox 545 1527 580 1553; x_wconf 92' lang='lat' dir='ltr'>ad</span> <span class='ocrx_word' id='word_1_145' title='bbox 595 1534 694 1561; x_wconf 85' lang='lat' dir='ltr'>preces</span> <span class='ocrx_word' id='word_1_146' title='bbox 708 1527 783 1560; x_wconf 78' lang='lat' dir='ltr'>regis</span> <span class='ocrx_word' id='word_1_147' title='bbox 800 1527 984 1560; x_wconf 79' lang='lat' dir='ltr'>ilungariae.</span> <span class='ocrx_word' id='word_1_148' title='bbox 1002 1535 1086 1553; x_wconf 89' lang='lat' dir='ltr'>man-</span> 
     </span>
     <span class='ocr_line' id='line_1_21' title="bbox 87 1574 1085 1608; baseline 0 -7"><span class='ocrx_word' id='word_1_149' title='bbox 87 1574 140 1601; x_wconf 84' lang='lat' dir='ltr'>dat</span> <span class='ocrx_word' id='word_1_150' title='bbox 155 1576 314 1608; x_wconf 86' lang='lat' dir='ltr'>quatenus,</span> <span class='ocrx_word' id='word_1_151' title='bbox 331 1588 363 1592; x_wconf 90' lang='lat'>-—</span> <span class='ocrx_word' id='word_1_152' title='bbox 382 1582 448 1601; x_wconf 89' lang='lat' dir='ltr'>cum</span> <span class='ocrx_word' id='word_1_153' title='bbox 469 1574 550 1601; x_wconf 89' lang='lat' dir='ltr'>Mica</span> <span class='ocrx_word' id='word_1_154' title='bbox 565 1574 725 1606; x_wconf 84' lang='lat' dir='ltr'>Barbatus,</span> <span class='ocrx_word' id='word_1_155' title='bbox 741 1574 883 1601; x_wconf 83' lang='lat' dir='ltr'>Nicolaus</span> <span class='ocrx_word' id='word_1_156' title='bbox 898 1575 977 1601; x_wconf 88' lang='lat' dir='ltr'>filins</span> <span class='ocrx_word' id='word_1_157' title='bbox 990 1575 1085 1602; x_wconf 88' lang='lat' dir='ltr'>Boreh</span> 
     </span>
     <span class='ocr_line' id='line_1_22' title="bbox 85 1621 1087 1656; baseline 0.001 -8"><span class='ocrx_word' id='word_1_158' title='bbox 85 1624 115 1649; x_wconf 85' lang='lat' dir='ltr'>et</span> <span class='ocrx_word' id='word_1_159' title='bbox 125 1621 266 1649; x_wconf 88' lang='lat' dir='ltr'>Nicolaus</span> <span class='ocrx_word' id='word_1_160' title='bbox 277 1622 429 1655; x_wconf 74' lang='lat' dir='ltr'>Magister,</span> <span class='ocrx_word' id='word_1_161' title='bbox 444 1622 616 1656; x_wconf 81' lang='lat' dir='ltr'>proditores,</span> <span class='ocrx_word' id='word_1_162' title='bbox 628 1622 663 1649; x_wconf 92' lang='lat' dir='ltr'>de</span> <span class='ocrx_word' id='word_1_163' title='bbox 675 1623 769 1649; x_wconf 84' lang='lat' dir='ltr'>laesae</span> <span class='ocrx_word' id='word_1_164' title='bbox 786 1623 949 1656; x_wconf 85' lang='lat' dir='ltr'>majestatis</span> <span class='ocrx_word' id='word_1_165' title='bbox 961 1623 1087 1650; x_wconf 90' lang='lat' dir='ltr'>crimine</span> 
     </span>
     <span class='ocr_line' id='line_1_23' title="bbox 85 1669 1087 1705; baseline 0.001 -9"><span class='ocrx_word' id='word_1_166' title='bbox 85 1669 291 1703; x_wconf 85' lang='lat' dir='ltr'>condemnati,</span> <span class='ocrx_word' id='word_1_167' title='bbox 321 1670 524 1697; x_wconf 73' lang='lat' dir='ltr'>fraudulenter</span> <span class='ocrx_word' id='word_1_168' title='bbox 550 1671 645 1698; x_wconf 84' lang='lat' dir='ltr'>multa</span> <span class='ocrx_word' id='word_1_169' title='bbox 673 1671 709 1697; x_wconf 89' lang='lat' dir='ltr'>de</span> <span class='ocrx_word' id='word_1_170' title='bbox 733 1670 817 1698; x_wconf 84' lang='lat' dir='ltr'>bonis</span> <span class='ocrx_word' id='word_1_171' title='bbox 844 1679 965 1698; x_wconf 86' lang='lat' dir='ltr'>coronae</span> <span class='ocrx_word' id='word_1_172' title='bbox 991 1671 1087 1705; x_wconf 84' lang='lat' dir='ltr'>regiae</span> 
     </span>
     <span class='ocr_line' id='line_1_24' title="bbox 84 1718 1086 1753; baseline 0.001 -8"><span class='ocrx_word' id='word_1_173' title='bbox 84 1719 261 1751; x_wconf 74' lang='lat' dir='ltr'>auferentes,</span> <span class='ocrx_word' id='word_1_174' title='bbox 284 1718 338 1746; x_wconf 90' lang='lat' dir='ltr'>illa</span> <span class='ocrx_word' id='word_1_175' title='bbox 359 1718 436 1753; x_wconf 89' lang='lat' dir='ltr'>apud</span> <span class='ocrx_word' id='word_1_176' title='bbox 462 1719 605 1753; x_wconf 79' lang='lat' dir='ltr'>quaedam</span> <span class='ocrx_word' id='word_1_177' title='bbox 629 1720 693 1746; x_wconf 90' lang='lat' dir='ltr'>loca</span> <span class='ocrx_word' id='word_1_178' title='bbox 716 1719 853 1753; x_wconf 85' lang='lat' dir='ltr'>religiosa</span> <span class='ocrx_word' id='word_1_179' title='bbox 872 1719 1086 1753; x_wconf 77' lang='lat' dir='ltr'>deposuissent,</span> 
     </span>
     <span class='ocr_line' id='line_1_25' title="bbox 86 1765 1087 1802; baseline 0.001 -9"><span class='ocrx_word' id='word_1_180' title='bbox 86 1773 161 1800; x_wconf 85' lang='lat' dir='ltr'>quae</span> <span class='ocrx_word' id='word_1_181' title='bbox 176 1765 251 1793; x_wconf 86' lang='lat' dir='ltr'>bona</span> <span class='ocrx_word' id='word_1_182' title='bbox 263 1766 432 1793; x_wconf 86' lang='lat' dir='ltr'>eorumdem</span> <span class='ocrx_word' id='word_1_183' title='bbox 445 1767 573 1794; x_wconf 85' lang='lat' dir='ltr'>locorum</span> <span class='ocrx_word' id='word_1_184' title='bbox 588 1769 712 1794; x_wconf 86' lang='lat' dir='ltr'>rectores</span> <span class='ocrx_word' id='word_1_185' title='bbox 725 1767 898 1794; x_wconf 82' lang='lat' dir='ltr'>detinebant</span> <span class='ocrx_word' id='word_1_186' title='bbox 911 1769 939 1794; x_wconf 89' lang='lat' dir='ltr'>et</span> <span class='ocrx_word' id='word_1_187' title='bbox 952 1767 1010 1801; x_wconf 90' lang='lat' dir='ltr'>ipsi</span> <span class='ocrx_word' id='word_1_188' title='bbox 1026 1767 1087 1802; x_wconf 80' lang='lat' dir='ltr'>regi</span> 
     </span>
     <span class='ocr_line' id='line_1_26' title="bbox 87 1814 1087 1849; baseline 0.001 -8"><span class='ocrx_word' id='word_1_189' title='bbox 87 1814 242 1841; x_wconf 83' lang='lat' dir='ltr'>restituere</span> <span class='ocrx_word' id='word_1_190' title='bbox 262 1814 462 1848; x_wconf 79' lang='lat' dir='ltr'>denegabant;</span> <span class='ocrx_word' id='word_1_191' title='bbox 483 1823 609 1849; x_wconf 84' lang='lat' dir='ltr'>cumque</span> <span class='ocrx_word' id='word_1_192' title='bbox 629 1815 664 1842; x_wconf 88' lang='lat' dir='ltr'>de</span> <span class='ocrx_word' id='word_1_193' title='bbox 688 1815 798 1842; x_wconf 87' lang='lat' dir='ltr'>eisdem</span> <span class='ocrx_word' id='word_1_194' title='bbox 826 1815 910 1842; x_wconf 91' lang='lat' dir='ltr'>bonis</span> <span class='ocrx_word' id='word_1_195' title='bbox 934 1816 1013 1842; x_wconf 89' lang='lat' dir='ltr'>idem</span> <span class='ocrx_word' id='word_1_196' title='bbox 1037 1824 1087 1842; x_wconf 80' lang='lat' dir='ltr'>rex</span> 
     </span>
     <span class='ocr_line' id='line_1_27' title="bbox 85 1860 1087 1897; baseline 0.002 -9"><span class='ocrx_word' id='word_1_197' title='bbox 85 1862 178 1889; x_wconf 84' lang='lat' dir='ltr'>vellet</span> <span class='ocrx_word' id='word_1_198' title='bbox 191 1860 359 1889; x_wconf 76' lang='lat' dir='ltr'>satisfacere</span> <span class='ocrx_word' id='word_1_199' title='bbox 371 1862 546 1896; x_wconf 89' lang='lat' dir='ltr'>quibusdam</span> <span class='ocrx_word' id='word_1_200' title='bbox 559 1863 702 1895; x_wconf 83' lang='lat' dir='ltr'>ecclesiis,</span> <span class='ocrx_word' id='word_1_201' title='bbox 715 1871 765 1897; x_wconf 90' lang='lat' dir='ltr'>pro</span> <span class='ocrx_word' id='word_1_202' title='bbox 776 1863 875 1890; x_wconf 89' lang='lat' dir='ltr'>debito</span> <span class='ocrx_word' id='word_1_203' title='bbox 889 1872 944 1897; x_wconf 85' lang='lat' dir='ltr'>quo</span> <span class='ocrx_word' id='word_1_204' title='bbox 955 1863 997 1890; x_wconf 89' lang='lat' dir='ltr'>eis</span> <span class='ocrx_word' id='word_1_205' title='bbox 1009 1866 1087 1890; x_wconf 87' lang='lat' dir='ltr'>tene-</span> 
     </span>
     <span class='ocr_line' id='line_1_28' title="bbox 85 1908 1088 1945; baseline 0.001 -9"><span class='ocrx_word' id='word_1_206' title='bbox 85 1909 174 1937; x_wconf 83' lang='lat' dir='ltr'>batur</span> <span class='ocrx_word' id='word_1_207' title='bbox 185 1908 353 1944; x_wconf 86' lang='lat' dir='ltr'>A[ndreas],</span> <span class='ocrx_word' id='word_1_208' title='bbox 370 1918 420 1937; x_wconf 77' lang='lat' dir='ltr'>rex</span> <span class='ocrx_word' id='word_1_209' title='bbox 436 1910 617 1944; x_wconf 83' lang='lat' dir='ltr'>Hungariae,</span> <span class='ocrx_word' id='word_1_210' title='bbox 632 1911 695 1944; x_wconf 81' lang='lat' dir='ltr'>ejus</span> <span class='ocrx_word' id='word_1_211' title='bbox 711 1914 803 1945; x_wconf 87' lang='lat' dir='ltr'>pater,</span> <span class='ocrx_word' id='word_1_212' title='bbox 819 1911 904 1944; x_wconf 82' lang='lat' dir='ltr'>juxta</span> <span class='ocrx_word' id='word_1_213' title='bbox 917 1911 1088 1945; x_wconf 87' lang='lat' dir='ltr'>dispositio-</span> 
     </span>
     <span class='ocr_line' id='line_1_29' title="bbox 85 1958 1087 1993; baseline 0.001 -9"><span class='ocrx_word' id='word_1_214' title='bbox 85 1966 155 1984; x_wconf 86' lang='lat' dir='ltr'>nem</span> <span class='ocrx_word' id='word_1_215' title='bbox 173 1958 360 1985; x_wconf 82' lang='lat' dir='ltr'>Praenestini</span> <span class='ocrx_word' id='word_1_216' title='bbox 377 1958 522 1992; x_wconf 84' lang='lat' dir='ltr'>episcopi,</span> <span class='ocrx_word' id='word_1_217' title='bbox 547 1959 617 1985; x_wconf 90' lang='lat' dir='ltr'>dum</span> <span class='ocrx_word' id='word_1_218' title='bbox 640 1959 671 1985; x_wconf 93' lang='lat' dir='ltr'>in</span> <span class='ocrx_word' id='word_1_219' title='bbox 691 1958 824 1993; x_wconf 87' lang='lat' dir='ltr'>partibus</span> <span class='ocrx_word' id='word_1_220' title='bbox 847 1959 909 1985; x_wconf 89' lang='lat' dir='ltr'>illis</span> <span class='ocrx_word' id='word_1_221' title='bbox 931 1959 1087 1993; x_wconf 80' lang='lat' dir='ltr'>legationis</span> 
     </span>
     <span class='ocr_line' id='line_1_30' title="bbox 86 2005 1088 2041; baseline 0.001 -9"><span class='ocrx_word' id='word_1_222' title='bbox 86 2005 182 2033; x_wconf 82' lang='lat' dir='ltr'>officio</span> <span class='ocrx_word' id='word_1_223' title='bbox 195 2006 365 2039; x_wconf 78' lang='lat' dir='ltr'>fungeretur</span> <span class='ocrx_word' id='word_1_224' title='bbox 375 2027 381 2038; x_wconf 89' lang='lat'>,</span> <span class='ocrx_word' id='word_1_225' title='bbox 398 2020 430 2024; x_wconf 96' lang='lat'><strong>—</strong></span> <span class='ocrx_word' id='word_1_226' title='bbox 445 2006 540 2033; x_wconf 85' lang='lat' dir='ltr'>dictos</span> <span class='ocrx_word' id='word_1_227' title='bbox 552 2006 703 2040; x_wconf 83' lang='lat' dir='ltr'>religiosos</span> <span class='ocrx_word' id='word_1_228' title='bbox 716 2006 752 2033; x_wconf 90' lang='lat' dir='ltr'>ad</span> <span class='ocrx_word' id='word_1_229' title='bbox 767 2006 983 2033; x_wconf 82' lang='lat' dir='ltr'>restitutionem</span> <span class='ocrx_word' id='word_1_230' title='bbox 1003 2015 1088 2041; x_wconf 89' lang='lat' dir='ltr'>prae-</span> 
     </span>
     <span class='ocr_line' id='line_1_31' title="bbox 86 2053 1088 2089; baseline 0.001 -9"><span class='ocrx_word' id='word_1_231' title='bbox 86 2053 233 2080; x_wconf 85' lang='lat' dir='ltr'>dictorum</span> <span class='ocrx_word' id='word_1_232' title='bbox 247 2053 387 2081; x_wconf 88' lang='lat' dir='ltr'>bonorum</span> <span class='ocrx_word' id='word_1_233' title='bbox 398 2075 404 2086; x_wconf 97' lang='lat'>,</span> <span class='ocrx_word' id='word_1_234' title='bbox 419 2054 449 2081; x_wconf 92' lang='lat' dir='ltr'>in</span> <span class='ocrx_word' id='word_1_235' title='bbox 466 2054 699 2081; x_wconf 74' lang='lat' dir='ltr'>satisfactionem</span> <span class='ocrx_word' id='word_1_236' title='bbox 715 2054 895 2089; x_wconf 85' lang='lat' dir='ltr'>praedictam</span> <span class='ocrx_word' id='word_1_237' title='bbox 913 2057 1088 2081; x_wconf 74' lang='lat' dir='ltr'>converten-</span> 
     </span>
     <span class='ocr_line' id='line_1_32' title="bbox 85 2101 1086 2136; baseline 0.002 -8"><span class='ocrx_word' id='word_1_238' title='bbox 85 2101 202 2134; x_wconf 83' lang='lat' dir='ltr'>dorum,</span> <span class='ocrx_word' id='word_1_239' title='bbox 222 2103 390 2136; x_wconf 85' lang='lat' dir='ltr'>compellat.</span> <span class='ocrx_word' id='word_1_240' title='bbox 412 2117 444 2120; x_wconf 97' lang='lat'><strong>—</strong></span> <span class='ocrx_word' id='word_1_241' title='bbox 460 2103 546 2134; x_wconf 72' lang='lat' dir='ltr'>(Rae.</span> <span class='ocrx_word' id='word_1_242' title='bbox 561 2102 606 2135; x_wconf 90' lang='lat'>18,</span> <span class='ocrx_word' id='word_1_243' title='bbox 620 2104 641 2129; x_wconf 82' lang='lat' dir='ltr'>f.</span> <span class='ocrx_word' id='word_1_244' title='bbox 658 2102 708 2129; x_wconf 79' lang='lat'>187</span> <span class='ocrx_word' id='word_1_245' title='bbox 724 2106 761 2135; x_wconf 78' lang='grc'>1·“;</span> <span class='ocrx_word' id='word_1_246' title='bbox 775 2111 845 2129; x_wconf 84' lang='grc'>31111.</span> <span class='ocrx_word' id='word_1_247' title='bbox 862 2103 902 2136; x_wconf 83' lang='grc' dir='ltr'>Χ,</span> <span class='ocrx_word' id='word_1_248' title='bbox 919 2111 943 2130; x_wconf 90' lang='grc'>6.</span> <span class='ocrx_word' id='word_1_249' title='bbox 967 2103 1035 2134; x_wconf 81' lang='grc'>200;</span> <span class='ocrx_word' id='word_1_250' title='bbox 1055 2118 1086 2121; x_wconf 93' lang='grc'><strong>-</strong></span> 
     </span>
     <span class='ocr_line' id='line_1_33' title="bbox 85 2149 777 2184; baseline 0.001 -7"><span class='ocrx_word' id='word_1_251' title='bbox 85 2149 221 2178; x_wconf 66' lang='grc' dir='ltr'>Μοειεᾼῐ]</span> <span class='ocrx_word' id='word_1_252' title='bbox 233 2151 312 2184; x_wconf 83' lang='grc'>1191,</span> <span class='ocrx_word' id='word_1_253' title='bbox 328 2151 348 2177; x_wconf 81' lang='lat' dir='ltr'>f.</span> <span class='ocrx_word' id='word_1_254' title='bbox 365 2150 433 2183; x_wconf 86' lang='lat'>108;</span> <span class='ocrx_word' id='word_1_255' title='bbox 450 2165 481 2169; x_wconf 89' lang='lat'>—</span> <span class='ocrx_word' id='word_1_256' title='bbox 496 2151 653 2179; x_wconf 56' lang='lat' dir='ltr'>Por-russi·</span> <span class='ocrx_word' id='word_1_257' title='bbox 667 2151 777 2183; x_wconf 73' lang='lat'>10:227.)</span> 
     </span>
    </p>
   </div>
   <div class='ocr_carea' id='block_1_6' title="bbox 86 2250 1085 2340">
    <p class='ocr_par' dir='ltr' id='par_1_6' title="bbox 86 2250 1085 2340">
     <span class='ocr_line' id='line_1_34' title="bbox 127 2250 1085 2287; baseline 0.003 -10"><span class='ocrx_word' id='word_1_258' title='bbox 127 2261 141 2276; x_wconf 69' lang='grc' dir='ltr'><strong><em>κ</em></strong></span> <span class='ocrx_word' id='word_1_259' title='bbox 167 2272 187 2278; x_wconf 94' lang='grc'>..</span> <span class='ocrx_word' id='word_1_260' title='bbox 209 2250 435 2287; x_wconf 79' lang='lat' dir='ltr'>archiepiscopo</span> <span class='ocrx_word' id='word_1_261' title='bbox 458 2251 620 2280; x_wconf 79' lang='lat' dir='ltr'>Colocensi.</span> <span class='ocrx_word' id='word_1_262' title='bbox 642 2251 822 2281; x_wconf 86' lang='lat' dir='ltr'>Karissimi</span> <span class='ocrx_word' id='word_1_263' title='bbox 837 2251 872 2280; x_wconf 90' lang='lat' dir='ltr'>in</span> <span class='ocrx_word' id='word_1_264' title='bbox 889 2251 1021 2282; x_wconf 88' lang='lat' dir='ltr'>Christo</span> <span class='ocrx_word' id='word_1_265' title='bbox 1036 2269 1085 2280; x_wconf 93' lang='lat'>—.</span> 
     </span>
     <span class='ocr_line' id='line_1_35' title="bbox 86 2302 887 2340; baseline 0 -8"><span class='ocrx_word' id='word_1_266' title='bbox 86 2302 162 2332; x_wconf 85' lang='lat' dir='ltr'>Dat.</span> <span class='ocrx_word' id='word_1_267' title='bbox 179 2302 292 2337; x_wconf 85' lang='lat' dir='ltr'>Reate,</span> <span class='ocrx_word' id='word_1_268' title='bbox 313 2303 345 2332; x_wconf 93' lang='lat'>11</span> <span class='ocrx_word' id='word_1_269' title='bbox 361 2302 436 2332; x_wconf 90' lang='lat' dir='ltr'>idus</span> <span class='ocrx_word' id='word_1_270' title='bbox 453 2303 596 2340; x_wconf 82' lang='lat' dir='ltr'>augusti,</span> <span class='ocrx_word' id='word_1_271' title='bbox 615 2312 701 2333; x_wconf 90' lang='lat' dir='ltr'>anno</span> <span class='ocrx_word' id='word_1_272' title='bbox 717 2303 855 2333; x_wconf 88' lang='lat' dir='ltr'>decimo.</span> <span class='ocrx_word' id='word_1_273' title='bbox 874 2315 887 2329; x_wconf 89' lang='lat'>»</span> 
     </span>
    </p>
   </div>
   <div class='ocr_carea' id='block_1_7' title="bbox 155 2471 1015 2504">
    <p class='ocr_par' dir='ltr' id='par_1_7' title="bbox 155 2471 1015 2504">
     <span class='ocr_line' id='line_1_36' title="bbox 155 2471 1015 2504; baseline -0.002 -4"><span class='ocrx_word' id='word_1_274' title='bbox 155 2472 272 2500; x_wconf 59' lang='lat'>329?</span> <span class='ocrx_word' id='word_1_275' title='bbox 701 2471 792 2504; x_wconf 70' lang='lat' dir='ltr'>meti,</span> <span class='ocrx_word' id='word_1_276' title='bbox 805 2471 840 2498; x_wconf 82' lang='lat'>20</span> <span class='ocrx_word' id='word_1_277' title='bbox 855 2474 923 2499; x_wconf 80' lang='lat' dir='ltr'>aont</span> <span class='ocrx_word' id='word_1_278' title='bbox 936 2471 1015 2499; x_wconf 81' lang='lat'>1236.</span> 
     </span>
    </p>
   </div>
   <div class='ocr_carea' id='block_1_8' title="bbox 83 2531 1088 2904">
    <p class='ocr_par' dir='ltr' id='par_1_8' title="bbox 83 2531 1088 2904">
     <span class='ocr_line' id='line_1_37' title="bbox 121 2531 1087 2566; baseline 0 -6"><span class='ocrx_word' id='word_1_279' title='bbox 121 2532 219 2560; x_wconf 88' lang='lat' dir='ltr'>Priori</span> <span class='ocrx_word' id='word_1_280' title='bbox 235 2533 338 2560; x_wconf 84' lang='lat' dir='ltr'>Sancti</span> <span class='ocrx_word' id='word_1_281' title='bbox 351 2532 451 2561; x_wconf 87' lang='lat' dir='ltr'>Jacobi</span> <span class='ocrx_word' id='word_1_282' title='bbox 467 2532 503 2559; x_wconf 90' lang='lat' dir='ltr'>de</span> <span class='ocrx_word' id='word_1_283' title='bbox 516 2531 656 2559; x_wconf 83' lang='lat' dir='ltr'>Eremitis</span> <span class='ocrx_word' id='word_1_284' title='bbox 675 2532 711 2558; x_wconf 91' lang='lat' dir='ltr'>de</span> <span class='ocrx_word' id='word_1_285' title='bbox 726 2531 835 2565; x_wconf 89' lang='lat' dir='ltr'>Ebu10‚</span> <span class='ocrx_word' id='word_1_286' title='bbox 856 2532 903 2565; x_wconf 63' lang='lat' dir='ltr'>P„</span> <span class='ocrx_word' id='word_1_287' title='bbox 917 2533 1087 2566; x_wconf 89' lang='lat' dir='ltr'>primicerio</span> 
     </span>
     <span class='ocr_line' id='line_1_38' title="bbox 84 2579 1087 2615; baseline 0.001 -7"><span class='ocrx_word' id='word_1_288' title='bbox 84 2581 311 2614; x_wconf 80' lang='lat' dir='ltr'>Beneventano,</span> <span class='ocrx_word' id='word_1_289' title='bbox 327 2583 356 2608; x_wconf 90' lang='lat' dir='ltr'>et</span> <span class='ocrx_word' id='word_1_290' title='bbox 376 2580 516 2615; x_wconf 85' lang='lat' dir='ltr'>magistro</span> <span class='ocrx_word' id='word_1_291' title='bbox 528 2580 656 2608; x_wconf 83' lang='lat' dir='ltr'>Johanni</span> <span class='ocrx_word' id='word_1_292' title='bbox 678 2579 714 2607; x_wconf 87' lang='lat' dir='ltr'>de</span> <span class='ocrx_word' id='word_1_293' title='bbox 729 2580 841 2607; x_wconf 86' lang='lat' dir='ltr'>Franco</span> <span class='ocrx_word' id='word_1_294' title='bbox 851 2601 858 2613; x_wconf 87' lang='lat'>,</span> <span class='ocrx_word' id='word_1_295' title='bbox 873 2581 1014 2608; x_wconf 91' lang='lat' dir='ltr'>canonico</span> <span class='ocrx_word' id='word_1_296' title='bbox 1030 2581 1087 2609; x_wconf 88' lang='lat' dir='ltr'>Ca-</span> 
     </span>
     <span class='ocr_line' id='line_1_39' title="bbox 83 2628 1087 2665; baseline 0 -9"><span class='ocrx_word' id='word_1_297' title='bbox 83 2637 194 2665; x_wconf 79' lang='lat' dir='ltr'>puano,</span> <span class='ocrx_word' id='word_1_298' title='bbox 210 2629 332 2656; x_wconf 86' lang='lat' dir='ltr'>mandat</span> <span class='ocrx_word' id='word_1_299' title='bbox 347 2632 491 2663; x_wconf 88' lang='lat' dir='ltr'>quatenus</span> <span class='ocrx_word' id='word_1_300' title='bbox 506 2637 624 2655; x_wconf 84' lang='lat' dir='ltr'>eausam</span> <span class='ocrx_word' id='word_1_301' title='bbox 641 2628 780 2655; x_wconf 83' lang='lat' dir='ltr'>Barensis</span> <span class='ocrx_word' id='word_1_302' title='bbox 795 2629 1010 2664; x_wconf 85' lang='lat' dir='ltr'>archiepiscopi</span> <span class='ocrx_word' id='word_1_303' title='bbox 1020 2638 1087 2657; x_wconf 89' lang='lat' dir='ltr'>con—</span> 
     </span>
     <span class='ocr_line' id='line_1_40' title="bbox 84 2676 1087 2712; baseline 0.001 -8"><span class='ocrx_word' id='word_1_304' title='bbox 84 2679 133 2705; x_wconf 82' lang='lat' dir='ltr'>tra</span> <span class='ocrx_word' id='word_1_305' title='bbox 145 2677 308 2712; x_wconf 82' lang='lat' dir='ltr'>capitulum</span> <span class='ocrx_word' id='word_1_306' title='bbox 325 2677 465 2705; x_wconf 88' lang='lat' dir='ltr'>ecelesiae</span> <span class='ocrx_word' id='word_1_307' title='bbox 478 2677 581 2704; x_wconf 87' lang='lat' dir='ltr'>Sancti</span> <span class='ocrx_word' id='word_1_308' title='bbox 591 2677 620 2704; x_wconf 91' lang='lat' dir='ltr'>N</span> <span class='ocrx_word' id='word_1_309' title='bbox 622 2676 709 2704; x_wconf 88' lang='lat' dir='ltr'>icolai</span> <span class='ocrx_word' id='word_1_310' title='bbox 723 2676 862 2704; x_wconf 77' lang='lat' dir='ltr'>Bai-ensis</span> <span class='ocrx_word' id='word_1_311' title='bbox 875 2677 998 2705; x_wconf 86' lang='lat' dir='ltr'>audiant</span> <span class='ocrx_word' id='word_1_312' title='bbox 1009 2681 1037 2705; x_wconf 87' lang='lat' dir='ltr'>et</span> <span class='ocrx_word' id='word_1_313' title='bbox 1049 2678 1087 2705; x_wconf 89' lang='lat' dir='ltr'>ad</span> 
     </span>
     <span class='ocr_line' id='line_1_41' title="bbox 85 2725 1087 2760; baseline 0.001 -7"><span class='ocrx_word' id='word_1_314' title='bbox 85 2725 193 2753; x_wconf 84' lang='lat' dir='ltr'>Sedem</span> <span class='ocrx_word' id='word_1_315' title='bbox 208 2726 409 2760; x_wconf 89' lang='lat' dir='ltr'>Apostolicam</span> <span class='ocrx_word' id='word_1_316' title='bbox 425 2726 581 2753; x_wconf 86' lang='lat' dir='ltr'>remittant</span> <span class='ocrx_word' id='word_1_317' title='bbox 601 2725 779 2752; x_wconf 83' lang='lat' dir='ltr'>sufficienter</span> <span class='ocrx_word' id='word_1_318' title='bbox 801 2725 994 2758; x_wconf 84' lang='lat' dir='ltr'>instructam;</span> <span class='ocrx_word' id='word_1_319' title='bbox 1013 2727 1087 2754; x_wconf 90' lang='lat' dir='ltr'>alio—</span> 
     </span>
     <span class='ocr_line' id='line_1_42' title="bbox 85 2771 1088 2809; baseline -0.001 -7"><span class='ocrx_word' id='word_1_320' title='bbox 85 2774 158 2809; x_wconf 80' lang='lat' dir='ltr'>quin</span> <span class='ocrx_word' id='word_1_321' title='bbox 174 2774 306 2809; x_wconf 83' lang='lat' dir='ltr'>partibus</span> <span class='ocrx_word' id='word_1_322' title='bbox 323 2774 482 2809; x_wconf 80' lang='lat' dir='ltr'>injungant</span> <span class='ocrx_word' id='word_1_323' title='bbox 498 2776 530 2801; x_wconf 88' lang='lat' dir='ltr'>ut</span> <span class='ocrx_word' id='word_1_324' title='bbox 545 2781 642 2801; x_wconf 88' lang='lat' dir='ltr'>coram</span> <span class='ocrx_word' id='word_1_325' title='bbox 661 2771 846 2808; x_wconf 83' lang='lat' dir='ltr'>S[tephano]‚</span> <span class='ocrx_word' id='word_1_326' title='bbox 863 2773 946 2800; x_wconf 92' lang='lat' dir='ltr'>tituli</span> <span class='ocrx_word' id='word_1_327' title='bbox 961 2773 1088 2801; x_wconf 76' lang='lat' dir='ltr'>Sanctae</span> 
     </span>
     <span class='ocr_line' id='line_1_43' title="bbox 85 2820 1086 2857; baseline -0.001 -7"><span class='ocrx_word' id='word_1_328' title='bbox 85 2822 202 2850; x_wconf 81' lang='lat' dir='ltr'>Mariae</span> <span class='ocrx_word' id='word_1_329' title='bbox 226 2822 440 2850; x_wconf 83' lang='lat' dir='ltr'>Transtiberim</span> <span class='ocrx_word' id='word_1_330' title='bbox 460 2821 632 2857; x_wconf 84' lang='lat' dir='ltr'>presbytero</span> <span class='ocrx_word' id='word_1_331' title='bbox 651 2820 808 2854; x_wconf 88' lang='lat' dir='ltr'>cardinali,</span> <span class='ocrx_word' id='word_1_332' title='bbox 832 2824 1031 2856; x_wconf 83' lang='lat' dir='ltr'>compareant.</span> <span class='ocrx_word' id='word_1_333' title='bbox 1054 2837 1086 2841; x_wconf 97' lang='lat'><strong>—</strong></span> 
     </span>
     <span class='ocr_line' id='line_1_44' title="bbox 85 2869 664 2904; baseline -0.002 -7"><span class='ocrx_word' id='word_1_334' title='bbox 85 2870 174 2903; x_wconf 65' lang='lat' dir='ltr'>(Rae.</span> <span class='ocrx_word' id='word_1_335' title='bbox 186 2869 230 2904; x_wconf 89' lang='lat'>18,</span> <span class='ocrx_word' id='word_1_336' title='bbox 247 2871 267 2897; x_wconf 82' lang='lat' dir='ltr'>f.</span> <span class='ocrx_word' id='word_1_337' title='bbox 281 2870 334 2898; x_wconf 85' lang='lat'>187</span> <span class='ocrx_word' id='word_1_338' title='bbox 346 2873 383 2903; x_wconf 83' lang='lat' dir='ltr'>r·;</span> <span class='ocrx_word' id='word_1_339' title='bbox 399 2878 469 2897; x_wconf 91' lang='lat' dir='ltr'>ann.</span> <span class='ocrx_word' id='word_1_340' title='bbox 486 2870 530 2903; x_wconf 89' lang='lat' dir='ltr'>X,</span> <span class='ocrx_word' id='word_1_341' title='bbox 547 2877 572 2896; x_wconf 90' lang='lat' dir='ltr'>c.</span> <span class='ocrx_word' id='word_1_342' title='bbox 588 2869 664 2900; x_wconf 83' lang='lat'>201.)</span> 
     </span>
    </p>
   </div>
   <div class='ocr_carea' id='block_1_9' title="bbox 125 2969 1087 3064">
    <p class='ocr_par' dir='ltr' id='par_1_9' title="bbox 125 2969 1087 3064">
     <span class='ocr_line' id='line_1_45' title="bbox 125 2969 1087 3008; baseline 0.001 -10"><span class='ocrx_word' id='word_1_343' title='bbox 125 2981 140 2996; x_wconf 76' lang='grc' dir='ltr'>ι</span> <span class='ocrx_word' id='word_1_344' title='bbox 160 2969 208 3008; x_wconf 92' lang='grc'>[..]</span> <span class='ocrx_word' id='word_1_345' title='bbox 225 2971 324 3006; x_wconf 62' lang='lat' dir='ltr'>priori</span> <span class='ocrx_word' id='word_1_346' title='bbox 338 2971 445 3001; x_wconf 78' lang='lat' dir='ltr'>Sancti</span> <span class='ocrx_word' id='word_1_347' title='bbox 458 2971 561 3000; x_wconf 83' lang='lat' dir='ltr'>Jacobi</span> <span class='ocrx_word' id='word_1_348' title='bbox 580 2970 614 2999; x_wconf 78' lang='lat' dir='ltr'>de</span> <span class='ocrx_word' id='word_1_349' title='bbox 627 2969 789 2999; x_wconf 78' lang='lat' dir='ltr'>Heremitis</span> <span class='ocrx_word' id='word_1_350' title='bbox 806 2969 841 2998; x_wconf 82' lang='lat' dir='ltr'>cle</span> <span class='ocrx_word' id='word_1_351' title='bbox 859 2970 966 3006; x_wconf 78' lang='lat' dir='ltr'>Ebu10‚</span> <span class='ocrx_word' id='word_1_352' title='bbox 989 2970 1087 2999; x_wconf 77' lang='lat' dir='ltr'>Saler-</span> 
     </span>
     <span class='ocr_line' id='line_1_46' title="bbox 204 3028 548 3064; baseline 0.003 -6"><span class='ocrx_word' id='word_1_353' title='bbox 204 3028 388 3060; x_wconf 64' lang='lat' dir='ltr'>Gnaoomn</span> <span class='ocrx_word' id='word_1_354' title='bbox 405 3035 457 3064; x_wconf 84' lang='lat' dir='ltr'>lx,</span> <span class='ocrx_word' id='word_1_355' title='bbox 474 3037 494 3060; x_wconf 83' lang='lat' dir='ltr'>t.</span> <span class='ocrx_word' id='word_1_356' title='bbox 511 3035 548 3060; x_wconf 89' lang='lat'>11.</span> 
     </span>
    </p>
   </div>
   <div class='ocr_carea' id='block_1_10' title="bbox 1165 408 2171 2852">
    <p class='ocr_par' dir='ltr' id='par_1_10' title="bbox 1165 408 2171 2852">
     <span class='ocr_line' id='line_1_47' title="bbox 1170 408 2170 447; baseline 0.003 -12"><span class='ocrx_word' id='word_1_357' title='bbox 1170 408 1275 436; x_wconf 81' lang='lat' dir='ltr'>nitane</span> <span class='ocrx_word' id='word_1_358' title='bbox 1299 408 1432 442; x_wconf 77' lang='lat' dir='ltr'>diocesis,</span> <span class='ocrx_word' id='word_1_359' title='bbox 1458 409 1503 441; x_wconf 73' lang='lat' dir='ltr'>P..</span> <span class='ocrx_word' id='word_1_360' title='bbox 1522 410 1701 446; x_wconf 79' lang='lat' dir='ltr'>primicerio</span> <span class='ocrx_word' id='word_1_361' title='bbox 1724 409 1945 445; x_wconf 75' lang='lat' dir='ltr'>Beneventano,</span> <span class='ocrx_word' id='word_1_362' title='bbox 1969 416 1994 439; x_wconf 84' lang='lat' dir='ltr'>et</span> <span class='ocrx_word' id='word_1_363' title='bbox 2024 411 2170 447; x_wconf 69' lang='lat' dir='ltr'>niaqislro</span> 
     </span>
     <span class='ocr_line' id='line_1_48' title="bbox 1167 460 2169 500; baseline 0.003 -12"><span class='ocrx_word' id='word_1_364' title='bbox 1167 460 1320 488; x_wconf 74' lang='lat' dir='ltr'>Johannt&#39;</span> <span class='ocrx_word' id='word_1_365' title='bbox 1340 460 1373 488; x_wconf 79' lang='lat' dir='ltr'>de</span> <span class='ocrx_word' id='word_1_366' title='bbox 1390 460 1516 493; x_wconf 81' lang='lat' dir='ltr'>Franco,</span> <span class='ocrx_word' id='word_1_367' title='bbox 1534 462 1680 489; x_wconf 74' lang='lat' dir='ltr'>canonico</span> <span class='ocrx_word' id='word_1_368' title='bbox 1696 461 1848 498; x_wconf 78' lang='lat' dir='ltr'>Capuano.</span> <span class='ocrx_word' id='word_1_369' title='bbox 1872 462 1908 491; x_wconf 93' lang='lat' dir='ltr'>In</span> <span class='ocrx_word' id='word_1_370' title='bbox 1929 470 2026 491; x_wconf 81' lang='lat' dir='ltr'>causa</span> <span class='ocrx_word' id='word_1_371' title='bbox 2043 471 2105 500; x_wconf 77' lang='lat' dir='ltr'>que</span> <span class='ocrx_word' id='word_1_372' title='bbox 2121 462 2169 491; x_wconf 87' lang='lat' dir='ltr'>in-</span> 
     </span>
     <span class='ocr_line' id='line_1_49' title="bbox 1171 511 2168 543; baseline 0.003 -3"><span class='ocrx_word' id='word_1_373' title='bbox 1171 515 1218 540; x_wconf 86' lang='lat' dir='ltr'>ter</span> <span class='ocrx_word' id='word_1_374' title='bbox 1238 511 1459 541; x_wconf 82' lang='lat' dir='ltr'>venerabilem</span> <span class='ocrx_word' id='word_1_375' title='bbox 1481 512 1615 542; x_wconf 81' lang='lat' dir='ltr'>fratrem</span> <span class='ocrx_word' id='word_1_376' title='bbox 1642 517 1788 542; x_wconf 87' lang='lat' dir='ltr'>nostrum</span> <span class='ocrx_word' id='word_1_377' title='bbox 1809 536 1829 541; x_wconf 90' lang='lat'>..</span> <span class='ocrx_word' id='word_1_378' title='bbox 1851 514 2029 543; x_wconf 72' lang='lat' dir='ltr'>Bai-ensem</span> <span class='ocrx_word' id='word_1_379' title='bbox 2058 513 2168 543; x_wconf 87' lang='lat' dir='ltr'>archi-</span> 
     </span>
     <span class='ocr_line' id='line_1_50' title="bbox 1170 563 2168 602; baseline 0.003 -10"><span class='ocrx_word' id='word_1_380' title='bbox 1170 563 1374 602; x_wconf 85' lang='lat' dir='ltr'>episcopum,</span> <span class='ocrx_word' id='word_1_381' title='bbox 1392 574 1429 594; x_wconf 85' lang='lat' dir='ltr'>ex</span> <span class='ocrx_word' id='word_1_382' title='bbox 1447 569 1537 602; x_wconf 84' lang='lat' dir='ltr'>parte</span> <span class='ocrx_word' id='word_1_383' title='bbox 1555 574 1635 598; x_wconf 73' lang='lat' dir='ltr'>una,</span> <span class='ocrx_word' id='word_1_384' title='bbox 1654 569 1683 594; x_wconf 84' lang='lat' dir='ltr'>et</span> <span class='ocrx_word' id='word_1_385' title='bbox 1701 565 1881 602; x_wconf 78' lang='lat' dir='ltr'>capitulum</span> <span class='ocrx_word' id='word_1_386' title='bbox 1903 565 2040 596; x_wconf 65' lang='lat' dir='ltr'>ecclesie</span> <span class='ocrx_word' id='word_1_387' title='bbox 2055 566 2168 596; x_wconf 78' lang='lat' dir='ltr'>Sancti</span> 
     </span>
     <span class='ocr_line' id='line_1_51' title="bbox 1170 615 2166 655; baseline 0.003 -11"><span class='ocrx_word' id='word_1_388' title='bbox 1170 615 1299 644; x_wconf 78' lang='lat' dir='ltr'>Nicolai</span> <span class='ocrx_word' id='word_1_389' title='bbox 1316 616 1484 651; x_wconf 79' lang='lat' dir='ltr'>Bai-ensis,</span> <span class='ocrx_word' id='word_1_390' title='bbox 1502 625 1538 645; x_wconf 79' lang='lat' dir='ltr'>cx</span> <span class='ocrx_word' id='word_1_391' title='bbox 1558 616 1670 646; x_wconf 85' lang='lat' dir='ltr'>altera.</span> <span class='ocrx_word' id='word_1_392' title='bbox 1691 617 1838 651; x_wconf 80' lang='lat' dir='ltr'>vertitur,</span> <span class='ocrx_word' id='word_1_393' title='bbox 1854 626 1952 655; x_wconf 81' lang='lat' dir='ltr'>super</span> <span class='ocrx_word' id='word_1_394' title='bbox 1967 618 2166 652; x_wconf 81' lang='lat' dir='ltr'>obedientia,</span> 
     </span>
     <span class='ocr_line' id='line_1_52' title="bbox 1170 667 2168 708; baseline 0.003 -12"><span class='ocrx_word' id='word_1_395' title='bbox 1170 667 1355 697; x_wconf 84' lang='lat' dir='ltr'>reverentia</span> <span class='ocrx_word' id='word_1_396' title='bbox 1375 672 1406 697; x_wconf 90' lang='lat' dir='ltr'>et</span> <span class='ocrx_word' id='word_1_397' title='bbox 1428 667 1525 697; x_wconf 87' lang='lat' dir='ltr'>rebus</span> <span class='ocrx_word' id='word_1_398' title='bbox 1545 667 1634 698; x_wconf 84' lang='lat' dir='ltr'>aliis.</span> <span class='ocrx_word' id='word_1_399' title='bbox 1655 678 1736 706; x_wconf 79' lang='lat' dir='ltr'>quas</span> <span class='ocrx_word' id='word_1_400' title='bbox 1757 668 1841 697; x_wconf 82' lang='lat' dir='ltr'>idem</span> <span class='ocrx_word' id='word_1_401' title='bbox 1860 670 2127 708; x_wconf 77' lang='lat' dir='ltr'>archiepiscopus</span> <span class='ocrx_word' id='word_1_402' title='bbox 2150 679 2168 699; x_wconf 91' lang='lat' dir='ltr'>a</span> 
     </span>
     <span class='ocr_line' id='line_1_53' title="bbox 1170 719 2168 758; baseline 0.005 -11"><span class='ocrx_word' id='word_1_403' title='bbox 1170 719 1256 748; x_wconf 86' lang='lat' dir='ltr'>dicta</span> <span class='ocrx_word' id='word_1_404' title='bbox 1275 719 1413 749; x_wconf 81' lang='lat' dir='ltr'>ccclesia</span> <span class='ocrx_word' id='word_1_405' title='bbox 1436 720 1500 749; x_wconf 86' lang='lat' dir='ltr'>sibi</span> <span class='ocrx_word' id='word_1_406' title='bbox 1517 720 1627 749; x_wconf 80' lang='lat' dir='ltr'>deberi</span> <span class='ocrx_word' id='word_1_407' title='bbox 1650 721 1810 758; x_wconf 79' lang='lat' dir='ltr'>proponit,</span> <span class='ocrx_word' id='word_1_408' title='bbox 1829 721 1946 751; x_wconf 85' lang='lat' dir='ltr'>‹lilccto</span> <span class='ocrx_word' id='word_1_409' title='bbox 1968 722 2036 751; x_wconf 84' lang='lat' dir='ltr'>lilio</span> <span class='ocrx_word' id='word_1_410' title='bbox 2057 726 2168 752; x_wconf 84' lang='lat' dir='ltr'>nostro</span> 
     </span>
     <span class='ocr_line' id='line_1_54' title="bbox 1170 771 2168 811; baseline 0.003 -11"><span class='ocrx_word' id='word_1_411' title='bbox 1170 771 1373 810; x_wconf 83' lang='lat' dir='ltr'>S[tephano],</span> <span class='ocrx_word' id='word_1_412' title='bbox 1397 771 1484 801; x_wconf 87' lang='lat' dir='ltr'>tituli</span> <span class='ocrx_word' id='word_1_413' title='bbox 1508 772 1626 802; x_wconf 82' lang='lat' dir='ltr'>Sancte</span> <span class='ocrx_word' id='word_1_414' title='bbox 1648 773 1750 801; x_wconf 77' lang='lat' dir='ltr'>Marie</span> <span class='ocrx_word' id='word_1_415' title='bbox 1771 773 2019 811; x_wconf 71' lang='lat' dir='ltr'>&#39;I&#39;ranstybcrim</span> <span class='ocrx_word' id='word_1_416' title='bbox 2042 774 2168 811; x_wconf 82' lang='lat' dir='ltr'>presbi-</span> 
     </span>
     <span class='ocr_line' id='line_1_55' title="bbox 1171 824 2167 864; baseline 0.001 -11"><span class='ocrx_word' id='word_1_417' title='bbox 1171 828 1238 853; x_wconf 83' lang='lat' dir='ltr'>tero</span> <span class='ocrx_word' id='word_1_418' title='bbox 1258 824 1428 858; x_wconf 81' lang='lat' dir='ltr'>cardinali,</span> <span class='ocrx_word' id='word_1_419' title='bbox 1447 834 1463 853; x_wconf 90' lang='lat' dir='ltr'>a</span> <span class='ocrx_word' id='word_1_420' title='bbox 1481 824 1575 853; x_wconf 84' lang='lat' dir='ltr'>nobis</span> <span class='ocrx_word' id='word_1_421' title='bbox 1592 825 1739 854; x_wconf 71' lang='grc'>3111111016</span> <span class='ocrx_word' id='word_1_422' title='bbox 1754 834 1918 860; x_wconf 75' lang='lat' dir='ltr'>concesso,</span> <span class='ocrx_word' id='word_1_423' title='bbox 1933 826 2030 855; x_wconf 86' lang='lat' dir='ltr'>idem.</span> <span class='ocrx_word' id='word_1_424' title='bbox 2043 831 2167 864; x_wconf 86' lang='lat' dir='ltr'>partem</span> 
     </span>
     <span class='ocr_line' id='line_1_56' title="bbox 1170 876 2168 916; baseline 0.002 -11"><span class='ocrx_word' id='word_1_425' title='bbox 1170 876 1306 914; x_wconf 86' lang='lat' dir='ltr'>capituli</span> <span class='ocrx_word' id='word_1_426' title='bbox 1330 881 1485 915; x_wconf 83' lang='lat' dir='ltr'>reputans</span> <span class='ocrx_word' id='word_1_427' title='bbox 1506 881 1742 910; x_wconf 81' lang='lat' dir='ltr'>contumacem,</span> <span class='ocrx_word' id='word_1_428' title='bbox 1769 877 1902 907; x_wconf 77' lang='lat' dir='ltr'>ahsente</span> <span class='ocrx_word' id='word_1_429' title='bbox 1926 878 2014 915; x_wconf 67' lang='lat' dir='ltr'>ipsa,</span> <span class='ocrx_word' id='word_1_430' title='bbox 2039 878 2168 916; x_wconf 74' lang='lat' dir='ltr'>deposi-</span> 
     </span>
     <span class='ocr_line' id='line_1_57' title="bbox 1171 928 2167 966; baseline 0.002 -9"><span class='ocrx_word' id='word_1_431' title='bbox 1171 928 1276 958; x_wconf 83' lang='lat' dir='ltr'>tiones</span> <span class='ocrx_word' id='word_1_432' title='bbox 1309 929 1441 958; x_wconf 83' lang='lat' dir='ltr'>testium</span> <span class='ocrx_word' id='word_1_433' title='bbox 1470 933 1672 966; x_wconf 75' lang='lat' dir='ltr'>receptorum</span> <span class='ocrx_word' id='word_1_434' title='bbox 1701 939 1756 966; x_wconf 85' lang='lat' dir='ltr'>per</span> <span class='ocrx_word' id='word_1_435' title='bbox 1781 929 2002 958; x_wconf 53' lang='lat' dir='ltr'>venerabil-‘rm</span> <span class='ocrx_word' id='word_1_436' title='bbox 2031 930 2167 960; x_wconf 81' lang='lat' dir='ltr'>fratrem</span> 
     </span>
     <span class='ocr_line' id='line_1_58' title="bbox 1171 981 2166 1020; baseline 0.002 -11"><span class='ocrx_word' id='word_1_437' title='bbox 1171 985 1319 1010; x_wconf 87' lang='lat' dir='ltr'>nostrum</span> <span class='ocrx_word' id='word_1_438' title='bbox 1347 1004 1368 1009; x_wconf 95' lang='lat'>..</span> <span class='ocrx_word' id='word_1_439' title='bbox 1394 981 1570 1020; x_wconf 88' lang='lat' dir='ltr'>Trojanum</span> <span class='ocrx_word' id='word_1_440' title='bbox 1598 981 1784 1019; x_wconf 84' lang='lat' dir='ltr'>episcopum</span> <span class='ocrx_word' id='word_1_441' title='bbox 1816 986 1844 1010; x_wconf 81' lang='lat' dir='ltr'>et</span> <span class='ocrx_word' id='word_1_442' title='bbox 1874 981 1944 1019; x_wconf 78' lang='lat' dir='ltr'>ejus</span> <span class='ocrx_word' id='word_1_443' title='bbox 1967 982 2166 1020; x_wconf 82' lang='lat' dir='ltr'>conjudices.</span> 
     </span>
     <span class='ocr_line' id='line_1_59' title="bbox 1169 1032 2168 1072; baseline 0.002 -11"><span class='ocrx_word' id='word_1_444' title='bbox 1169 1032 1335 1070; x_wconf 78' lang='lat' dir='ltr'>delegatos</span> <span class='ocrx_word' id='word_1_445' title='bbox 1360 1042 1378 1062; x_wconf 86' lang='lat' dir='ltr'>a</span> <span class='ocrx_word' id='word_1_446' title='bbox 1398 1033 1480 1063; x_wconf 83' lang='lat' dir='ltr'>Sede</span> <span class='ocrx_word' id='word_1_447' title='bbox 1508 1033 1712 1071; x_wconf 50' lang='grc' dir='ltr'>,1905101163Ὗ</span> <span class='ocrx_word' id='word_1_448' title='bbox 1745 1033 1935 1070; x_wconf 74' lang='lat' dir='ltr'>publicavit.</span> <span class='ocrx_word' id='word_1_449' title='bbox 1961 1034 2077 1064; x_wconf 83' lang='lat' dir='ltr'>Coram</span> <span class='ocrx_word' id='word_1_450' title='bbox 2104 1043 2168 1072; x_wconf 82' lang='lat' dir='ltr'>quo</span> 
     </span>
     <span class='ocr_line' id='line_1_60' title="bbox 1169 1085 2167 1123; baseline 0.001 -9"><span class='ocrx_word' id='word_1_451' title='bbox 1169 1085 1375 1122; x_wconf 86' lang='lat' dir='ltr'>postmodum</span> <span class='ocrx_word' id='word_1_452' title='bbox 1405 1094 1479 1123; x_wconf 88' lang='lat' dir='ltr'>pars</span> <span class='ocrx_word' id='word_1_453' title='bbox 1512 1085 1647 1123; x_wconf 90' lang='lat' dir='ltr'>capituli</span> <span class='ocrx_word' id='word_1_454' title='bbox 1684 1085 1782 1114; x_wconf 86' lang='lat' dir='ltr'>citata</span> <span class='ocrx_word' id='word_1_455' title='bbox 1824 1094 1880 1122; x_wconf 84' lang='lat' dir='ltr'>per</span> <span class='ocrx_word' id='word_1_456' title='bbox 1924 1091 2167 1123; x_wconf 74' lang='lat' dir='ltr'>procuratorem</span> 
     </span>
     <span class='ocr_line' id='line_1_61' title="bbox 1169 1137 2168 1177; baseline 0.001 -10"><span class='ocrx_word' id='word_1_457' title='bbox 1169 1138 1318 1176; x_wconf 80' lang='lat' dir='ltr'>exposuit</span> <span class='ocrx_word' id='word_1_458' title='bbox 1344 1138 1430 1176; x_wconf 88' lang='lat' dir='ltr'>quod</span> <span class='ocrx_word' id='word_1_459' title='bbox 1452 1137 1730 1176; x_wconf 75' lang='lat' dir='ltr'>archiepiscopus.</span> <span class='ocrx_word' id='word_1_460' title='bbox 1756 1138 1812 1167; x_wconf 85' lang='lat' dir='ltr'>lite</span> <span class='ocrx_word' id='word_1_461' title='bbox 1833 1138 2005 1175; x_wconf 82' lang='lat' dir='ltr'>pendente.</span> <span class='ocrx_word' id='word_1_462' title='bbox 2029 1139 2168 1177; x_wconf 76' lang='lat' dir='ltr'>pulsatis</span> 
     </span>
     <span class='ocr_line' id='line_1_62' title="bbox 1169 1190 2169 1228; baseline 0 -8"><span class='ocrx_word' id='word_1_463' title='bbox 1169 1190 1353 1228; x_wconf 84' lang='lat' dir='ltr'>campanis,</span> <span class='ocrx_word' id='word_1_464' title='bbox 1380 1191 1719 1220; x_wconf 73' lang='lat' dir='ltr'>excommunicaverat</span> <span class='ocrx_word' id='word_1_465' title='bbox 1744 1195 1773 1220; x_wconf 88' lang='lat' dir='ltr'>et</span> <span class='ocrx_word' id='word_1_466' title='bbox 1800 1191 2112 1220; x_wconf 72' lang='lat' dir='ltr'>excommunicabat.</span> <span class='ocrx_word' id='word_1_467' title='bbox 2138 1196 2169 1221; x_wconf 87' lang='lat' dir='ltr'>et</span> 
     </span>
     <span class='ocr_line' id='line_1_63' title="bbox 1169 1242 2168 1281; baseline 0.002 -10"><span class='ocrx_word' id='word_1_468' title='bbox 1169 1242 1298 1281; x_wconf 86' lang='lat' dir='ltr'>publice</span> <span class='ocrx_word' id='word_1_469' title='bbox 1315 1242 1505 1272; x_wconf 85' lang='lat' dir='ltr'>inhibuerat</span> <span class='ocrx_word' id='word_1_470' title='bbox 1522 1247 1553 1272; x_wconf 88' lang='lat' dir='ltr'>et</span> <span class='ocrx_word' id='word_1_471' title='bbox 1575 1242 1757 1273; x_wconf 74' lang='lat' dir='ltr'>inhibebat,</span> <span class='ocrx_word' id='word_1_472' title='bbox 1781 1251 1816 1271; x_wconf 87' lang='lat' dir='ltr'>ac</span> <span class='ocrx_word' id='word_1_473' title='bbox 1838 1243 1972 1272; x_wconf 78' lang='lat' dir='ltr'>extorsit</span> <span class='ocrx_word' id='word_1_474' title='bbox 1991 1243 2168 1281; x_wconf 79' lang='lat' dir='ltr'>aliquando</span> 
     </span>
     <span class='ocr_line' id='line_1_64' title="bbox 1165 1294 2168 1334; baseline 0 -10"><span class='ocrx_word' id='word_1_475' title='bbox 1165 1295 1402 1334; x_wconf 87' lang='lat' dir='ltr'>juramentum,</span> <span class='ocrx_word' id='word_1_476' title='bbox 1420 1304 1461 1325; x_wconf 93' lang='lat' dir='ltr'>nc</span> <span class='ocrx_word' id='word_1_477' title='bbox 1477 1295 1562 1333; x_wconf 86' lang='lat' dir='ltr'>quis,</span> <span class='ocrx_word' id='word_1_478' title='bbox 1580 1295 1738 1324; x_wconf 85' lang='lat' dir='ltr'>Barensis</span> <span class='ocrx_word' id='word_1_479' title='bbox 1756 1294 1804 1324; x_wconf 79' lang='lat' dir='ltr'>vel</span> <span class='ocrx_word' id='word_1_480' title='bbox 1822 1294 1918 1329; x_wconf 83' lang='lat' dir='ltr'>alius,</span> <span class='ocrx_word' id='word_1_481' title='bbox 1938 1295 1977 1324; x_wconf 87' lang='lat' dir='ltr'>ad</span> <span class='ocrx_word' id='word_1_482' title='bbox 1996 1295 2168 1325; x_wconf 76' lang='lat' dir='ltr'>ecclesiam</span> 
     </span>
     <span class='ocr_line' id='line_1_65' title="bbox 1168 1347 2169 1385; baseline -0.001 -8"><span class='ocrx_word' id='word_1_483' title='bbox 1168 1347 1275 1385; x_wconf 89' lang='lat' dir='ltr'>ipsam</span> <span class='ocrx_word' id='word_1_484' title='bbox 1300 1347 1442 1382; x_wconf 87' lang='lat' dir='ltr'>accedat,</span> <span class='ocrx_word' id='word_1_485' title='bbox 1467 1347 1579 1377; x_wconf 82' lang='lat' dir='ltr'>divina</span> <span class='ocrx_word' id='word_1_486' title='bbox 1599 1347 1644 1376; x_wconf 92' lang='lat' dir='ltr'>ibi</span> <span class='ocrx_word' id='word_1_487' title='bbox 1667 1347 1789 1381; x_wconf 87' lang='lat' dir='ltr'>audiat,</span> <span class='ocrx_word' id='word_1_488' title='bbox 1812 1348 1938 1381; x_wconf 72' lang='lat' dir='ltr'>offerat,</span> <span class='ocrx_word' id='word_1_489' title='bbox 1966 1347 2169 1385; x_wconf 83' lang='lat' dir='ltr'>sepulturam</span> 
     </span>
     <span class='ocr_line' id='line_1_66' title="bbox 1169 1399 2169 1439; baseline 0 -9"><span class='ocrx_word' id='word_1_490' title='bbox 1169 1399 1280 1438; x_wconf 84' lang='lat' dir='ltr'>eligat,</span> <span class='ocrx_word' id='word_1_491' title='bbox 1302 1400 1483 1429; x_wconf 87' lang='lat' dir='ltr'>mortuaria</span> <span class='ocrx_word' id='word_1_492' title='bbox 1506 1399 1557 1429; x_wconf 81' lang='lat' dir='ltr'>vel</span> <span class='ocrx_word' id='word_1_493' title='bbox 1579 1400 1686 1437; x_wconf 79' lang='lat' dir='ltr'>legata</span> <span class='ocrx_word' id='word_1_494' title='bbox 1709 1399 1774 1429; x_wconf 91' lang='grc'>51111</span> <span class='ocrx_word' id='word_1_495' title='bbox 1799 1400 1976 1438; x_wconf 67' lang='lat' dir='ltr'>relinquat,</span> <span class='ocrx_word' id='word_1_496' title='bbox 2001 1409 2074 1429; x_wconf 90' lang='lat' dir='ltr'>cum</span> <span class='ocrx_word' id='word_1_497' title='bbox 2098 1401 2169 1439; x_wconf 87' lang='lat' dir='ltr'>ejus</span> 
     </span>
     <span class='ocr_line' id='line_1_67' title="bbox 1168 1452 2170 1491; baseline 0 -9"><span class='ocrx_word' id='word_1_498' title='bbox 1168 1453 1378 1491; x_wconf 86' lang='lat' dir='ltr'>processione</span> <span class='ocrx_word' id='word_1_499' title='bbox 1400 1453 1508 1487; x_wconf 79' lang='lat' dir='ltr'>vadat,</span> <span class='ocrx_word' id='word_1_500' title='bbox 1527 1452 1635 1482; x_wconf 92' lang='lat' dir='ltr'>oleum</span> <span class='ocrx_word' id='word_1_501' title='bbox 1659 1452 1769 1483; x_wconf 83' lang='lat' dir='ltr'>Sancti</span> <span class='ocrx_word' id='word_1_502' title='bbox 1792 1452 1921 1482; x_wconf 74' lang='lat' dir='ltr'>Nic-olai</span> <span class='ocrx_word' id='word_1_503' title='bbox 1944 1453 2091 1491; x_wconf 72' lang='lat' dir='ltr'>recipiat.v</span> <span class='ocrx_word' id='word_1_504' title='bbox 2114 1457 2170 1482; x_wconf 85' lang='lat' dir='ltr'>aut</span> 
     </span>
     <span class='ocr_line' id='line_1_68' title="bbox 1169 1504 2170 1543; baseline 0.001 -10"><span class='ocrx_word' id='word_1_505' title='bbox 1169 1504 1279 1543; x_wconf 87' lang='lat' dir='ltr'>aliqua</span> <span class='ocrx_word' id='word_1_506' title='bbox 1296 1505 1420 1534; x_wconf 87' lang='lat' dir='ltr'>ibidem</span> <span class='ocrx_word' id='word_1_507' title='bbox 1438 1504 1597 1534; x_wconf 82' lang='lat' dir='ltr'>beneficia</span> <span class='ocrx_word' id='word_1_508' title='bbox 1621 1504 1792 1542; x_wconf 74' lang='lat' dir='ltr'>largiatur.</span> <span class='ocrx_word' id='word_1_509' title='bbox 1813 1505 1918 1540; x_wconf 71' lang='lat' dir='ltr'>Unde,</span> <span class='ocrx_word' id='word_1_510' title='bbox 1942 1514 2016 1534; x_wconf 87' lang='lat' dir='ltr'>cum</span> <span class='ocrx_word' id='word_1_511' title='bbox 2039 1509 2170 1543; x_wconf 88' lang='lat' dir='ltr'>propter</span> 
     </span>
     <span class='ocr_line' id='line_1_69' title="bbox 1168 1557 2170 1587; baseline 0 -1"><span class='ocrx_word' id='word_1_512' title='bbox 1168 1557 1229 1586; x_wconf 90' lang='grc'>1106</span> <span class='ocrx_word' id='word_1_513' title='bbox 1251 1558 1416 1587; x_wconf 87' lang='lat' dir='ltr'>Barenses</span> <span class='ocrx_word' id='word_1_514' title='bbox 1446 1561 1476 1587; x_wconf 88' lang='lat' dir='ltr'>et</span> <span class='ocrx_word' id='word_1_515' title='bbox 1506 1557 1601 1586; x_wconf 89' lang='lat' dir='ltr'>multi</span> <span class='ocrx_word' id='word_1_516' title='bbox 1628 1557 1686 1586; x_wconf 89' lang='lat' dir='ltr'>alii</span> <span class='ocrx_word' id='word_1_517' title='bbox 1713 1561 1843 1586; x_wconf 84' lang='lat' dir='ltr'>cessent</span> <span class='ocrx_word' id='word_1_518' title='bbox 1872 1561 1901 1586; x_wconf 86' lang='lat' dir='ltr'>et</span> <span class='ocrx_word' id='word_1_519' title='bbox 1932 1566 1966 1586; x_wconf 88' lang='lat' dir='ltr'>se</span> <span class='ocrx_word' id='word_1_520' title='bbox 1996 1557 2170 1586; x_wconf 79' lang='lat' dir='ltr'>subtraant</span> 
     </span>
     <span class='ocr_line' id='line_1_70' title="bbox 1169 1609 2171 1647; baseline -0.001 -8"><span class='ocrx_word' id='word_1_521' title='bbox 1169 1618 1187 1639; x_wconf 88' lang='lat' dir='ltr'>a</span> <span class='ocrx_word' id='word_1_522' title='bbox 1202 1609 1391 1647; x_wconf 87' lang='lat' dir='ltr'>premissis,</span> <span class='ocrx_word' id='word_1_523' title='bbox 1409 1609 1523 1639; x_wconf 89' lang='lat' dir='ltr'>eadem</span> <span class='ocrx_word' id='word_1_524' title='bbox 1539 1609 1677 1639; x_wconf 85' lang='lat' dir='ltr'>ecclesia</span> <span class='ocrx_word' id='word_1_525' title='bbox 1696 1609 1762 1638; x_wconf 86' lang='lat' dir='ltr'>hiis</span> <span class='ocrx_word' id='word_1_526' title='bbox 1783 1609 1937 1638; x_wconf 88' lang='lat' dir='ltr'>omnibus</span> <span class='ocrx_word' id='word_1_527' title='bbox 1956 1609 2116 1647; x_wconf 87' lang='lat' dir='ltr'>spoliatur</span> <span class='ocrx_word' id='word_1_528' title='bbox 2139 1613 2171 1639; x_wconf 85' lang='lat' dir='ltr'>et</span> 
     </span>
     <span class='ocr_line' id='line_1_71' title="bbox 1168 1661 2168 1700; baseline -0.002 -8"><span class='ocrx_word' id='word_1_529' title='bbox 1168 1666 1300 1700; x_wconf 88' lang='lat' dir='ltr'>propter</span> <span class='ocrx_word' id='word_1_530' title='bbox 1321 1662 1382 1691; x_wconf 87' lang='lat' dir='ltr'>hoc</span> <span class='ocrx_word' id='word_1_531' title='bbox 1402 1662 1633 1700; x_wconf 83' lang='lat' dir='ltr'>dampnificata</span> <span class='ocrx_word' id='word_1_532' title='bbox 1656 1666 1705 1692; x_wconf 86' lang='lat' dir='ltr'>est</span> <span class='ocrx_word' id='word_1_533' title='bbox 1729 1662 1769 1690; x_wconf 86' lang='lat' dir='ltr'>ad</span> <span class='ocrx_word' id='word_1_534' title='bbox 1789 1661 1932 1691; x_wconf 81' lang='lat' dir='ltr'>valorem</span> <span class='ocrx_word' id='word_1_535' title='bbox 1953 1661 2168 1691; x_wconf 84' lang='lat' dir='ltr'>ducentarum</span> 
     </span>
     <span class='ocr_line' id='line_1_72' title="bbox 1168 1714 2168 1753; baseline -0.001 -10"><span class='ocrx_word' id='word_1_536' title='bbox 1168 1714 1343 1744; x_wconf 90' lang='lat' dir='ltr'>unciarum</span> <span class='ocrx_word' id='word_1_537' title='bbox 1359 1719 1391 1744; x_wconf 90' lang='lat' dir='ltr'>et</span> <span class='ocrx_word' id='word_1_538' title='bbox 1409 1714 1512 1750; x_wconf 89' lang='lat' dir='ltr'>ultra;</span> <span class='ocrx_word' id='word_1_539' title='bbox 1531 1715 1643 1753; x_wconf 87' lang='lat' dir='ltr'>sicque</span> <span class='ocrx_word' id='word_1_540' title='bbox 1660 1715 1739 1744; x_wconf 89' lang='lat' dir='ltr'>dicti</span> <span class='ocrx_word' id='word_1_541' title='bbox 1757 1714 1893 1752; x_wconf 88' lang='lat' dir='ltr'>capituli</span> <span class='ocrx_word' id='word_1_542' title='bbox 1910 1718 2101 1752; x_wconf 84' lang='lat' dir='ltr'>procurator</span> <span class='ocrx_word' id='word_1_543' title='bbox 2118 1714 2168 1742; x_wconf 91' lang='lat' dir='ltr'>di-</span> 
     </span>
     <span class='ocr_line' id='line_1_73' title="bbox 1169 1766 2170 1804; baseline -0.002 -7"><span class='ocrx_word' id='word_1_544' title='bbox 1169 1767 1262 1797; x_wconf 89' lang='lat' dir='ltr'>cebat</span> <span class='ocrx_word' id='word_1_545' title='bbox 1280 1772 1355 1797; x_wconf 88' lang='lat' dir='ltr'>ante</span> <span class='ocrx_word' id='word_1_546' title='bbox 1370 1767 1616 1797; x_wconf 90' lang='lat' dir='ltr'>restituti0nem</span> <span class='ocrx_word' id='word_1_547' title='bbox 1630 1776 1694 1797; x_wconf 89' lang='lat' dir='ltr'>non</span> <span class='ocrx_word' id='word_1_548' title='bbox 1709 1776 1780 1797; x_wconf 87' lang='lat' dir='ltr'>csse</span> <span class='ocrx_word' id='word_1_549' title='bbox 1798 1767 1830 1795; x_wconf 91' lang='lat' dir='ltr'>in</span> <span class='ocrx_word' id='word_1_550' title='bbox 1849 1767 1979 1804; x_wconf 79' lang='lat' dir='ltr'>negotio</span> <span class='ocrx_word' id='word_1_551' title='bbox 1997 1766 2170 1804; x_wconf 72' lang='lat' dir='ltr'>proceden-</span> 
     </span>
     <span class='ocr_line' id='line_1_74' title="bbox 1169 1819 2170 1858; baseline -0.002 -9"><span class='ocrx_word' id='word_1_552' title='bbox 1169 1820 1257 1849; x_wconf 73' lang='lat' dir='ltr'>dum,</span> <span class='ocrx_word' id='word_1_553' title='bbox 1278 1819 1430 1849; x_wconf 85' lang='lat' dir='ltr'>Asseruit</span> <span class='ocrx_word' id='word_1_554' title='bbox 1450 1828 1580 1858; x_wconf 85' lang='lat' dir='ltr'>quoque</span> <span class='ocrx_word' id='word_1_555' title='bbox 1601 1828 1635 1849; x_wconf 89' lang='lat' dir='ltr'>se</span> <span class='ocrx_word' id='word_1_556' title='bbox 1657 1823 1756 1849; x_wconf 86' lang='lat' dir='ltr'>testes</span> <span class='ocrx_word' id='word_1_557' title='bbox 1773 1819 1928 1848; x_wconf 86' lang='lat' dir='ltr'>distinete</span> <span class='ocrx_word' id='word_1_558' title='bbox 1951 1827 2049 1857; x_wconf 87' lang='lat' dir='ltr'>super</span> <span class='ocrx_word' id='word_1_559' title='bbox 2071 1819 2170 1848; x_wconf 79' lang='lat' dir='ltr'>cei-tls</span> 
     </span>
     <span class='ocr_line' id='line_1_75' title="bbox 1170 1871 2169 1910; baseline -0.003 -8"><span class='ocrx_word' id='word_1_560' title='bbox 1170 1871 1320 1902; x_wconf 89' lang='lat' dir='ltr'>articulis</span> <span class='ocrx_word' id='word_1_561' title='bbox 1336 1872 1540 1910; x_wconf 84' lang='lat' dir='ltr'>produxisse,</span> <span class='ocrx_word' id='word_1_562' title='bbox 1558 1880 1617 1901; x_wconf 88' lang='lat' dir='ltr'>nec</span> <span class='ocrx_word' id='word_1_563' title='bbox 1635 1871 1827 1909; x_wconf 88' lang='lat' dir='ltr'>deposuisse</span> <span class='ocrx_word' id='word_1_564' title='bbox 1847 1880 1961 1901; x_wconf 90' lang='lat' dir='ltr'>omnes</span> <span class='ocrx_word' id='word_1_565' title='bbox 1979 1880 2077 1909; x_wconf 87' lang='lat' dir='ltr'>super</span> <span class='ocrx_word' id='word_1_566' title='bbox 2093 1871 2169 1900; x_wconf 86' lang='lat' dir='ltr'>arti-</span> 
     </span>
     <span class='ocr_line' id='line_1_76' title="bbox 1170 1923 2169 1962; baseline -0.002 -8"><span class='ocrx_word' id='word_1_567' title='bbox 1170 1924 1242 1954; x_wconf 81' lang='lat' dir='ltr'>culo</span> <span class='ocrx_word' id='word_1_568' title='bbox 1268 1924 1451 1959; x_wconf 84' lang='lat' dir='ltr'>libertatis;</span> <span class='ocrx_word' id='word_1_569' title='bbox 1475 1933 1576 1962; x_wconf 85' lang='lat' dir='ltr'>quare</span> <span class='ocrx_word' id='word_1_570' title='bbox 1600 1924 1730 1962; x_wconf 87' lang='lat' dir='ltr'>petebat</span> <span class='ocrx_word' id='word_1_571' title='bbox 1758 1924 1798 1953; x_wconf 90' lang='lat' dir='ltr'>ad</span> <span class='ocrx_word' id='word_1_572' title='bbox 1828 1923 2047 1961; x_wconf 91' lang='lat' dir='ltr'>supplendum</span> <span class='ocrx_word' id='word_1_573' title='bbox 2070 1932 2169 1960; x_wconf 87' lang='lat' dir='ltr'>super</span> 
     </span>
     <span class='ocr_line' id='line_1_77' title="bbox 1169 1975 2168 2015; baseline -0.002 -9"><span class='ocrx_word' id='word_1_574' title='bbox 1169 1977 1240 2015; x_wconf 88' lang='lat' dir='ltr'>ipso</span> <span class='ocrx_word' id='word_1_575' title='bbox 1258 1976 1396 2006; x_wconf 89' lang='lat' dir='ltr'>articulo</span> <span class='ocrx_word' id='word_1_576' title='bbox 1412 1976 1711 2015; x_wconf 81' lang='lat' dir='ltr'>quadragenarium</span> <span class='ocrx_word' id='word_1_577' title='bbox 1729 1984 1918 2007; x_wconf 77' lang='lat' dir='ltr'>numerum,</span> <span class='ocrx_word' id='word_1_578' title='bbox 1936 1984 2009 2005; x_wconf 90' lang='lat' dir='ltr'>cum</span> <span class='ocrx_word' id='word_1_579' title='bbox 2025 1975 2168 2005; x_wconf 90' lang='lat' dir='ltr'>nondum</span> 
     </span>
     <span class='ocr_line' id='line_1_78' title="bbox 1170 2027 2168 2067; baseline -0.002 -8"><span class='ocrx_word' id='word_1_580' title='bbox 1170 2029 1210 2059; x_wconf 87' lang='lat' dir='ltr'>ad</span> <span class='ocrx_word' id='word_1_581' title='bbox 1226 2038 1301 2059; x_wconf 89' lang='lat' dir='ltr'>eum</span> <span class='ocrx_word' id='word_1_582' title='bbox 1317 2029 1514 2067; x_wconf 78' lang='lat' dir='ltr'>pervenerit,</span> <span class='ocrx_word' id='word_1_583' title='bbox 1527 2037 1586 2058; x_wconf 89' lang='lat' dir='ltr'>nec</span> <span class='ocrx_word' id='word_1_584' title='bbox 1602 2028 1775 2058; x_wconf 82' lang='lat' dir='ltr'>testificata</span> <span class='ocrx_word' id='word_1_585' title='bbox 1791 2027 1955 2062; x_wconf 72' lang='lat' dir='ltr'>didicerit.v</span> <span class='ocrx_word' id='word_1_586' title='bbox 1967 2027 2016 2057; x_wconf 75' lang='lat' dir='ltr'>vel</span> <span class='ocrx_word' id='word_1_587' title='bbox 2036 2027 2074 2057; x_wconf 89' lang='lat' dir='ltr'>de</span> <span class='ocrx_word' id='word_1_588' title='bbox 2094 2028 2168 2066; x_wconf 85' lang='lat' dir='ltr'>jure</span> 
     </span>
     <span class='ocr_line' id='line_1_79' title="bbox 1170 2080 2170 2119; baseline -0.003 -7"><span class='ocrx_word' id='word_1_589' title='bbox 1170 2081 1337 2112; x_wconf 90' lang='lat' dir='ltr'>communi</span> <span class='ocrx_word' id='word_1_590' title='bbox 1351 2081 1403 2111; x_wconf 74' lang='lat' dir='ltr'>vel</span> <span class='ocrx_word' id='word_1_591' title='bbox 1419 2081 1535 2111; x_wconf 88' lang='lat' dir='ltr'>saltem</span> <span class='ocrx_word' id='word_1_592' title='bbox 1551 2090 1608 2119; x_wconf 92' lang='lat' dir='ltr'>per</span> <span class='ocrx_word' id='word_1_593' title='bbox 1620 2080 1818 2110; x_wconf 88' lang='lat' dir='ltr'>beneficium</span> <span class='ocrx_word' id='word_1_594' title='bbox 1833 2080 2055 2110; x_wconf 87' lang='lat' dir='ltr'>restitutionis</span> <span class='ocrx_word' id='word_1_595' title='bbox 2071 2080 2105 2109; x_wconf 91' lang='lat' dir='ltr'>in</span> <span class='ocrx_word' id='word_1_596' title='bbox 2122 2080 2170 2109; x_wconf 89' lang='lat' dir='ltr'>in-</span> 
     </span>
     <span class='ocr_line' id='line_1_80' title="bbox 1171 2131 2169 2172; baseline -0.004 -8"><span class='ocrx_word' id='word_1_597' title='bbox 1171 2138 1299 2172; x_wconf 82' lang='lat' dir='ltr'>tegrum</span> <span class='ocrx_word' id='word_1_598' title='bbox 1318 2143 1352 2164; x_wconf 93' lang='lat' dir='ltr'>se</span> <span class='ocrx_word' id='word_1_599' title='bbox 1368 2133 1517 2169; x_wconf 84' lang='lat' dir='ltr'>admitti;</span> <span class='ocrx_word' id='word_1_600' title='bbox 1538 2133 1686 2163; x_wconf 88' lang='lat' dir='ltr'>adiciens</span> <span class='ocrx_word' id='word_1_601' title='bbox 1707 2132 1804 2171; x_wconf 86' lang='lat' dir='ltr'>quod,</span> <span class='ocrx_word' id='word_1_602' title='bbox 1822 2141 1896 2162; x_wconf 91' lang='lat' dir='ltr'>cum</span> <span class='ocrx_word' id='word_1_603' title='bbox 1913 2132 1953 2162; x_wconf 89' lang='lat' dir='ltr'>ad</span> <span class='ocrx_word' id='word_1_604' title='bbox 1966 2131 2169 2170; x_wconf 83' lang='lat' dir='ltr'>probandam</span> 
     </span>
     <span class='ocr_line' id='line_1_81' title="bbox 1169 2185 2169 2226; baseline -0.004 -9"><span class='ocrx_word' id='word_1_605' title='bbox 1169 2187 1443 2226; x_wconf 88' lang='lat' dir='ltr'>prescriptionem</span> <span class='ocrx_word' id='word_1_606' title='bbox 1461 2195 1480 2216; x_wconf 91' lang='lat' dir='ltr'>a</span> <span class='ocrx_word' id='word_1_607' title='bbox 1495 2185 1703 2224; x_wconf 84' lang='lat' dir='ltr'>septuaginta</span> <span class='ocrx_word' id='word_1_608' title='bbox 1720 2185 1817 2214; x_wconf 87' lang='lat' dir='ltr'>annis</span> <span class='ocrx_word' id='word_1_609' title='bbox 1834 2189 1862 2214; x_wconf 87' lang='lat' dir='ltr'>et</span> <span class='ocrx_word' id='word_1_610' title='bbox 1878 2185 1959 2214; x_wconf 87' lang='lat' dir='ltr'>citra</span> <span class='ocrx_word' id='word_1_611' title='bbox 1979 2189 2078 2214; x_wconf 87' lang='lat' dir='ltr'>testes</span> <span class='ocrx_word' id='word_1_612' title='bbox 2095 2193 2169 2222; x_wconf 84' lang='lat' dir='ltr'>pro-</span> 
     </span>
     <span class='ocr_line' id='line_1_82' title="bbox 1170 2236 2168 2275; baseline -0.004 -6"><span class='ocrx_word' id='word_1_613' title='bbox 1170 2239 1309 2274; x_wconf 79' lang='lat' dir='ltr'>duxerit,</span> <span class='ocrx_word' id='word_1_614' title='bbox 1337 2238 1543 2268; x_wconf 87' lang='lat' dir='ltr'>necessarias</span> <span class='ocrx_word' id='word_1_615' title='bbox 1567 2237 1777 2275; x_wconf 86' lang='lat' dir='ltr'>probationes</span> <span class='ocrx_word' id='word_1_616' title='bbox 1804 2245 1903 2274; x_wconf 91' lang='lat' dir='ltr'>super</span> <span class='ocrx_word' id='word_1_617' title='bbox 1930 2236 2168 2275; x_wconf 87' lang='lat' dir='ltr'>prescriptione</span> 
     </span>
     <span class='ocr_line' id='line_1_83' title="bbox 1169 2289 2169 2327; baseline -0.004 -6"><span class='ocrx_word' id='word_1_618' title='bbox 1169 2291 1334 2322; x_wconf 88' lang='lat' dir='ltr'>libertatis</span> <span class='ocrx_word' id='word_1_619' title='bbox 1349 2290 1550 2325; x_wconf 77' lang='lat' dir='ltr'>centenaria,</span> <span class='ocrx_word' id='word_1_620' title='bbox 1564 2289 1788 2327; x_wconf 80' lang='lat' dir='ltr'>nonagenaria</span> <span class='ocrx_word' id='word_1_621' title='bbox 1798 2293 1828 2319; x_wconf 89' lang='lat' dir='ltr'>et</span> <span class='ocrx_word' id='word_1_622' title='bbox 1838 2289 2059 2327; x_wconf 78' lang='lat' dir='ltr'>octogenaria,</span> <span class='ocrx_word' id='word_1_623' title='bbox 2070 2297 2169 2327; x_wconf 83' lang='lat' dir='ltr'>quam</span> 
     </span>
     <span class='ocr_line' id='line_1_84' title="bbox 1169 2341 2171 2383; baseline -0.005 -8"><span class='ocrx_word' id='word_1_624' title='bbox 1169 2344 1307 2383; x_wconf 89' lang='lat' dir='ltr'>probare</span> <span class='ocrx_word' id='word_1_625' title='bbox 1329 2348 1466 2382; x_wconf 85' lang='lat' dir='ltr'>poterat,</span> <span class='ocrx_word' id='word_1_626' title='bbox 1484 2342 1676 2377; x_wconf 84' lang='lat' dir='ltr'>omittendo,</span> <span class='ocrx_word' id='word_1_627' title='bbox 1698 2346 1730 2372; x_wconf 88' lang='lat' dir='ltr'>et</span> <span class='ocrx_word' id='word_1_628' title='bbox 1752 2342 1868 2371; x_wconf 87' lang='lat' dir='ltr'>timere</span> <span class='ocrx_word' id='word_1_629' title='bbox 1889 2350 1923 2371; x_wconf 90' lang='lat' dir='ltr'>se</span> <span class='ocrx_word' id='word_1_630' title='bbox 1945 2341 2032 2371; x_wconf 86' lang='lat' dir='ltr'>dicat</span> <span class='ocrx_word' id='word_1_631' title='bbox 2057 2350 2097 2370; x_wconf 90' lang='lat' dir='ltr'>ne</span> <span class='ocrx_word' id='word_1_632' title='bbox 2117 2350 2171 2370; x_wconf 85' lang='lat' dir='ltr'>ar-</span> 
     </span>
     <span class='ocr_line' id='line_1_85' title="bbox 1169 2384 2171 2434; baseline -0.006 -7"><span class='ocrx_word' id='word_1_633' title='bbox 1169 2396 1399 2434; x_wconf 87' lang='lat' dir='ltr'>chiepiscopus</span> <span class='ocrx_word' id='word_1_634' title='bbox 1414 2395 1485 2433; x_wconf 92' lang='lat' dir='ltr'>ipse</span> <span class='ocrx_word' id='word_1_635' title='bbox 1495 2384 1772 2432; x_wconf 76' lang='lat' dir='ltr'>interruptionem</span> <span class='ocrx_word' id='word_1_636' title='bbox 1783 2393 1981 2431; x_wconf 82' lang='lat' dir='ltr'>probaverit,</span> <span class='ocrx_word' id='word_1_637' title='bbox 1999 2401 2097 2431; x_wconf 89' lang='lat' dir='ltr'>super</span> <span class='ocrx_word' id='word_1_638' title='bbox 2110 2392 2171 2422; x_wconf 90' lang='lat' dir='ltr'>hoc</span> 
     </span>
     <span class='ocr_line' id='line_1_86' title="bbox 1169 2445 2170 2485; baseline -0.005 -7"><span class='ocrx_word' id='word_1_639' title='bbox 1169 2448 1268 2478; x_wconf 87' lang='lat' dir='ltr'>etiam</span> <span class='ocrx_word' id='word_1_640' title='bbox 1284 2451 1316 2478; x_wconf 89' lang='lat' dir='ltr'>et</span> <span class='ocrx_word' id='word_1_641' title='bbox 1330 2456 1393 2477; x_wconf 92' lang='lat' dir='ltr'>usu</span> <span class='ocrx_word' id='word_1_642' title='bbox 1409 2446 1670 2485; x_wconf 80' lang='lat' dir='ltr'>privilegiorum,</span> <span class='ocrx_word' id='word_1_643' title='bbox 1685 2454 1783 2483; x_wconf 91' lang='lat' dir='ltr'>super</span> <span class='ocrx_word' id='word_1_644' title='bbox 1799 2454 1862 2483; x_wconf 91' lang='lat' dir='ltr'>quo</span> <span class='ocrx_word' id='word_1_645' title='bbox 1879 2445 2088 2483; x_wconf 83' lang='lat' dir='ltr'>probationes</span> <span class='ocrx_word' id='word_1_646' title='bbox 2105 2453 2170 2474; x_wconf 91' lang='lat' dir='ltr'>non</span> 
     </span>
     <span class='ocr_line' id='line_1_87' title="bbox 1168 2496 2171 2537; baseline -0.005 -6"><span class='ocrx_word' id='word_1_647' title='bbox 1168 2501 1312 2537; x_wconf 88' lang='lat' dir='ltr'>dederat,</span> <span class='ocrx_word' id='word_1_648' title='bbox 1330 2500 1501 2530; x_wconf 85' lang='lat' dir='ltr'>subveniri</span> <span class='ocrx_word' id='word_1_649' title='bbox 1517 2499 1582 2528; x_wconf 87' lang='lat' dir='ltr'>sibi</span> <span class='ocrx_word' id='word_1_650' title='bbox 1596 2507 1652 2537; x_wconf 88' lang='lat' dir='ltr'>per</span> <span class='ocrx_word' id='word_1_651' title='bbox 1668 2499 1790 2527; x_wconf 89' lang='lat' dir='ltr'>dictum</span> <span class='ocrx_word' id='word_1_652' title='bbox 1807 2497 2006 2528; x_wconf 86' lang='lat' dir='ltr'>beneficium</span> <span class='ocrx_word' id='word_1_653' title='bbox 2024 2496 2171 2535; x_wconf 87' lang='lat' dir='ltr'>postula-</span> 
     </span>
     <span class='ocr_line' id='line_1_88' title="bbox 1167 2548 2170 2585; baseline -0.005 -3"><span class='ocrx_word' id='word_1_654' title='bbox 1167 2553 1234 2582; x_wconf 87' lang='lat' dir='ltr'>bat.</span> <span class='ocrx_word' id='word_1_655' title='bbox 1251 2553 1453 2583; x_wconf 86' lang='lat' dir='ltr'>Memoratus</span> <span class='ocrx_word' id='word_1_656' title='bbox 1469 2560 1546 2582; x_wconf 76' lang='lat' dir='ltr'>vero</span> <span class='ocrx_word' id='word_1_657' title='bbox 1558 2551 1699 2585; x_wconf 87' lang='lat' dir='ltr'>auditor,</span> <span class='ocrx_word' id='word_1_658' title='bbox 1717 2550 1839 2579; x_wconf 87' lang='lat' dir='ltr'>auditis</span> <span class='ocrx_word' id='word_1_659' title='bbox 1853 2554 1884 2579; x_wconf 92' lang='lat' dir='ltr'>et</span> <span class='ocrx_word' id='word_1_660' title='bbox 1900 2549 2078 2579; x_wconf 84' lang='lat' dir='ltr'>intellectis</span> <span class='ocrx_word' id='word_1_661' title='bbox 2093 2548 2170 2578; x_wconf 90' lang='lat' dir='ltr'>hinc</span> 
     </span>
     <span class='ocr_line' id='line_1_89' title="bbox 1167 2600 2171 2643; baseline -0.005 -9"><span class='ocrx_word' id='word_1_662' title='bbox 1167 2605 1244 2635; x_wconf 89' lang='lat' dir='ltr'>inde</span> <span class='ocrx_word' id='word_1_663' title='bbox 1273 2604 1468 2643; x_wconf 87' lang='lat' dir='ltr'>propositis,</span> <span class='ocrx_word' id='word_1_664' title='bbox 1488 2602 1741 2640; x_wconf 86' lang='lat' dir='ltr'>interloquendo</span> <span class='ocrx_word' id='word_1_665' title='bbox 1765 2601 1909 2631; x_wconf 78' lang='lat' dir='ltr'>decrevit</span> <span class='ocrx_word' id='word_1_666' title='bbox 1939 2600 2171 2639; x_wconf 89' lang='lat' dir='ltr'>spoliationem</span> 
     </span>
     <span class='ocr_line' id='line_1_90' title="bbox 1167 2652 2167 2696; baseline -0.007 -9"><span class='ocrx_word' id='word_1_667' title='bbox 1167 2657 1359 2696; x_wconf 84' lang='lat' dir='ltr'>hujusmodi</span> <span class='ocrx_word' id='word_1_668' title='bbox 1377 2665 1443 2686; x_wconf 92' lang='lat' dir='ltr'>non</span> <span class='ocrx_word' id='word_1_669' title='bbox 1458 2655 1577 2686; x_wconf 89' lang='lat' dir='ltr'>debere</span> <span class='ocrx_word' id='word_1_670' title='bbox 1592 2655 1628 2684; x_wconf 93' lang='lat' dir='ltr'>in</span> <span class='ocrx_word' id='word_1_671' title='bbox 1651 2654 1784 2683; x_wconf 88' lang='lat' dir='ltr'>modum</span> <span class='ocrx_word' id='word_1_672' title='bbox 1800 2653 2002 2690; x_wconf 81' lang='lat' dir='ltr'>exceptionis</span> <span class='ocrx_word' id='word_1_673' title='bbox 2027 2652 2167 2686; x_wconf 88' lang='lat' dir='ltr'>admitti,</span> 
     </span>
     <span class='ocr_line' id='line_1_91' title="bbox 1167 2703 2169 2751; baseline -0.007 -12"><span class='ocrx_word' id='word_1_674' title='bbox 1167 2713 1334 2739; x_wconf 83' lang='lat' dir='ltr'>reservato</span> <span class='ocrx_word' id='word_1_675' title='bbox 1342 2709 1488 2747; x_wconf 91' lang='lat' dir='ltr'>predicto</span> <span class='ocrx_word' id='word_1_676' title='bbox 1499 2706 1642 2751; x_wconf 76' lang='lat' dir='ltr'>capitulo</span> <span class='ocrx_word' id='word_1_677' title='bbox 1651 2705 1737 2744; x_wconf 87' lang='lat' dir='ltr'>quod</span> <span class='ocrx_word' id='word_1_678' title='bbox 1745 2714 1844 2743; x_wconf 89' lang='lat' dir='ltr'>super</span> <span class='ocrx_word' id='word_1_679' title='bbox 1851 2704 2007 2742; x_wconf 88' lang='lat' dir='ltr'>predictis</span> <span class='ocrx_word' id='word_1_680' title='bbox 2019 2703 2169 2741; x_wconf 83' lang='lat' dir='ltr'>dampnis</span> 
     </span>
     <span class='ocr_line' id='line_1_92' title="bbox 1168 2754 2168 2799; baseline -0.008 -8"><span class='ocrx_word' id='word_1_681' title='bbox 1168 2765 1200 2791; x_wconf 88' lang='lat' dir='ltr'>et</span> <span class='ocrx_word' id='word_1_682' title='bbox 1210 2760 1406 2799; x_wconf 86' lang='lat' dir='ltr'>spoliatione</span> <span class='ocrx_word' id='word_1_683' title='bbox 1415 2759 1518 2798; x_wconf 86' lang='lat' dir='ltr'>possit</span> <span class='ocrx_word' id='word_1_684' title='bbox 1529 2758 1592 2788; x_wconf 83' lang='lat' dir='ltr'>alio</span> <span class='ocrx_word' id='word_1_685' title='bbox 1604 2757 1709 2792; x_wconf 86' lang='lat' dir='ltr'>modo,</span> <span class='ocrx_word' id='word_1_686' title='bbox 1718 2765 1791 2787; x_wconf 90' lang='lat' dir='ltr'>cum</span> <span class='ocrx_word' id='word_1_687' title='bbox 1803 2756 1953 2791; x_wconf 77' lang='lat' dir='ltr'>voluerit,</span> <span class='ocrx_word' id='word_1_688' title='bbox 1965 2754 2117 2793; x_wconf 84' lang='lat' dir='ltr'>experiri.</span> <span class='ocrx_word' id='word_1_689' title='bbox 2128 2755 2168 2784; x_wconf 88' lang='lat' dir='ltr'>Et</span> 
     </span>
     <span class='ocr_line' id='line_1_93' title="bbox 1167 2807 2168 2852; baseline -0.007 -10"><span class='ocrx_word' id='word_1_690' title='bbox 1167 2813 1247 2852; x_wconf 85' lang='lat' dir='ltr'>quia</span> <span class='ocrx_word' id='word_1_691' title='bbox 1260 2822 1319 2852; x_wconf 86' lang='lat' dir='ltr'>per</span> <span class='ocrx_word' id='word_1_692' title='bbox 1333 2813 1527 2843; x_wconf 87' lang='lat' dir='ltr'>relationem</span> <span class='ocrx_word' id='word_1_693' title='bbox 1542 2810 1764 2850; x_wconf 88' lang='lat' dir='ltr'>predictorum</span> <span class='ocrx_word' id='word_1_694' title='bbox 1777 2808 1927 2848; x_wconf 88' lang='lat' dir='ltr'>judicum</span> <span class='ocrx_word' id='word_1_695' title='bbox 1942 2807 2089 2837; x_wconf 89' lang='lat' dir='ltr'>constitit</span> <span class='ocrx_word' id='word_1_696' title='bbox 2107 2811 2168 2836; x_wconf 87' lang='lat' dir='ltr'>tes-</span> 
     </span>
    </p>
   </div>
   <div class='ocr_carea' id='block_1_11' title="bbox 1167 2930 2168 3054">
    <p class='ocr_par' dir='ltr' id='par_1_11' title="bbox 1167 2930 2168 3054">
     <span class='ocr_line' id='line_1_94' title="bbox 1200 2930 2168 2962; baseline -0.011 1"><span class='ocrx_word' id='word_1_697' title='bbox 1200 2938 1221 2962; x_wconf 83' lang='grc'>1.</span> <span class='ocrx_word' id='word_1_698' title='bbox 1236 2938 1311 2962; x_wconf 86' lang='lat' dir='ltr'>Dans</span> <span class='ocrx_word' id='word_1_699' title='bbox 1326 2938 1352 2962; x_wconf 86' lang='lat' dir='ltr'>la</span> <span class='ocrx_word' id='word_1_700' title='bbox 1367 2936 1521 2961; x_wconf 77' lang='lat' dir='ltr'>manchette</span> <span class='ocrx_word' id='word_1_701' title='bbox 1541 2941 1576 2958; x_wconf 89' lang='lat' dir='ltr'>ou</span> <span class='ocrx_word' id='word_1_702' title='bbox 1594 2933 1739 2957; x_wconf 80' lang='lat' dir='ltr'>rubricelte</span> <span class='ocrx_word' id='word_1_703' title='bbox 1757 2939 1763 2956; x_wconf 79' lang='lat' dir='ltr'>z</span> <span class='ocrx_word' id='word_1_704' title='bbox 1785 2933 1924 2959; x_wconf 79' lang='lat' dir='ltr'>Johanni;</span> <span class='ocrx_word' id='word_1_705' title='bbox 1946 2931 2014 2954; x_wconf 80' lang='lat' dir='ltr'>dans</span> <span class='ocrx_word' id='word_1_706' title='bbox 2033 2931 2058 2953; x_wconf 78' lang='lat' dir='ltr'>la</span> <span class='ocrx_word' id='word_1_707' title='bbox 2077 2930 2168 2953; x_wconf 83' lang='lat' dir='ltr'>rubri-</span> 
     </span>
     <span class='ocr_line' id='line_1_95' title="bbox 1167 2984 1284 3013; baseline 0 -7"><span class='ocrx_word' id='word_1_708' title='bbox 1167 2989 1221 3013; x_wconf 78' lang='lat' dir='ltr'>que</span> <span class='ocrx_word' id='word_1_709' title='bbox 1236 2989 1242 3005; x_wconf 72' lang='grc' dir='ltr'><strong>ε</strong></span> <span class='ocrx_word' id='word_1_710' title='bbox 1258 2984 1284 3006; x_wconf 81' lang='lat' dir='ltr'>J.</span> 
     </span>
     <span class='ocr_line' id='line_1_96' title="bbox 2014 3031 2043 3054; baseline 0 0"><span class='ocrx_word' id='word_1_711' title='bbox 2014 3031 2043 3054; x_wconf 84' lang='lat'>30</span> 
     </span>
    </p>
   </div>
  </div>
 </body>
</html>
