2519 3518
78 321 135 353 489
933 316 1118 353 mxuma
1138 312 1256 368 ANNJJv
1292 347 1298 352 .
2097 325 2155 356 490

79 387 300 427 Apostolicam
322 388 510 418 constitutis
529 388 684 418 dilectum
702 388 805 418 silium
824 393 971 419 nostrum
989 390 1076 427 R[ai-

79 441 234 479 nerium],
252 441 370 472 Sancte
386 441 488 472 Marie
503 441 537 471 in
550 441 725 473 Cosmedin
737 442 910 472 diaconum
925 442 1076 472 cai-dina-

78 493 155 529 lem,
172 494 322 524 dedimus
346 494 538 525 auditorem,
560 494 676 525 Coram
693 504 756 534 quo
777 504 813 525 ex
837 495 926 533 parte
949 495 1077 533 predic-

80 549 187 575 torum
202 546 354 583 magistri
371 550 401 576 et
415 546 553 576 fratrum
566 546 722 576 adversus
734 546 873 577 eundem
888 547 1076 584 episcopum

80 606 179 636 super
205 598 271 628 hiis
294 598 405 628 libello
426 602 588 636 porrecto,
613 603 644 628 et
667 598 725 628 lite
747 608 846 638 super
869 608 906 628 eo
930 598 1076 636 legitime

79 654 272 685 contestata,
291 659 364 680 cum
382 655 572 688 procurator
588 651 693 689 ipsius
712 651 855 689 episcopi
872 656 985 681 contra
1005 660 1077 681 cos-

80 702 154 734 dem
170 703 363 741 magistrum
380 708 410 733 et
429 704 547 733 fratres
564 703 672 738 vellet,
690 704 723 733 in
746 704 877 733 modum
899 712 1077 733 reconven-

81 756 181 786 tionis
200 755 307 785 oblato
324 756 446 791 libello,
473 765 571 794 super
589 756 785 795 quibusdam
809 756 958 786 articulis
981 765 1077 794 expe-

82 808 152 842 riri,
181 808 283 846 partis
308 808 444 838 alterius
462 811 652 846 procurator
673 808 1021 838 excommunicationis
1043 808 1076 837 in

81 869 254 898 personam
272 860 418 899 ejusdem
435 860 579 898 episcopi
598 864 629 890 et
647 860 804 899 quasdam
819 860 901 890 alias
915 860 1077 898 exceptio-

82 921 151 947 neS‚
170 921 227 950 per
243 922 324 952 quas
342 912 448 950 ipsum
465 921 483 942 a
499 912 753 942 reconventione
769 921 829 941 sua
845 912 1002 950 repellere
1027 912 1077 941 ni-

82 965 220 1000 tebatur,
245 965 381 1004 ol)jecit;
405 974 487 1003 quas
507 965 583 995 licet
609 964 694 994 idem
722 965 865 1003 episcopi
889 969 1078 1003 procurator

82 1026 148 1048 non
163 1017 309 1047 crederet
325 1026 397 1047 esse
413 1026 517 1051 veras,
537 1022 643 1047 tamen
663 1021 774 1046 contra
791 1026 845 1047 eas
860 1017 1078 1047 excommuni-

81 1070 222 1100 cationis
238 1070 272 1099 in
289 1078 446 1108 personas
458 1070 605 1108 judicum
625 1074 655 1099 et
669 1069 826 1108 quasdam
843 1069 924 1099 alias
939 1069 1077 1107 replica-

83 1122 189 1152 tiones
207 1122 375 1160 opposuit;
393 1131 475 1160 quas
488 1121 574 1151 idem
595 1121 773 1151 cardinalis
786 1121 930 1153 admisit.
946 1121 1077 1160 justitia

81 1174 252 1205 suadente.
273 1174 426 1212 Ideoque,
449 1174 487 1204 de
511 1174 684 1212 utriusque
707 1173 810 1211 partis
830 1178 1077 1211 procuratorum

83 1236 232 1262 assensu,
250 1227 444 1257 mandamus
461 1231 633 1265 quatenus,
658 1226 891 1256 convenientes
915 1226 949 1255 in
973 1235 1077 1255 unum

81 1280 116 1309 in
143 1279 222 1309 villa
245 1288 307 1318 que
329 1278 407 1309 villa
429 1279 508 1309 Gort
535 1278 714 1316 vulgariter
741 1278 937 1316 appellatur,
964 1278 1077 1317 ibique

81 1332 230 1370 partibus
257 1332 434 1362 terminum
459 1331 672 1369 prefigentes,
703 1335 801 1360 testes
826 1339 909 1369 quos
938 1335 1077 1369 utraque

82 1393 158 1423 pars
179 1393 276 1422 super
297 1383 445 1413 articulis
466 1391 548 1421 quos
567 1383 658 1412 vobis
681 1383 787 1412 dictus
815 1383 993 1412 cardinalis
1016 1383 1077 1412 sub

83 1436 192 1475 sigillo
214 1445 273 1466 suo
292 1435 393 1465 mittit
414 1435 570 1469 inclusos,
588 1435 717 1464 duxerit
734 1435 969 1473 producendos,
989 1435 1077 1465 infra

83 1489 225 1528 spatium
241 1488 378 1518 duorum
390 1487 555 1518 mensium
569 1496 587 1517 a
599 1487 785 1525 receptione
797 1488 1011 1525 presentium,
1025 1496 1077 1517 re-

81 1541 213 1580 cipiatis
235 1540 376 1571 fideliter
397 1544 428 1570 et
450 1539 644 1570 examinetis
666 1539 855 1578 prudenter,
877 1549 1021 1574 causam,
1048 1540 1076 1569 si

81 1597 190 1632 partes
212 1592 455 1626 consenserint,
473 1600 510 1622 ex
530 1596 607 1621 tunc
627 1592 716 1622 infra
740 1591 822 1622 alios
840 1592 921 1622 duos
945 1601 1076 1622 menses

80 1645 255 1676 concordia
278 1643 329 1674 vel
349 1644 475 1683 judicio
495 1643 659 1679 decisuri;
686 1643 834 1683 alioquin
857 1645 963 1683 ipsam
985 1645 1077 1675 suffi-

80 1697 206 1728 cienter
225 1697 430 1732 instructam,
459 1705 533 1726 cum
558 1696 820 1734 depositionibus
844 1697 990 1732 testium,
1015 1698 1076 1727 sub

80 1749 202 1788 sigillis
219 1749 338 1780 vestris
356 1748 497 1779 fideliter
513 1748 716 1783 interclusis,
741 1749 781 1778 ad
796 1758 932 1779 examen
947 1754 1078 1788 aposto-

80 1801 182 1832 licum
195 1801 382 1837 remittatis,
400 1801 522 1840 prefixo
537 1801 686 1839 partibus
702 1802 843 1831 termino
858 1803 1077 1840 peremptorio

81 1854 289 1892 competenti,
304 1862 367 1893 quo
380 1862 438 1892 per
454 1862 488 1884 se
504 1853 555 1883 vel
570 1857 797 1891 procuratores
813 1854 948 1884 idoneos
967 1859 1078 1885 nostro

82 1914 118 1937 se
143 1906 333 1944 conspectui
356 1909 597 1944 representem,
614 1905 749 1944 justam,
776 1911 907 1936 auctore
925 1907 1075 1942 Domino,

82 1958 280 1989 sententiam
296 1962 480 1996 recepture;
495 1958 633 1988 firmiter
649 1966 687 1988 ex
702 1962 793 1996 parte
805 1963 916 1988 nostra
930 1959 1078 1996 partibus

83 2010 321 2040 nichilominus
336 2009 528 2045 inhibendo,
549 2018 600 2044 ne,
623 2009 680 2039 lite
703 2009 875 2047 pendente,
900 2010 1027 2049 aliquid
1044 2011 1078 2040 in

82 2063 275 2093 alterutrius
300 2062 518 2102 prejudicium
547 2062 688 2092 audeant
717 2062 891 2097 innovare;
917 2063 945 2092 si
966 2063 1078 2093 forsan

84 2115 281 2146 inveneritis
305 2115 345 2145 ab
366 2114 477 2154 aliqua
502 2114 656 2153 partium,
680 2119 852 2153 postquam
877 2124 1009 2146 causam
1028 2125 1080 2147 re-

83 2167 273 2198 vocavimus
286 2167 326 2197 ad
339 2175 475 2197 examen
491 2166 716 2205 apostolicum,
735 2167 861 2205 aliquid
873 2172 986 2197 contra
1002 2168 1080 2198 reli-

84 2229 184 2259 quam
202 2223 323 2250 temere
347 2223 592 2257 attemptatum,
618 2219 652 2248 in
675 2222 796 2248 statum
819 2219 965 2249 debitum
986 2229 1080 2250 revo-

85 2275 215 2307 cantes;
243 2271 499 2302 contradictores
524 2275 582 2301 etc.
609 2271 682 2300 Dat.
708 2271 825 2304 Reate.
848 2272 894 2301 VI
921 2272 1078 2303 kalendas

84 2323 244 2359 octobris,
266 2332 351 2353 anno
369 2323 505 2353 decimo.
527 2335 539 2349 »

155 2501 270 2529 3347
646 2499 736 2533 Rieti,
751 2500 784 2527 17
798 2500 914 2527 octobre
930 2501 1008 2528 1236.

120 2562 348 2597 Archiepiscopo
370 2562 531 2590 cusentino
554 2561 675 2588 mandat
695 2564 853 2595 quatenus.
871 2576 902 2580 —
919 2562 1080 2596 reprobatis

85 2613 146 2638 tam
167 2610 308 2638 electione
324 2618 340 2637 a
359 2610 484 2644 quadam
503 2613 585 2644 parte
602 2609 726 2644 capituli
745 2609 966 2637 Neoeastrensis
981 2611 1017 2637 de
1031 2611 1078 2644 G.‚

84 2659 290 2686 Neocastrensi
306 2659 461 2691 canonico,
477 2666 564 2692 quam
580 2658 775 2693 postulatione
790 2658 827 2685 ab
841 2659 933 2685 altera
948 2659 1079 2693 eJusdem

86 2707 210 2742 capituli
226 2710 307 2742 parte
324 2707 360 2734 de
378 2707 549 2734 Ravellensi
565 2706 699 2741 episcopo
714 2706 745 2733 in
761 2706 1002 2734 Neocastrensem
1017 2708 1081 2742 epi—

86 2762 217 2790 scopum,
227 2755 392 2788 celebratis,
402 2769 434 2773 —
443 2755 538 2782 eidem
552 2754 682 2789 capitulo
691 2755 861 2781 facultatem
874 2755 1014 2783 concedat
1024 2755 1081 2784 sibi

84 2803 123 2830 de
148 2810 270 2837 persona
297 2803 402 2830 idonea
428 2803 459 2830 in
486 2805 632 2837 pastorem
658 2802 843 2836 providendi.
865 2816 897 2821 —
919 2803 1006 2835 (Rae.
1032 2804 1080 2838 18,

87 2851 109 2877 f.
126 2849 177 2878 196
189 2854 235 2883 v·;
251 2859 320 2878 ann.
337 2851 376 2884 X,
390 2859 415 2878 c.
431 2851 506 2883 241.)

131 2960 145 2976 α
170 2971 190 2978 ..
210 2951 432 2988 archiepiscopo
452 2951 625 2980 cusentino.
652 2950 696 2980 Ex
716 2954 807 2988 parte
830 2949 1024 2981 dilectorum
1044 2951 1083 2981 fi-

1158 388 1275 419 liorum
1300 389 1435 428 capituli
1456 390 1705 420 Neocastrensis
1726 392 1789 420 suit
1816 392 2017 430 propositum
2043 401 2153 422 coram

1159 442 1253 472 nobis
1271 443 1367 481 quod,
1386 452 1498 473 eorum
1519 443 1658 474 ecclesia
1681 445 1820 482 pastoris
1842 445 1963 474 solacio
1983 445 2152 482 destituta,

1158 499 1186 524 et
1206 495 1288 524 votis
1305 505 1428 530 eorum,
1443 505 1516 525 cum
1535 496 1573 526 de
1597 497 1698 526 futuri
1716 497 1880 534 pontilicis
1897 498 2056 528 haberent
2074 499 2154 528 sub-

1157 547 1328 576 stitutione
1346 551 1530 584 tractatum,
1549 548 1582 577 in
1597 548 1726 578 diversa
1744 549 1871 583 divisis,
1886 550 2032 588 quinque
2049 551 2082 580 in
2099 552 2152 586 G.‚

1158 599 1363 629 canonicum.
1381 604 1411 630 et
1428 608 1482 629 sex
1501 600 1631 639 reliqui,
1647 610 1785 639 quorum
1803 606 1867 631 tres
1884 602 1917 631 in
1933 604 1985 637 G„
2002 603 2066 632 duo
2083 604 2153 633 in..

1158 650 1328 683 decanum,
1346 654 1376 680 et
1393 660 1478 680 unus
1495 651 1529 680 in
1546 652 1594 684 T..
1612 652 1787 681 canonicos
1811 652 1967 689 ipsorum,
1991 662 2154 683 convene-

1158 706 1241 737 rant,
1258 702 1292 731 in
1312 702 1532 732 venerabilem
1549 703 1683 733 fratrem
1707 708 1854 733 nostrum
1878 727 1897 732 ..
1923 705 2154 735 Ravellensem

1158 754 1357 792 episcopum,
1375 755 1605 793 postulandum
1624 765 1641 784 a
1658 756 1763 785 nobis.
1782 756 1814 785 in
1832 757 1992 786 scrutinio
2014 767 2155 788 consen-

1158 811 1283 836 serunt.
1308 807 1471 845 Cumque,
1489 807 1653 845 publicato
1677 808 1852 843 scrutinio,
1872 813 1901 838 et
1928 809 2087 840 electione
2114 810 2153 840 de

1157 858 1243 888 «licto
1257 860 1294 889 G.
1313 868 1348 888 ac
1367 859 1587 897 postulatione
1603 860 1641 890 de
1657 861 1784 898 prefato
1800 861 1950 899 episcopo
1967 862 2153 898 celebratis,

1158 911 1252 940 nobis
1272 920 1326 940 eas
1349 920 1405 949 per
1426 912 1559 941 nuntios
1582 921 1657 942 suos
1674 912 1796 941 dictum
1816 913 1996 951 capitulum
2019 923 2155 952 presen-

1158 967 1269 997 tasset,
1288 973 1323 993 ac
1346 964 1434 1001 ipsas
1457 972 1513 1001 per
1529 964 1690 1003 dilect[os]
1708 964 1817 1003 iustos]
1836 967 1989 1003 nosti-[os]
2008 967 2155 1004 G[uisre-

1157 1016 1258 1053 dum],
1282 1016 1369 1045 tituli
1395 1016 1507 1046 Sancti
1530 1017 1630 1046 Marci
1658 1017 1892 1055 presbiterum,
1913 1023 1943 1048 et
1964 1019 2153 1058 O[ttonem],

1158 1068 1270 1098 Sancti
1288 1068 1417 1098 Nicolai
1436 1068 1469 1097 in
1486 1069 1623 1099 Carcere
1639 1069 1791 1099 Tulliano
1808 1070 1980 1100 diaconum
2003 1071 2156 1101 cardina-

1156 1119 1215 1153 les,
1237 1120 1418 1149 examinari
1447 1121 1634 1155 fecerimus,
1665 1125 1759 1158 prout
1780 1123 1943 1157 convenit,
1966 1123 2154 1161 diligenter,

1158 1172 1364 1202 attendentes
1386 1173 1481 1211 quod,
1508 1173 1593 1202 sicut
1616 1182 1653 1202 ex
1675 1174 1847 1211 premissis
1872 1179 2015 1212 apparet,
2038 1180 2157 1205 neutra.

1158 1225 1321 1262 ipsarum¹
1338 1225 1402 1254 suit
1422 1224 1578 1254 canonice
1595 1224 1769 1254 celebrata.
1789 1230 1816 1255 et
1835 1226 2071 1263 postulationes
2092 1227 2156 1257 hu-

1155 1277 1299 1315 jusmodi
1316 1276 1503 1315 Apostolica
1521 1277 1621 1307 Sedes
1639 1285 1702 1306 non
1724 1279 1929 1307 consueverit
1948 1279 1980 1308 in
2000 1284 2088 1309 tanta
2105 1280 2156 1309 di-

1157 1331 1285 1360 visione
1297 1339 1334 1359 ac
1347 1330 1605 1359 contradictione
1620 1330 1804 1365 admittere,
1817 1340 1890 1360 cum
1903 1332 2012 1366 ctiam,
2024 1333 2156 1370 quando

1157 1381 1366 1412 celebrantur
1386 1382 1600 1417 unanimiter,
1623 1382 1662 1411 ad
1685 1392 1740 1412 eas
1762 1383 1980 1413 admittendas
2004 1393 2067 1414 non
2091 1389 2157 1414 tam

1158 1443 1196 1463 ex
1216 1434 1348 1472 justitia
1364 1442 1461 1472 quam
1478 1442 1516 1463 ex
1532 1434 1638 1471 gratia
1658 1439 1838 1469 moveatur,
1856 1436 2050 1466 mandamus
2074 1446 2156 1475 qua-

1159 1490 1270 1521 tenus,
1296 1490 1361 1515 tam
1384 1485 1602 1516 electionibus
1629 1495 1728 1524 quam
1755 1487 1975 1524 postulatione
1999 1489 2156 1526 predictis

1156 1538 1288 1576 penitus
1308 1537 1502 1575 reprobatis,
1519 1538 1712 1576 providendi
1737 1538 1802 1568 sibi
1822 1539 1860 1569 de
1878 1548 2019 1577 persona
2038 1541 2158 1572 idonea

1157 1599 1214 1628 per
1230 1589 1423 1623 electionem
1440 1589 1631 1619 canonicam
1648 1590 1682 1619 in
1699 1595 1862 1628 pastorem
1884 1592 2043 1622 concedas
2066 1594 2157 1632 capi-

1157 1642 1225 1672 tulo
1243 1642 1380 1672 liberam
1397 1641 1597 1672 facultatem.
1614 1643 1686 1672 Dat.
1703 1644 1816 1678 Reate,
1834 1644 1911 1674 XVI
1922 1644 2080 1676 kalendas
2095 1654 2153 1675 no-

1157 1694 1312 1729 vembris,
1331 1703 1417 1724 anno
1433 1694 1569 1724 decimo.
1591 1707 1604 1721 2>

1228 1903 1346 1931 3348
1720 1906 1810 1939 Rieti,
1827 1907 1860 1933 15
1875 1906 1990 1934 octobre
2005 1908 2083 1935 1236.

1195 1965 1364 1999 Praeposito
1379 1968 1408 1992 et
1421 1966 1569 1993 canonicis
1584 1967 1755 1994 monasterii
1768 1967 1870 1995 Sancti
1881 1968 2025 2002 Ampcllii
2037 1968 2157 2005 [Ampe-

1160 2010 1216 2046 1ii]‚
1233 2012 1344 2039 ordinis
1364 2013 1458 2040 sancti
1474 2014 1649 2047 Augustini,
1666 2015 1932 2048 vigintimiliensis
1952 2016 2107 2050 dioecesis,
2125 2018 2155 2044 in

1160 2068 1282 2094 quorum
1302 2061 1493 2094 monasterio,
1510 2062 1584 2096 quod
1602 2062 1679 2090 beati
1695 2063 1848 2090 Benedicti
1867 2064 1978 2091 ordinis
1999 2066 2104 2097 fuerat,
2124 2081 2156 2085 —

1159 2111 1276 2143 propter
1287 2109 1435 2136 malitiam
1447 2110 1556 2136 ibidem
1570 2111 1769 2138 habitantium
1783 2112 1812 2139 in
1825 2113 2030 2147 spiritualibus
2043 2120 2070 2143 et
2083 2120 2156 2143 tem—

1160 2157 1308 2191 poralibus
1322 2157 1393 2184 adeo
1405 2158 1614 2185 miserabiliter
1625 2159 1797 2192 deformato,
1810 2162 1885 2194 quod
1899 2163 1997 2189 nullus
2009 2163 2067 2190 nisi
2079 2165 2157 2191 solus

1159 2204 1248 2232 abbas
1259 2205 1431 2232 remanserit
1441 2205 1472 2232 in
1482 2206 1655 2239 eodem,nec
1667 2216 1731 2241 spes
1741 2211 1802 2234 erat
1811 2209 1911 2243 aliqua
1920 2210 1994 2243 quod
2005 2212 2158 2239 reformari

1160 2252 1190 2279 in
1206 2252 1308 2279 ordine
1327 2261 1378 2280 suo
1394 2257 1504 2287 posset,
1521 2257 1549 2281 et
1571 2255 1654 2288 cujus
1674 2255 1762 2282 abbas
1780 2256 1810 2282 in
1828 2257 1964 2284 manibus
1980 2259 2159 2293 Vigintimi-

1160 2301 1262 2327 liensis
1286 2301 1414 2335 episcopi
1427 2322 1434 2333 ,
1459 2302 1507 2328 cui
1530 2302 1643 2329 dietum
1667 2305 1878 2331 monasterium
1903 2306 1964 2340 tege
1985 2307 2159 2335 dioecesana

1159 2349 1291 2382 suberat,
1308 2353 1448 2382 cesserat,
1463 2351 1493 2377 in
1507 2351 1566 2378 alio
1579 2352 1640 2378 loeo
1653 2352 1698 2379 sui
1711 2353 1823 2386 ordinis
1839 2355 2011 2387 collocatus,
2029 2370 2060 2374 —
2079 2357 2158 2384 idem

1159 2397 1322 2431 episeopus,
1338 2397 1373 2424 de
1388 2398 1526 2425 mandato
1539 2400 1708 2433 apostolico,
1721 2401 1766 2427 sui
1780 2402 1904 2435 capituli
1920 2403 2076 2431 accedente
2091 2413 2158 2431 eon-

1160 2453 1256 2478 sensu,
1268 2445 1346 2473 beati
1358 2446 1520 2480 Augustini
1532 2448 1665 2475 ordinem
1680 2449 1894 2483 introduxerat,
1908 2451 1985 2485 ipsos
1999 2452 2158 2480 instituens

1160 2493 1191 2520 in
1207 2493 1307 2520 eodem
1323 2494 1439 2527 ordine,
1456 2495 1603 2529 significat
1617 2505 1646 2523 se
1665 2497 1740 2530 quod
1755 2497 1793 2524 ab
1807 2498 1907 2525 eodem
1923 2499 2056 2534 episcopo
2073 2509 2159 2535 super

1161 2542 1214 2568 hoc
1227 2542 1338 2568 factum
1355 2542 1460 2575 fuerat,
1475 2543 1656 2571 confirmare.
1675 2558 1706 2562 —
1723 2545 1808 2576 (Res.
1822 2545 1865 2577 18,
1883 2546 1903 2572 f.
1915 2546 1965 2573 196
1976 2550 2019 2578 v·;
2036 2556 2105 2574 ann.
2119 2549 2158 2580 X,

1161 2596 1186 2616 c.
1207 2589 1282 2620 242.)

1203 2726 1217 2740 «
1237 2736 1257 2743 ..
1275 2717 1424 2752 preposito
1447 2721 1472 2744 et
1495 2718 1652 2746 canonicis
1677 2719 1855 2746 monasterii
1874 2719 1979 2748 Sancti
2005 2722 2159 2757 Ampellii,

1161 2766 1281 2796 ordinis
1303 2769 1403 2797 sancti
1424 2769 1605 2805 Ααῃιιςιίηί,
1637 2770 1905 2806 Ιί”9ι”ηιι”ηιι”1ιέηειέ
1928 2772 2088 2811 [diocesis].
2114 2774 2161 2803 Ea

1163 2827 1226 2857 que
1240 2827 1298 2857 pro
1313 2837 1360 2849 —.
1381 2821 1452 2850 Dat.
1468 2822 1581 2857 Reate,
1598 2822 1708 2852 idibus
1720 2823 1872 2857 octobris,
1886 2832 1972 2854 anno
1988 2824 2124 2856 decimo.
2145 2838 2159 2853 n

1197 2961 1218 2986 Ι.
1232 2965 1282 2987 Mc.
1299 2972 1306 2987 :
1320 2963 1453 2995 ipsorum.
