2423 3487
234 305 292 335 495
947 306 1181 336 Rsselsrnsss
1204 304 1257 333 DE
1280 297 1499 334 GREGomE
1523 304 1580 333 lx.
2243 307 2300 337 ⁴96

235 374 266 399 et
284 392 303 397 ..
322 374 411 407 pater
425 369 677 408 ipsius,judices
692 370 857 407 provincie
870 371 1054 403 Turi-itane,
1075 380 1110 400 ac
1127 370 1224 399 etiam

235 420 393 455 Phalolus,
408 422 457 450 vir
468 422 549 459 ejus.
562 421 600 450 de
612 422 703 459 copia
715 422 872 451 honorum
884 422 1003 460 quibus
1017 423 1223 452 ltalmndabat

234 472 305 510 ipsa
328 472 505 510 provincia,
539 477 781 510 presumentes,
815 473 984 503 nonnullis
1012 474 1139 503 cix-ibus
1167 475 1224 504 Ja-

236 523 418 553 nueusibus
435 528 462 553 et
485 524 614 553 Pisanis
631 524 706 554 dare
727 526 935 562 promiserint
958 525 1057 554 multa
1074 526 1171 555 feuda
1189 526 1222 554 in

234 575 415 604 redditibus
433 576 584 612 pecunie,
604 575 707 609 villis,
726 577 829 606 servis
850 581 879 606 ct
903 577 1047 607 ancillis.
1065 578 1223 607 confectis

233 627 348 656 exinde
370 627 509 664 puhlicis
529 628 774 663 instrumentis,
800 633 829 658 et
851 629 889 658 ad
913 634 1034 659 tantam
1056 630 1125 667 ipsa
1149 640 1222 668 pro-

231 679 339 708 vincia
369 679 535 709 devenerit
566 685 805 718 paupertatem,
838 682 922 719 quod
949 682 1060 711 eadem
1089 683 1220 715 nobilis,

233 729 352 759 nedum
379 730 475 759 feuda
507 731 575 768 ipsa
608 732 824 771 concedere[t]
847 734 871 766 ¹,
903 733 954 762 vix
980 734 1077 762 etiam
1104 734 1219 764 haheat

230 781 316 810 unde
344 781 477 811 honeste
503 782 607 811 valeat
633 784 822 818 sustentari,
848 794 946 822 super
970 784 1028 814 ltoc
1052 787 1221 823 providere

230 833 310 864 sibi,
341 842 379 861 ne
406 834 576 864 occasione
608 836 862 872 promissionum
893 837 1038 875 ipsarum
1069 839 1220 869 infestari

230 885 346 918 valeat.
363 895 563 917 curaremus.
577 888 747 925 presertim
764 898 837 918 cum
853 889 938 919 dicta
955 891 1121 928 provincia
1135 892 1220 930 juris

230 942 261 966 et
281 938 487 975 proprietatis
510 940 694 977 Apostolice
718 941 811 971 Sedis
835 943 965 977 existat,
991 952 1026 972 ac.
1050 949 1160 974 noster
1185 954 1219 975 ac

229 989 300 1028 ejus
316 999 495 1020 consensus
512 1000 574 1020 nou
594 991 807 1023 intervenerit
824 993 857 1022 in
877 995 1058 1032 premissis.
1079 997 1220 1036 Ideoque

229 1041 421 1071 mandamus
444 1047 616 1080 quatenus,
641 1044 668 1073 si
689 1049 737 1074 est
760 1045 814 1080 ita,
841 1055 904 1075 non
926 1048 1122 1084 permittatis
1147 1059 1220 1087 pre-

228 1092 347 1122 dictam
374 1093 514 1123 nobilem
541 1095 710 1125 occasione
736 1097 991 1133 promissionum
1019 1098 1218 1137 hujusmodi,

229 1144 385 1182 quamdiu
401 1145 439 1175 de
462 1150 572 1175 nostro
598 1146 799 1185 heneplacito
824 1149 939 1184 suerit,
962 1151 1146 1186 molestari,
1165 1162 1219 1183 cos

227 1197 283 1234 qui
299 1206 392 1226 secus
410 1199 678 1236 presumpserint,
692 1201 872 1231 monitione
889 1203 1059 1239 premissa,
1078 1214 1134 1242 per
1147 1214 1218 1234 cen-

227 1257 337 1277 suram
352 1249 618 1285 eccl‹.·siasti(·atn,
635 1252 850 1289 appellatione
866 1256 1055 1292 postposita,
1073 1266 1219 1296 compes-

227 1301 340 1330 cendo.
358 1301 449 1337 Quod
466 1302 493 1331 si
511 1311 574 1332 non
591 1312 704 1334 omnes
721 1309 780 1334 etc.
799 1306 870 1335 Dat.
888 1311 920 1336 ut
939 1316 1046 1345 supra.
1068 1322 1080 1335 »

296 1470 414 1499 3356
785 1476 876 1509 Rieti,
891 1477 924 1503 10
939 1479 1052 1505 octobre
1069 1480 1146 1507 1236.

263 1531 396 1563 Pisanos,
424 1533 605 1566 provinciam
633 1535 821 1564 Turritanam
848 1538 986 1566 invadere
1010 1545 1218 1575 proponentes,

228 1583 324 1605 monet
337 1582 479 1613 quatenus
492 1590 507 1607 a
519 1590 569 1608 suo
581 1584 726 1617 proposito
737 1585 889 1613 desistant.
900 1589 1023 1619 —(l{t:G.
1037 1589 1079 1621 18,
1091 1590 1110 1616 f.
1121 1590 1170 1617 198
1180 1594 1216 1623 r⁰;

226 1635 297 1653 ann.
314 1627 352 1660 X,
369 1636 394 1654 c.
412 1628 486 1659 2¹9.)

269 1738 281 1752 ιι
308 1749 326 1755 ..
346 1729 498 1764 potestati,
522 1731 647 1759 consilio
667 1736 692 1760 et
712 1735 868 1762 communi
888 1735 1018 1765 Pisanis.
1040 1737 1120 1767 Cum
1145 1749 1218 1777 pro-

226 1778 337 1808 vincia
354 1779 527 1810 Turritana
540 1781 626 1820 juris
647 1787 677 1812 et
698 1785 906 1822 proprietatis
922 1789 1106 1826 Apostolice
1124 1791 1218 1821 Sedis

226 1831 360 1866 existat,
382 1841 478 1869 grave
497 1834 641 1869 gerimus
660 1840 691 1865 et
708 1836 878 1875 indignum
897 1840 997 1878 quod,
1018 1842 1101 1872 sicut
1119 1843 1218 1874 intel-

223 1882 376 1917 leximus,
400 1886 579 1923 proponitis
602 1887 706 1925 ipsam
729 1889 898 1925 invadere,
926 1901 988 1922 nou
1012 1894 1083 1925 sine
1107 1901 1217 1926 nostra

225 1934 347 1973 injuria
366 1940 395 1965 ct
414 1941 611 1975 contemptu.
634 1939 715 1970 Cum
735 1941 836 1978 igitur
853 1947 940 1974 tante
960 1948 1217 1985 presumptionis

224 1987 394 2016 audaciam
424 1997 485 2017 non
511 1991 674 2027 possimus
696 1993 728 2021 in
757 1994 914 2031 patientia
939 1998 1117 2034 sustinere,
1143 2010 1217 2039 spe-

223 2043 335 2068 rantes
351 2040 435 2077 quod
454 2050 520 2075 vos,
540 2046 694 2081 tanquam
713 2044 818 2075 devoti
836 2046 907 2081 lilii,
926 2050 1047 2080 nostris
1063 2053 1216 2083 monitio-

223 2090 339 2126 nibus,
357 2101 438 2129 quas
457 2098 591 2130 paterna
609 2095 781 2133 diligentia
797 2098 948 2130 duximus
969 2103 1214 2141 promittendus,

223 2150 297 2171 cum
332 2143 518 2175 humilitate
555 2153 724 2184 parentes,
756 2150 885 2187 eligetis
916 2154 1024 2191 potius
1058 2156 1216 2189 desistere

223 2203 322 2232 quam
344 2195 512 2227 incurrere
536 2198 628 2228 illum
650 2200 852 2233 difficultatis
875 2205 1066 2242 articulum,
1091 2209 1128 2239 de
1153 2219 1216 2249 quo

223 2254 288 2275 non
308 2247 457 2284 possitis.
480 2258 552 2278 cum
574 2251 761 2288 volueritis,
785 2256 947 2293 expediri,
967 2259 1214 2293 universitatem

221 2302 364 2327 vestram
378 2301 570 2330 monendam
583 2303 734 2334 duximus
747 2310 777 2335 et
789 2306 992 2345 hortandam,
1008 2313 1216 2351 precipiendo

221 2351 416 2381 mandantes
439 2358 616 2390 quatenus,
636 2357 840 2388 considerato
858 2361 1034 2397 prudenter
1054 2366 1138 2403 quod
1159 2368 1215 2397 atl-

221 2410 336 2431 versus
355 2403 534 2433 Romanam
552 2406 740 2444 Ecclesiam,
759 2419 855 2448 quam
870 2414 1039 2444 constituit
1056 2417 1214 2450 Dominus

221 2461 320 2491 super
342 2459 455 2491 gentes
469 2459 481 2476 ²
503 2461 533 2486 et
555 2460 684 2495 regna³,
709 2468 773 2490 non
792 2464 930 2499 possetis
952 2471 1059 2497 vestra
1077 2471 1215 2501 consilia

220 2505 384 2540 stabilire,
417 2507 456 2536 ab
487 2507 676 2547 hujusmodi
697 2514 862 2551 proposito
887 2515 1054 2549 desistatis
1081 2524 1213 2558 provide

218 2565 278 2595 per
300 2566 356 2587 vos
376 2558 481 2597 ipsos,
502 2560 548 2590 ita
570 2563 672 2600 qnod,
696 2565 854 2597 facientes
875 2567 913 2598 de
935 2572 1129 2604 necessitate
1147 2576 1213 2605 vir-

218 2612 337 2645 tutem,
357 2619 415 2641 nos
436 2611 474 2641 ad
495 2613 703 2645 dilectionem
719 2617 862 2649 civitatis
879 2625 984 2652 vestre
1003 2623 1120 2655 fortius
1141 2628 1213 2657 ani-

217 2661 335 2697 metis,
361 2662 508 2702 alioquin
526 2667 770 2699 venerabilibus
786 2670 944 2703 trau-ibus
961 2677 1082 2705 nostris
1099 2700 1119 2706 ..
1140 2679 1213 2710 Flo-

215 2713 348 2743 rentino
373 2719 403 2744 et
433 2737 452 2744 ..
485 2716 681 2749 pistoriensi
706 2721 868 2761 episcopis
893 2729 924 2754 et
947 2725 1065 2757 dilecto
1092 2729 1158 2760 filio
1191 2755 1210 2761 ..

249 2830 269 2853 l.
283 2832 332 2854 Ms.
347 2839 354 2854 .-
370 2832 530 2862 concedet-o,
544 2834 591 2858 sed
608 2835 663 2860 vix.

243 2873 268 2897 ⁴2.
285 2875 332 2896 Με.
350 2882 357 2897 ;
372 2880 455 2904 nuper
469 2882 509 2905 gs.

246 2917 270 2940 3.
286 2916 326 2941 Cf.
345 2917 449 2942 Jeneu.
466 2919 486 2948 Ι,
503 2919 538 2943 10.

1307 368 1407 406 priori
1426 368 1537 398 Sancti
1554 368 1700 398 Fridiani
1719 369 1841 398 Lucani
1859 369 1980 399 nostris
1996 369 2111 400 damus
2129 370 2248 402 litteris
2264 372 2298 402 in

1309 420 1482 455 mandatis,
1501 425 1535 450 ut
1553 421 1831 459 presumptionem
1851 426 2004 454 vestram.
2026 422 2206 454 monitione
2226 433 2299 462 pre-

1306 472 1418 505 missa,
1443 481 1500 510 per
1521 481 1694 502 censuram
1712 472 1981 508 ecclesiasticam,
2006 473 2223 512 appellatione
2247 485 2299 507 re-

1306 527 1402 558 mota,
1417 528 1641 562 coinpescant3
1661 524 1756 554 nobis
1770 525 1810 554 ad
1828 525 1979 563 graviora
1993 530 2106 556 contra
2121 536 2188 561 vos,
2204 527 2232 557 si
2247 536 2298 559 ne-

1305 584 1394 605 cesse
1410 575 1520 607 suerit.
1538 580 1669 606 auctore
1686 577 1842 611 Domino,
1861 578 2076 615 processuris.
2094 579 2164 608 Dat.
2184 580 2296 615 Reate,

1304 628 1347 657 VI
1367 627 1441 656 idus
1457 627 1615 662 octobris,
1633 637 1719 658 anno
1735 628 1872 658 decimo.
1893 641 1905 655 ι)

1372 816 1489 845 3:352
1838 817 1944 853 [Rieti‚
1962 819 1996 846 10
2007 819 2122 847 octobre
2138 819 2228 856 1236.]

1338 878 1488 911 Scriptum
1505 882 1548 905 est
1561 887 1646 913 super
1660 879 1712 906 hoc
1725 879 1823 905 eisdem
1843 880 2007 913 [Florentino
2020 883 2043 906 ct
2061 881 2224 915 pistoriensi]
2241 883 2297 915 cpi-

1301 927 1395 959 scopis‚
1411 928 1433 951 et
1450 924 1556 960 [Sancti
1571 927 1700 952 Fridiani
1716 927 1825 960 Lucam]
1843 929 1944 960 priori,
1959 929 2074 962 proviso
2087 938 2121 955 ne
2135 930 2164 956 in
2177 930 2296 958 univer-

1301 973 1417 1000 sitatem
1436 974 1574 1001 Pisanam
1591 977 1646 1002 etc.

1370 1159 1490 1187 3358
1871 1161 1961 1194 Rieti,
1975 1161 2009 1188 10
2021 1161 2137 1189 octobre
2147 1162 2224 1189 1236.

1336 1221 1368 1248 In
1385 1221 1508 1248 eundem
1527 1221 1645 1248 modum
1662 1242 1680 1248 ..
1696 1223 1837 1254 potestati,
1854 1223 1966 1248 consilio
1979 1225 2003 1248 ct
2019 1225 2160 1249 communi
2173 1223 2296 1250 Jonuen-

1300 1269 1383 1300 sibus,
1398 1277 1488 1303 usque
1505 1278 1510 1295 ι
1527 1269 1630 1296 fortius
1645 1269 1795 1296 animetis.
1810 1270 1877 1297 Dat.
1893 1273 1947 1297 etc.

1369 1454 1485 1482 3:152)
1865 1455 1955 1488 Rieti,
1972 1456 2006 1483 16
2018 1456 2133 1484 octobre
2146 1456 2223 1484 1236.

1334 1516 1562 1550 Areliiepiscopo
1579 1517 1788 1543 Beneventano
1806 1517 1927 1544 mandat
1943 1520 2101 1551 quatenus,
2122 1518 2146 1545 si
2166 1518 2294 1553 postula.-

1300 1564 1408 1590 tionem
1427 1564 1598 1591 unanimam
1613 1564 1813 1591 archidiaconi
1828 1567 1855 1591 et
1870 1565 1992 1599 capituli
2007 1566 2194 1593 Florentinae
2204 1567 2294 1594 ecole-

1299 1612 1369 1644 siae,
1382 1615 1496 1646 pastore
1508 1612 1677 1644 destitutae,
1687 1613 1722 1639 de
1733 1613 1934 1640 Torribulcnsi
1947 1613 2081 1648 episcopo
2093 1614 2122 1640 in
2137 1617 2291 1649 pastorem,

1300 1660 1447 1687 invenerit
1475 1660 1511 1686 de
1538 1668 1660 1694 persona
1686 1661 1791 1687 idonea
1817 1661 1956 1688 canonice
1981 1662 2173 1696 celebratam,
2197 1662 2292 1690 eidem

1299 1708 1433 1742 episcopo
1446 1709 1616 1736 facultatem
1631 1708 1741 1736 tribuat
1755 1709 1790 1736 ad
1802 1709 1913 1736 dictam
1928 1710 2128 1737 Florentinam
2140 1710 2293 1738 eeclesiam

1299 1756 1470 1783 transeundi
1491 1758 1519 1783 et
1539 1757 1628 1783 faciat
1640 1757 1839 1784 obedientiam
1856 1757 2007 1790 exlliberi3
2026 1758 2173 1792 alioquin,
2192 1758 2292 1786 eadem

1299 1804 1494 1838 postulatione
1515 1804 1569 1831 rite
1590 1806 1721 1838 repulsa,
1738 1805 1827 1832 saciat
1842 1805 2002 1839 jamdictae
2018 1806 2158 1833 ecclesiae
2177 1806 2294 1834 Floren-

1299 1852 1378 1878 tinae
1393 1860 1443 1886 per
1456 1852 1629 1878 electionem
1644 1852 1816 1879 canonicam
1831 1853 1866 1880 de
1882 1861 2004 1887 persona
2018 1853 2122 1881 idonea
2135 1854 2291 1889 provideri.

1298 1914 1329 1918 —
1346 1901 1431 1932 (lteo.
1449 1900 1492 1933 18,
1510 1901 1529 1926 f.
1547 1900 1597 1927 198
1613 1904 1652 1932 r¹';
1669 1909 1738 1927 ann.
1756 1901 1794 1933 X,
1809 1901 1920 1932 c.‘250.)

1338 2019 1351 2033 «
1378 2030 1398 2036 ..
1420 2007 1642 2046 archiepiscopo
1658 2009 1876 2038 Beneventano.
1895 2009 1990 2039 Lecte
2007 2013 2060 2040 tue
2076 2007 2293 2039 fraternitatis

1296 2077 1345 2088 —.
1380 2060 1452 2089 Dat.
1487 2061 1606 2096 Reate,
1647 2061 1742 2091 XVII
1771 2060 1928 2091 kalendas
1965 2061 2170 2097 novembris,
2207 2068 2292 2090 anno

1296 2111 1431 2142 decimo.
1453 2124 1466 2138 n

1366 2303 1483 2332 3360
1859 2303 1950 2337 Ricti,
1964 2303 1998 2331 15
2012 2302 2128 2331 octobre
2140 2302 2219 2330 1236.

1331 2365 1560 2399 Archiepiscopo
1575 2365 1734 2393 Bisuntino
1750 2365 1883 2399 indulget
1896 2373 1932 2392 ne
1944 2373 1962 2392 a
1971 2364 2098 2392 subditis
2110 2363 2181 2397 suis,
2193 2370 2208 2389 (ι
2223 2363 2290 2398 qui—

1296 2413 1348 2440 bus
1362 2414 1477 2447 signum
1496 2422 1509 2439 ι)
1523 2417 1565 2441 est
1579 2421 1593 2439 «
1608 2414 1719 2449 positus
1730 2414 1766 2441 ad
1782 2414 1920 2448 sagittam
1933 2421 1947 2439 »
1958 2417 1976 2446 ¹,
1988 2413 2162 2440 auctoritate
2174 2414 2289 2447 aposto-

1296 2461 1419 2488 licarum
1438 2462 1620 2495 litterarum,
1643 2465 1727 2489 extra
1747 2462 1900 2490 civitatem
1917 2462 2132 2495 Lingonensem
2148 2460 2195 2487 vel
2219 2459 2290 2487 Tre-

1295 2518 1409 2537 censem
1420 2531 1426 2543 ‚
1441 2518 1454 2535 (ε
1471 2510 1501 2537 in
1518 2510 1624 2544 quibus
1638 2510 1874 2545 jurisperitorum
1892 2510 1976 2544 copia
1991 2509 2078 2537 facile
2095 2507 2247 2536 invenitur
2262 2514 2288 2539 ι),

1294 2558 1330 2585 ad
1350 2558 1494 2592 judicium
1517 2559 1594 2586 trahi
1615 2559 1722 2594 possin
1744 2558 1947 2594 praesentibus
1966 2560 2030 2593 post
2052 2555 2287 2592 quinquennium

1295 2607 1419 2634 minime
1434 2607 1581 2634 valituris.
1597 2622 1628 2626 —
1642 2608 1728 2639 (Rau.
1745 2607 1794 2641 18,
1809 2608 1828 2634 i.
1846 2607 1896 2634 198
1914 2610 1961 2640 v⁰;
1977 2615 2047 2634 ann.
2068 2605 2112 2639 X,
2129 2613 2154 2632 c.
2170 2604 2239 2636 251;
2256 2616 2288 2622 —

1294 2654 1425 2683 Monimo
1442 2655 1520 2689 1191,
1537 2657 1557 2683 f.
1574 2656 1648 2688 142.)

1333 2774 1346 2788 α
1403 2763 1624 2801 archiepiscopo
1639 2763 1812 2792 Bisontino.
1837 2762 1919 2793 Cum
1940 2760 2154 2792 ecclesiarum
2169 2757 2287 2798 prelati

1292 2830 1338 2843 —.
1357 2814 1428 2843 Dat.
1447 2815 1561 2850 Reate,
1577 2814 1688 2845 idibus
1703 2814 1857 2849 octobris,
1874 2822 1961 2844 anno
1976 2812 2113 2844 decimo.
2134 2824 2148 2838 ι)

1324 2939 1345 2964 t.
1361 2939 1402 2964 Cf.
1417 2940 1532 2969 Jenuu..
1549 2941 1649 2964 Thr-en.
1665 2939 1713 2970 111,
1731 2939 1767 2965 t‘z.

2350 3461 2423 3487 --μ
