2519 3518
126 287 200 316 1145
970 282 1192 320 nouzOEME
1215 284 1372 321 ΑΝΝΕΕ.
2146 297 2222 328 1146

121 353 274 386 dioecesis,
305 354 427 381 mandat
454 357 598 388 quatenus
627 356 835 382 monasterium
867 356 902 383 de
922 357 1067 391 Pomposa
1089 355 1129 391 [et

120 402 252 435 ejusdem
279 403 451 430 monasterii
472 402 668 438 obedientias]
699 405 893 438 personaliter
924 406 1060 438 visitent,
1100 407 1129 432 et

123 450 233 477 ibidem
256 451 427 484 corrigenda
447 454 475 478 et
491 451 678 478 reformanda
698 452 846 485 corrigant
863 456 890 479 et
907 454 1076 481 reforment.
1097 469 1128 472 —

120 500 209 529 (Rae.
222 499 266 532 19,
284 501 303 526 t'.
327 500 418 531 521·‘·;
441 508 510 526 ann.
531 500 599 532 XII,
621 509 646 526 e.
663 499 740 532 ⁶264.)

164 599 178 614 u
198 609 217 616 ..
239 588 372 625 episcopo
397 588 554 626 Cluyiensi
578 593 604 617 et
636 610 655 617 ..
681 589 780 618 abbati
804 590 838 618 de
865 590 1034 623 Brundulo,
1059 590 1129 619 Clu-

120 640 236 677 9iensis
257 640 392 669 diocesis.
422 640 543 670 Dilecti
572 640 634 670 filii
665 664 684 670 ..
714 641 843 672 abbatis
870 642 1065 672 monasterii
1091 642 1130 672 de

124 693 286 730 Pomposa
302 693 486 730 recepimus
503 693 721 731 questionem,
750 694 848 732 quod,
869 703 944 724 cum
961 695 1131 732 contingat

122 747 276 783 eundem,
299 751 394 786 prout
416 747 456 777 ad
479 756 577 777 suum
600 752 725 786 spectat
744 748 900 784 officium,
923 749 1130 780 obedientias

123 799 176 830 sui
195 800 389 830 monasterii
403 800 551 835 visitare,
573 800 743 830 nonnullis
760 809 797 830 ex
813 801 919 839 ipsius
936 802 1131 832 monasterii

122 852 295 882 monachis
313 861 412 890 super
431 852 493 882 hoc
512 852 577 882 sibi
604 853 788 883 temeritate
808 854 941 892 propria
965 854 1130 884 rebellan-

106 904 223 943 tibus,
255 905 326 943 ipse
354 905 569 935 correctionis
602 909 633 935 et
660 905 862 936 visitationis
889 906 1033 936 officium
1063 915 1128 936 non

122 961 229 995 potest
253 957 287 987 in
305 958 364 992 eis,
390 961 485 995 prout
507 957 672 992 convenit,
693 966 864 994 exercere;
891 963 1022 997 propter
1043 959 1130 997 quod

120 1010 302 1041 existentes
320 1011 355 1040 in
376 1011 500 1041 eisdem
516 1010 726 1046 obedientiis,
745 1010 858 1049 culpas
878 1021 960 1051 quas
979 1012 1130 1042 commit-

123 1067 207 1099 tunt,
220 1067 432 1093 transeuntes
444 1063 590 1101 impune,
602 1063 761 1102 majorem
771 1069 945 1094 assumunt
957 1064 1129 1094 audaciam

120 1115 338 1154 delinquendi
363 1133 411 1145 —.
440 1116 513 1145 Dat.
535 1115 698 1153 Anagnie,
716 1116 778 1146 VII
795 1116 953 1147 kalendas
972 1117 1126 1152 octobris,

120 1177 209 1198 anno
227 1168 432 1199 duodecimo.
455 1180 469 1195 »

190 1321 311 1349 454ss

157 1383 300 1417 Magistro
323 1383 475 1417 Philippo,
497 1383 604 1410 clerico
626 1392 687 1415 suo,
711 1383 814 1410 scribit
839 1392 844 1410 :
870 1392 883 1409 «
910 1384 984 1412 Cum
1007 1385 1126 1419 quidam

120 1440 136 1456 n
158 1433 335 1466 prelatorum
354 1434 382 1458 et
397 1431 534 1462 aliorum.
553 1431 659 1465 quibus
675 1440 726 1465 pro
743 1432 885 1459 solvenda
899 1433 986 1459 tertia
1002 1441 1128 1467 proven-

122 1488 136 1505 »
157 1482 240 1506 tuum
258 1488 291 1506 ac
312 1480 481 1506 reddituum
504 1488 622 1506 suorum
645 1480 674 1506 in
697 1480 861 1507 subsidium
886 1481 1019 1508 civitatis
1036 1482 1128 1509 Cons-

121 1536 135 1552 »
156 1528 416 1562 tantinopolitane,
440 1528 604 1554 direximus
624 1528 735 1562 scripta
757 1532 866 1562 nostra,
889 1529 925 1555 ad
951 1530 1127 1556 solutionem

120 1584 135 1601 ι)
156 1576 242 1604 tertie
258 1577 293 1603 de
310 1577 435 1610 pecunia
455 1585 542 1610 quam
565 1577 676 1603 dudum
699 1577 894 1611 deposuerant
910 1581 993 1605 extra
1008 1579 1128 1613 provin-

121 1634 134 1651 »
156 1625 215 1652 cias
240 1634 306 1652 suas
331 1626 379 1652 vel
404 1626 478 1652 alias
505 1626 716 1659 distraxerant,
740 1635 769 1652 se
794 1630 926 1654 asserant
947 1636 1003 1653 non
1023 1628 1127 1660 teneri,

119 1682 134 1699 ³>
155 1675 268 1702 nullam
287 1674 377 1701 aliam
392 1683 509 1701 causam
526 1674 732 1702 rationabilem
750 1676 967 1709 pretendentes,
982 1676 1039 1702 nisi
1052 1676 1127 1710 quod

119 1732 134 1748 1)
155 1732 219 1750 eam
240 1723 436 1757 deposuerant
463 1725 531 1750 ante
552 1732 639 1757 quam
662 1726 775 1750 nostras
794 1724 908 1751 litteras
920 1725 1099 1758 recepissent
1122 1733 1127 1750 :

121 1780 134 1796 »
157 1772 332 1798 mandamus
346 1774 501 1805 quatenus,
517 1772 540 1798 si
560 1776 603 1799 est
621 1771 672 1804 ita,
694 1773 822 1806 prelatos
838 1775 866 1799 et
887 1773 960 1799 alios
976 1773 1129 1807 supradic-

120 1828 134 1845 ›)
156 1823 199 1847 tos
219 1820 255 1847 ad
279 1820 457 1846 solutionem
481 1820 569 1847 tertie
593 1820 628 1846 de
651 1821 777 1854 pecunia
802 1821 875 1855 ipsa,
900 1821 976 1848 sicut
1003 1821 1038 1847 de
1061 1821 1129 1848 aliis

121 1876 134 1893 ›>
157 1868 358 1902 proventibus.
374 1877 493 1895 moneas
509 1869 653 1895 attentius
667 1872 695 1895 et
707 1869 840 1901 inducas,
853 1872 891 1901 et,
907 1870 930 1895 si
944 1878 1016 1904 opus
1029 1870 1128 1902 fuerit,

119 1926 134 1942 ³)
155 1917 330 1944 auctoritate
343 1920 451 1950 nostra,
462 1916 620 1952 submoto]
634 1917 866 1952 ap[pellationis]
879 1917 1129 1953 impe[(limento].

121 1975 134 1991 1)
156 1967 325 2000 coiiilsiellas.
343 1974 355 1991 ))
372 1981 402 1984 -—
417 1967 503 1997 (Hm.
522 1966 565 1998 19,
584 1968 602 1992 f.
620 1967 708 1998 521·⁰;
726 1975 795 1993 ann.
814 1967 880 1997 XII,
899 1977 923 1993 e.
943 1967 1018 1998 265.)

605 1322 735 1355 Anagni,
751 1322 784 1348 27
798 1322 962 1356 septembre
978 1323 1056 1350 1238.

162 2066 175 2080 <a
194 2055 337 2092 Magistro
355 2054 504 2091 Philippo,
522 2055 631 2082 clerieo
650 2059 760 2082 nostro.
779 2054 860 2083 Cum
876 2053 1009 2092 quidam
1027 2053 1129 2092 prela-

122 2112 229 2136 torum
256 2124 305 2135 —.
333 2107 406 2136 Dat.
434 2107 596 2144 Anagnie,
626 2107 655 2136 V
679 2106 838 2136 kalendas
864 2106 1018 2141 octobris,
1044 2116 1130 2136 anno

120 2159 326 2189 duodecimo.
349 2172 360 2185 >1

191 2312 307 2340 4542

158 2374 262 2401 Eidem
281 2373 401 2400 mandat
416 2376 571 2407 quatenus,
588 2388 617 2391 -
635 2382 701 2399 cum
716 2374 955 2407 archiepiscopus
970 2375 1131 2401 Patrae-en-

609 2312 738 2345 Anagni,
751 2312 784 2338 28
798 2312 963 2346 septembre
980 2312 1058 2339 1238.

120 2424 171 2455 sis,
189 2422 313 2449 ecclesia
334 2430 385 2448 sua
401 2422 536 2451 dimissa,
552 2430 702 2453 magnam,
719 2422 754 2448 ad
777 2425 873 2456 partes
895 2422 1066 2449 Gallicanas
1082 2432 1131 2450 ac-

120 2472 237 2503 cedens,
252 2471 400 2497 diceretur
416 2470 519 2497 tulisse
539 2470 681 2504 pecuniae
705 2471 901 2504 quantitatem
920 2471 954 2497 de
971 2471 1063 2505 ipsius
1084 2480 1131 2498 ec-

120 2520 227 2546 clesiae
245 2519 447 2553 proventibus,
466 2533 496 2536 —-
514 2519 657 2552 inquisita
681 2527 767 2552 super
794 2520 845 2545 hoc
866 2519 1002 2551 veritate,
1024 2520 1047 2546 si
1070 2528 1129 2546 rem

121 2568 269 2595 invenerit
292 2568 332 2594 ita
354 2577 426 2600 esse,
457 2568 492 2594 de
519 2568 586 2594 aliis
614 2567 806 2601 proventibus
829 2568 1132 2603 archiepiscopalibus

120 2618 217 2649 illius,
241 2626 289 2651 pro
310 2626 343 2643 ea
365 2617 498 2650 portione
515 2626 603 2651 quam
626 2617 703 2643 idem
726 2617 965 2651 archiepiscopus
981 2619 1132 2645 exsolvere

120 2665 287 2696 tenebatur,
300 2665 418 2691 tertiam
433 2665 488 2691 sibi
502 2665 592 2691 iaciat
605 2664 760 2698 assignari,
775 2665 805 2690 in
818 2664 983 2691 subsidium
999 2665 1133 2692 civitatis

120 2713 469 2747 Constantinopolitanae
485 2713 760 2744 transmittendam,
776 2716 803 2739 et
818 2714 1015 2746 quantitatem
1033 2722 1131 2740 eorum

120 2770 195 2796 quae
220 2762 298 2788 idem
330 2761 568 2795 archiepiscopus
598 2770 694 2788 secum
723 2762 929 2795 asportaverit,
958 2762 1014 2795 ipsi
1042 2770 1133 2796 papae

121 2810 272 2837 rescribat.
291 2825 322 2828 —
340 2811 425 2843 (Rae.
445 2810 487 2842 19,
503 2811 522 2836 1‘.
540 2810 573 2836 52
591 2814 633 2838 x-”z
652 2818 721 2836 ann.
743 2810 810 2842 XII,
828 2818 852 2836 c.
873 2810 946 2840 2156.)

165 2910 177 2925 α
196 2898 312 2927 Eidem.
335 2898 417 2928 Cum
439 2897 642 2927 venerabilis
667 2897 770 2927 frater
790 2915 839 2926 —.
867 2898 940 2927 Dat.
968 2898 1130 2935 ,ἅψῃ-11116,

124 2951 192 2980 IIII
208 2949 368 2980 kalendas
384 2949 539 2985 octobris,
560 2958 645 2979 anno
663 2949 866 2979 duodecimo.
888 2963 899 2975 >v

1283 357 1308 384 4
1315 359 1403 386 548

1248 419 1391 454 Episcopo
1408 421 1621 454 Lineolniensi,
1638 423 1845 450 archidiacono
1859 425 1894 451 de
1912 425 2129 461 Noranton[ia],
2146 427 2219 454 Lin-

1212 468 1371 495 colniensis
1385 469 1536 501 dioecesis,
1554 473 1581 497 et
1596 472 1771 498 cancellario
1788 473 1890 499 Sancti
1905 474 1990 500 I’auli
2004 475 2218 503 Londoniensis

1213 517 1375 543 committit
1396 518 1625 545 examinandam
1650 528 1767 547 eausam
1789 522 1942 548 electionis
1963 523 1998 549 de
2018 522 2103 557 [T.]¹‚
2123 524 2218 558 priore

1213 565 1354 591 ecclesiae
1376 566 1596 600 Dunetnwnsis,
1623 568 1652 594 in
1677 569 1844 603 epist-opum
1871 570 2098 598 Dunelmensem
2117 581 2133 598 a
2149 581 2219 599 ron-

1745 363 1873 395 Anagniv
1893 364 1925 389 Γ*
1937 363 2052 391 octobre
2069 365 2146 392 1238.

1214 616 1303 639 ventu
1320 614 1450 647 ejusdem
1469 616 1609 643 ecclesiae
1625 617 1799 649 celebratae,
1820 622 1922 645 eontra
1937 628 2023 652 quam
2042 621 2215 648 electionem

1213 669 1263 687 rex
1279 662 1405 695 Angliae
1422 663 1518 689 varias
1535 665 1721 698 exceptiones
1738 671 1926 699 opposuerat:
1950 668 1991 694 cis
2009 669 2130 696 mandat
2146 678 2218 703 qua-

1214 712 1314 740 tenus.
1336 710 1359 736 si
1381 712 1528 744 praefatus
1549 720 1599 739 rex
1621 713 1697 739 infra
1712 714 1783 739 duos
1808 723 1921 741 menses
1937 717 2072 743 eutmlom
2091 718 2215 751 priorem

1213 758 1416 791 symoniacum
1440 768 1488 785 seu
1510 760 1668 794 capitalem
1686 761 1778 795 ipsius
1797 762 1952 790 inimicum
1973 765 2098 791 existere
2118 769 2217 793 osten·

1212 805 1302 837 derit,
1326 807 1371 832 vel
1393 807 1416 833 si
1439 808 1494 841 ipsi
1516 809 1690 836 electionem
1710 811 1843 837 eamdem
1867 812 1965 838 minus
1984 814 2124 840 eanoniee
2139 815 2217 841 cele-

1212 854 1325 881 bratam
1344 855 1529 887 invenerint,
1551 866 1584 883 ca
1604 857 1660 884 rite
1682 862 1810 891 cassata,
1835 860 1946 887 iaciant
1963 861 2056 887 eidem
2075 863 2216 889 ecclesiae

1212 903 1247 929 de
1272 911 1394 937 persona
1418 905 1522 931 idonea
1545 905 1575 932 in
1599 910 1744 940 pastorem
1770 916 1820 941 per
1843 909 2016 936 elei-tionem
2041 911 2213 938 eanonicam

1213 952 1379 985 pr‹›vi=1‹=ri;
1404 953 1547 987 alioquin,
1571 955 1744 982 olet-tionem
1770 958 1977 984 confirmantes
2000 960 2145 992 eamdem,
2169 969 2216 987 ar-

1212 1001 1397 1035 chiepiscopo
1412 1002 1599 1035 Eboraeonsi,
1615 1004 1670 1030 loci
1687 1006 1922 1039 metropolitano,
1942 1008 2083 1035 mandent
2100 1012 2130 1035 ut
2147 1018 2215 1036 eon-

1211 1049 1404 1076 secrationem
1422 1050 1517 1077 eidem
1537 1052 1628 1078 eleeto
1650 1052 1848 1086 impertiatur.
1867 1070 1898 1073 —
1915 1056 2001 1082 (1³20.
2019 1057 2065 1088 19,
2085 1058 2103 1083 1.
2121 1057 2154 1084 52
2170 1061 2216 1091 v⁰;

1211 1105 1281 1123 ann,
1299 1097 1366 1130 XII,
1384 1106 1408 1124 e.
1425 1098 1491 1130 267;
1510 1113 1541 1117 —
1558 1101 1595 1126 cf.
1613 1107 1708 1132 supra,
1727 1110 1754 1127 n.
1772 1102 1840 1128 4313
1856 1103 1990 1134 0t1311.)

1253 1224 1268 1239 «
1286 1235 1308 1241 ..
1325 1213 1460 1250 episcopo
1474 1213 1737 1252 Lin[c]ol1t1'ensi²,
1759 1238 1777 1245 ..
1796 1217 2012 1247 archidiacono
2028 1218 2083 1258 [de]
2101 1220 2216 1249 Noran-

1213 1270 1285 1300 lon.,
1305 1266 1527 1295 Lincolniensis
1552 1267 1687 1301 diocesis,
1710 1273 1736 1297 et
1759 1291 1778 1296 ..
1799 1270 1984 1299 cancellario
2003 1271 2109 1300 Sancti
2127 1273 2220 1302 Pauli

1211 1319 1439 1348 Londoniensis.
1469 1319 1535 1349 Sua
1562 1320 1657 1350 nobis
1687 1321 1881 1351 carissimus
1909 1323 1943 1352 in
1971 1323 2103 1354 Christo
2129 1325 2219 1356 filius

1213 1375 1324 1401 noster
1343 1394 1360 1401 ..
1379 1371 1521 1402 illustris
1534 1381 1589 1402 rex
1599 1373 1717 1411 Anglie
1732 1375 1890 1412 petitione
1907 1377 2103 1406 monstravit
2119 1378 2218 1416 quod,

1212 1432 1286 1453 cum
1318 1433 1438 1462 nuper,
1470 1425 1610 1455 ecclesia
1640 1427 1857 1457 Dunelmensi
1887 1428 2045 1459 destituta
2075 1436 2217 1468 pastore,

1212 1481 1394 1518 conventus
1419 1477 1668 1514 Dunelmensis,
1692 1485 1879 1511 asserentes
1902 1483 1988 1520 quod
2005 1483 2053 1523 [..]
2074 1484 2217 1522 priorem

1212 1538 1310 1559 suurn
1324 1530 1481 1560 canonice
1499 1531 1563 1560 sibi
1580 1531 1614 1560 in
1632 1532 1820 1571 episcopum
1837 1534 1997 1564 duxerant
2015 1535 2216 1574 eligendum,

1212 1591 1231 1612 a
1250 1582 1434 1612 venerabili
1451 1583 1553 1613 fratre
1573 1588 1684 1614 nostro
1701 1608 1722 1613 ..
1741 1586 1940 1616 Eboracensi
1957 1588 2215 1628 archiepiscopo,

1212 1635 1276 1665 loci
1300 1635 1565 1673 metropolitano,
1584 1636 1779 1667 electionem
1797 1647 1890 1668 suam
1920 1645 2067 1678 peterent
2097 1643 2219 1671 contir-

1212 1688 1316 1718 mari:
1342 1688 1509 1726 predictus
1526 1698 1592 1725 rex,
1611 1690 1789 1728 diligenter
1805 1693 1978 1723 attendens
1999 1694 2085 1732 quod
2112 1695 2218 1733 ipsius

1212 1741 1333 1779 prioris
1363 1742 1524 1779 promotio
1554 1742 1593 1771 ad
1623 1742 1814 1782 hujusmodi
1843 1745 2039 1783 dignitatem
2062 1756 2219 1785 magnum

1213 1792 1325 1823 sibiet
1348 1801 1449 1830 regno
1468 1802 1527 1823 suo
1554 1799 1665 1832 posset
1688 1795 1898 1833 dispendium
1920 1807 2089 1835 generare,
2109 1809 2219 1829 coram

1212 1845 1340 1883 prefato
1365 1845 1613 1885 archiepiscopo
1638 1848 1715 1877 fecit
1741 1848 1933 1887 excipiendo
1959 1852 2095 1889 proponi
2119 1853 2218 1891 quod,

1213 1906 1288 1927 cum
1315 1898 1421 1928 dictus
1452 1899 1542 1936 prior
1570 1899 1717 1938 ejusdcm
1747 1901 1834 1938 regis
1864 1903 2017 1940 capitalis
2047 1904 2215 1940 inimicus,

1213 1950 1409 1989 illegitimus
1435 1956 1464 1981 et
1485 1951 1604 1981 ancille
1630 1952 1730 1988 filius,
1760 1953 1934 1991 homicida,
1956 1958 2169 1995 symoniacus
2189 1964 2219 1989 et

1214 2002 1296 2032 alias
1308 2003 1449 2033 diversis
1462 2004 1660 2034 criminibus
1676 2006 1826 2036 irretitus
1849 2008 2016 2038 existeret.
2033 2011 2117 2048 quod
2133 2011 2219 2041 idern

1214 2064 1268 2085 rex
1299 2060 1367 2085 erat
1397 2056 1534 2094 probare
1570 2062 1714 2095 paratus,
1749 2063 1779 2089 ct
1809 2069 1965 2098 magnum
1996 2068 2162 2099 pateretur
2185 2065 2218 2093 in

1213 2108 1400 2138 litteratura
1416 2109 1592 2145 detectum,
1613 2119 1677 2140 non
1696 2116 1765 2141 erat
1782 2112 1821 2141 ad
1838 2114 2121 2145 confirmationem
2140 2116 2220 2146 elec-

1214 2161 1314 2191 tionis
1335 2161 1441 2199 ipsius
1458 2162 1669 2201 alispiatcnus
1687 2165 1942 2202 procedendum.
1964 2168 2112 2207 Cumque
2133 2170 2219 2199 idem

1213 2213 1482 2252 archiepiscopus
1499 2215 1581 2245 duas
1598 2216 1637 2245 de
1657 2217 1813 2254 predictis
1831 2219 2090 2257 exceptionibus,
2110 2222 2219 2252 inimi—

1213 2267 1366 2296 citiarum
1384 2267 1511 2297 scilicet
1528 2273 1557 2298 et
1571 2270 1733 2307 symoni‘e,
1749 2270 1881 2301 duceret
1898 2273 2129 2304 admittendas.
2143 2285 2219 2314 pars

1214 2319 1311 2357 regis,
1331 2329 1369 2349 ex
1385 2329 1422 2349 eo
1439 2321 1587 2351 sentiens
1604 2322 1750 2353 indebite
1765 2332 1799 2353 se
1817 2326 1957 2362 gravari.
1976 2327 2062 2365 quod
2080 2333 2220 2365 postmo-

1213 2372 1291 2401 dum
1321 2373 1385 2402 sibi
1417 2378 1482 2403 tam
1515 2383 1613 2413 super
1642 2377 1794 2414 symonie
1826 2388 1923 2416 quam
1955 2379 2030 2409 aliis
2062 2382 2218 2419 predictis

1214 2425 1474 2463 exceptionibus,
1493 2432 1625 2466 excepto
1642 2429 1896 2459 inimicitiarum
1915 2432 2064 2467 articulo,
2085 2434 2219 2464 audien-

1215 2477 1294 2506 tiam
1324 2478 1510 2516 denegavit,
1547 2489 1594 2509 ac.
1634 2481 1699 2510 sibi
1736 2482 1801 2519 ipsi
1840 2483 1986 2513 existens
2021 2487 2218 2517 contrarius.

1216 2535 1459 2568 procuratorem
1497 2532 1576 2562 dicti
1615 2534 1702 2571 regis
1740 2543 1804 2563 non
1836 2535 1941 2565 solum
1982 2538 2021 2566 ad
2058 2540 2221 2576 premissa

1215 2582 1326 2612 omnia
1340 2583 1396 2613 sed
1409 2584 1507 2613 etiam
1523 2585 1562 2614 ad
1575 2586 1778 2623 probandam
1791 2588 1952 2625 prefatam
1967 2590 2221 2621 inimicitiarum

1215 2636 1439 2674 exceptionem
1463 2637 1635 2668 admittere
1657 2647 1812 2674 renuens,
1839 2650 1937 2678 super
1961 2641 2027 2671 biis
2053 2643 2220 2673 dumtaxat

1216 2696 1253 2717 ex
1279 2697 1338 2718 suo
1363 2690 1468 2719 oilieio
1488 2690 1693 2727 procedebat,
1721 2692 1837 2721 Sedem
1863 2694 2083 2730 Apostolieam
2111 2696 2220 2733 appel-

1216 2739 1306 2769 lavit.
1319 2741 1441 2770 Verum
1453 2742 1574 2779 prefati
1587 2748 1778 2779 conventus,
1795 2744 1832 2774 de
1844 2745 2062 2782 appellatione
2075 2748 2222 2785 predicta

1250 2872 1268 2894 1.
1285 2871 1326 2895 Cf.
1341 2879 1438 2901 supra,
1456 2877 1482 2895 11⁰
1499 2873 1567 2897 4313.

1247 2915 1270 2938 2¹.
1293 2915 1366 2939 Dans
1393 2917 1415 2938 la
1440 2917 1510 2939 table
1536 2918 1583 2939 des
1613 2918 1756 2947 rubriques
1782 2918 1814 2941 dc
1842 2919 1864 2941 la
1889 2919 1950 2942 Xll‘
1975 2920 2061 2943 annee
2085 2921 2160 2949 ([11243.
2188 2923 2224 2952 10,

1219 2959 1234 2983 s.
1255 2959 1299 2990 [D]
1318 2965 1349 2989 1‘0,
1366 2962 1416 2984 col.
1432 2962 1465 2990 Ῠ).
1483 2968 1516 2984 on
1533 2962 1560 2984 lit
1579 2962 1639 2985 bien
1659 2970 1663 2984 :
1681 2964 1884 2987 Lim-tiniensi.
