2519 3518
112 281 165 312 541
973 276 1158 313 DIXIEME
1180 276 1339 314 ANNEE.
1421 321 1424 323 Δ
2145 289 2201 319 542

112 352 219 384 tenus,
242 349 271 378 si
286 353 335 378 est
351 348 407 383 ita,
427 348 524 378 dictis
541 348 651 378 abbati
669 352 699 378 et
716 349 892 378 conventui
911 349 1023 379 Sancti
1040 350 1116 379 Ber-

113 401 176 431 tini
193 405 225 431 et
241 401 385 439 capitulo
403 401 515 431 Sancti
532 401 713 431 Audomari
731 402 925 431 auctoritate
948 406 1059 432 nostra
1074 402 1115 430 li-

111 455 254 485 centiam
269 454 458 484 concedatis
475 454 639 484 vendendi
656 455 884 492 possessiones
900 454 988 492 ipsas
1006 454 1116 484 abbati

112 511 144 539 et
159 507 338 537 conventui
354 507 392 537 de
408 507 522 537 Veteri
542 507 652 536 Monte
671 506 844 544 predictis,
868 507 896 536 si
915 506 1117 536 utilitatibus

113 559 330 591 ecclesiarum
355 569 491 589 suarum
516 559 676 589 noveritis
695 559 864 597 expedire,
886 559 934 589 ita
952 563 1061 589 tamen
1082 563 1119 588 ut

113 622 178 643 non
192 613 286 651 prius
298 612 526 651 possessiones
541 612 611 650 ipse
626 612 819 647 vendantur,
836 620 934 650 qnam
947 611 1119 641 invenian-

113 670 166 696 tur
180 666 255 701 alie,
269 666 303 695 in
318 674 459 704 quarum
472 665 614 703 pretium
632 668 762 702 recepta
775 664 812 694 de
826 664 895 694 illis
909 664 1050 702 pecunia
1062 672 1120 702 per

112 727 231 749 manus
246 723 372 748 vestras
386 718 514 755 integre
529 722 740 747 convertatur
756 734 805 745 —.
824 718 896 746 Dat.
915 718 1117 752 Imm-amne,

113 772 214 802 VIIII
231 771 391 801 kalendas
406 770 580 805 februarii,
599 779 685 800 anno
704 770 842 800 decimo.
860 782 872 796 n

185 981 305 1010 3460

151 1044 291 1077 Henrico,
307 1044 376 1070 duci
392 1043 603 1077 Lothoringiae
618 1045 646 1070 et
662 1043 857 1076 Brabantiae,
874 1052 961 1078 super
976 1044 1121 1071 solutione

115 1093 200 1120 mille
221 1100 387 1120 marcarum
409 1092 634 1126 sterlingorum,
654 1100 725 1125 quas
746 1090 928 1126 H[enricus]‚
945 1094 1027 1126 pater
1047 1092 1120 1125 ejus,

114 1149 166 1176 pro
189 1141 392 1175 redemptione
414 1140 476 1167 voti
497 1140 558 1173 sui,
580 1148 636 1174 quo
651 1139 806 1167 tenebatur
822 1140 853 1166 in
869 1140 975 1167 Terrae
996 1140 1123 1167 Sanctae

114 1189 281 1217 subsidium
302 1188 463 1223 proficisci,
480 1188 586 1215 Terrae
606 1189 756 1221 legaverat
776 1188 887 1220 eidem,
906 1196 998 1222 usque
1013 1188 1049 1215 ad
1069 1196 1122 1215 311-

116 1245 188 1265 1111111
204 1237 337 1264 indutias
353 1237 497 1271 indulget,
508 1236 534 1263 ei
548 1236 693 1263 mandans
710 1239 854 1270 quatenus
868 1245 915 1263 eas
929 1245 964 1263 ex
978 1239 1048 1263 tunc
1064 1237 1122 1263 sol-

114 1293 183 1313 vere
199 1293 256 1313 non
272 1287 438 1320 postponat.
454 1299 485 1303 -
502 1285 588 1317 (ΗΕΘ.
605 1283 653 1317 18,
671 1285 691 1310 f.
713 1284 761 1311 221
784 1287 827 1316 v⁰;
849 1292 918 1311 ann.
939 1284 983 1317 X,
1000 1293 1025 1311 c.
1047 1284 1121 1315 327.)

677 981 777 1014 Terni,
794 982 825 1008 31
840 982 957 1015 janvier
969 982 1048 1008 1237.

155 1412 168 1427 α
196 1401 297 1429 Nobili
320 1400 387 1428 viro
411 1399 557 1435 Hem-ico,
584 1399 656 1427 duci
679 1399 873 1435 Lolhorz‘nyie
895 1403 921 1427 et
944 1399 1120 1427 Brabantie.

112 1454 181 1484 Tue
197 1452 383 1483 devotionis
398 1451 552 1490 precibus
569 1469 616 1480 —.
636 1451 709 1480 Dat.
726 1452 928 1485 Interamne,
952 1452 984 1481 II
1004 1451 1121 1481 kalen-

113 1506 171 1536 das
186 1505 359 1541 februarii,
382 1513 468 1534 anno
487 1504 624 1534 decimo.
647 1516 660 1530 »

181 1717 294 1745 3461

148 1778 358 1808 Cameracensi
373 1778 519 1812 episcopo,
536 1777 572 1803 de
588 1777 689 1803 eadem
706 1785 736 1803 re
751 1775 893 1807 scribens,
910 1777 1033 1803 mandat
1048 1785 1121 1811 qua-

113 1831 215 1861 tenus,
229 1828 343 1854 dictum
362 1827 467 1854 ducem
489 1826 526 1853 ad
546 1825 723 1852 solutionem
748 1825 878 1859 ejusdem
900 1825 1043 1859 pecuniae
1062 1834 1120 1853 non

114 1877 311 1911 compellens,
329 1876 442 1902 relaxet
457 1873 637 1901 sententiam
647 1895 653 1907 ‚
668 1873 693 1900 si
709 1881 798 1908 quam
814 1873 846 1900 in
862 1882 929 1900 eum
945 1874 994 1900 vel
1010 1877 1119 1901 terram

113 1925 192 1959 ejus,
215 1923 368 1951 occasione
390 1921 558 1957 praedictae
584 1922 744 1957 pecuniae,
767 1922 1016 1956 promulgaverit,
1039 1922 1120 1949 suffi-

113 1973 206 2001 cienti
224 1975 326 2000 tamen
341 1972 378 1999 ab
398 1980 430 1998 eo
448 1971 530 2006 prius
548 1971 685 1998 cautione
700 1974 832 2005 recepta,
849 1971 925 2005 quod
941 1971 1119 1998 solutionem

112 2022 238 2050 ulterius
263 2021 390 2048 minime
414 2020 477 2054 ipse
502 2019 562 2046 dux
587 2019 771 2053 prorogabit,
798 2019 862 2046 sine
887 2019 1009 2046 licentia
1035 2019 1120 2047 Sedis

112 2069 302 2104 Apostolicae
324 2067 457 2103 speciali.
475 2082 507 2086 —
528 2067 615 2100 (Rae.
630 2066 678 2099 18,
696 2067 716 2093 f.
733 2066 783 2093 221
800 2069 844 2099 v⁰;
861 2075 931 2093 ann.
947 2067 987 2100 X,
1004 2075 1029 2094 c.
1046 2067 1121 2099 328.)

675 1714 775 1747 Terni,
792 1714 823 1741 31
838 1714 955 1748 janvier
968 1714 1047 1741 1237.

153 2196 168 2212 «
187 2207 207 2213 ..
228 2183 440 2214 Cameracensi
459 2183 602 2220 episcopo.
622 2180 742 2210 Dilecti
758 2180 820 2210 filii
841 2180 964 2210 nobilis
979 2198 1028 2210 —.
1045 2181 1119 2211 Dat.

112 2241 149 2268 ut
165 2245 276 2275 supra.
298 2247 312 2263 »

184 2441 301 2470 3468
693 2438 797 2471 Terni,
814 2438 830 2465 4
846 2438 954 2465 sevrier
968 2439 1047 2466 1237.

149 2503 294 2538 Episcopo
318 2501 460 2537 Papiensi
483 2516 526 2533 —,
545 2508 612 2528 cum
636 2499 848 2527 monasterium
866 2499 970 2527 Sancti
986 2501 1068 2528 Petri
1087 2501 1119 2528 in

114 2552 236 2580 Verzolo
262 2552 348 2586 juxta
374 2558 472 2577 muros
500 2549 661 2584 Papiense,
686 2548 798 2575 ordinis
824 2549 919 2576 sancti
947 2549 1118 2584 Benedicti,

115 2599 192 2634 quod
211 2600 274 2634 ipse
295 2599 464 2633 episcopus,
481 2597 529 2624 cui
549 2597 613 2631 jure
633 2596 804 2623 dioecesano
824 2599 886 2624 erat
906 2597 1086 2631 subjectum,
1103 2607 1120 2626 a

115 2647 224 2675 debitis
240 2647 428 2679 liberaverat,
445 2646 517 2673 adeo
530 2648 615 2678 esset,
633 2647 751 2679 propter
766 2645 991 2673 dissolutionem
1012 2649 1041 2673 et
1057 2655 1120 2674 ma-

116 2695 214 2723 litiam
230 2695 302 2723 olim
319 2694 521 2722 habitantium
538 2694 569 2721 in
585 2694 701 2727 eodem,
718 2694 921 2727 temporaliter
937 2696 964 2721 et
979 2695 1120 2729 spiritua-

116 2744 185 2772 liter
199 2745 410 2777 deformatum,
425 2743 501 2778 quod
517 2743 617 2770 nullus
633 2745 799 2770 remaneret
814 2742 845 2769 in
862 2751 904 2776 eo,
919 2743 977 2770 nisi
998 2744 1119 2778 quidam

115 2793 167 2827 qui
185 2801 237 2828 pro
258 2793 364 2821 abbate
384 2801 413 2820 se
433 2791 561 2827 gerebat,
581 2800 648 2818 cum
666 2799 724 2818 uno
744 2791 804 2817 solo
825 2791 920 2818 malae
940 2792 1037 2819 famae
1057 2801 1120 2820 mo-

117 2841 226 2875 nacho,
246 2841 374 2868 —idem
395 2840 609 2868 monasterium
631 2839 811 2866 reformandi
834 2839 865 2865 in
885 2848 951 2873 suo,
968 2840 993 2867 si
1013 2842 1121 2875 poterit

116 2889 197 2922 fleri,
220 2889 369 2924 alioquin,
393 2890 562 2924 postulante
588 2888 651 2922 ipso
674 2887 823 2922 episcopo,
845 2887 876 2914 in
899 2888 1001 2915 ordine
1023 2889 1121 2917 Vallis

117 2937 294 2972 Umbrosae,
311 2938 348 2965 ad
373 2946 459 2972 quem
477 2937 556 2965 cives
572 2936 733 2971 Papienses
753 2935 912 2970 specialem
933 2937 1120 2965 devotionem

1198 350 1304 377 habere
1318 351 1523 385 noscebantur,
1535 354 1668 380 concedit
1681 353 1844 381 licentiam.
1859 370 1889 373 -
1902 356 1988 387 (Rea.
2002 356 2045 388 18,
2060 357 2078 382 t.
2092 356 2139 383 221
2155 360 2197 388 v⁰;

1196 407 1266 426 ann.
1281 399 1320 432 X,
1335 408 1359 426 c.
1374 400 1448 431 329.)

1239 513 1253 527 «
1274 523 1291 529 ..
1311 502 1443 539 episcopo
1455 503 1777 539 I'apiensi.Vcritatis
1794 504 1929 533 verbum
1946 505 1984 535 de
1999 523 2046 534 —.
2062 506 2133 535 Dat.
2152 506 2202 535 In-

1200 557 1358 588 teramnc,
1378 555 1408 584 II
1428 563 1531 584 nonas
1548 555 1718 591 februarii,
1737 565 1823 586 anno
1841 557 1976 587 decimo.
1998 570 2011 584 »

1270 737 1388 765 3463

1234 799 1345 827 Abbati
1359 803 1388 827 et
1399 801 1558 828 conventui
1573 802 1744 828 monasterii
1758 802 1860 829 Sancti
1872 803 2001 830 Victoris
2015 803 2202 837 Parisiensis,

1200 849 1236 875 ad
1253 857 1375 882 quorum
1392 850 1496 876 fratres
1512 858 1563 884 pro
1583 850 1753 884 recipienda
1773 851 1957 885 paenitentia
1976 853 2121 879 scholares
2141 855 2204 879 stu-

1200 898 1303 925 dentes
1317 899 1450 925 Parisius
1466 899 1665 932 recurrebant,
1678 900 1812 927 concedit
1825 903 1857 927 ut
1871 901 1900 927 in
1914 902 2043 935 praefato
2061 905 2204 929 monaste-

1201 946 1244 972 rio
1265 946 1439 980 magistrum
1463 947 1630 980 theologum
1655 947 1792 975 habeant.
1815 963 1847 966 —
1870 949 1956 980 (Rsc.
1980 949 2028 981 18,
2049 950 2068 976 t'.
2090 950 2138 976 221
2159 953 2203 982 ν”;

1201 1003 1271 1021 31111.
1290 994 1330 1027 X,
1349 1003 1374 1021 c.
1392 994 1459 1027 330;
1475 1009 1506 1013 —
1523 996 1655 1022 DENn-‘Ls
1666 998 1694 1022 et
1708 996 1891 1029 Cumanam,
1908 997 2119 1024 Charlularium
2138 998 2205 1024 Uni-

1201 1044 1340 1069 vcra-itatis
1354 1044 1526 1074 Parisiensis,
1545 1046 1565 1071 t.
1583 1044 1605 1076 Ι,
1622 1052 1650 1078 p.
1668 1044 1729 1077 159,
1747 1048 1775 1071 n⁰
1791 1046 1864 1077 111.)

1758 739 1858 772 Terni,
1874 740 1908 767 26
1922 741 2130 774 janvier1‘237.

1245 1155 1258 1170 α
1277 1166 1298 1172 ..
1315 1144 1417 1172 abbaci
1432 1149 1457 1172 el
1477 1145 1640 1173 conventui
1656 1147 1836 1174 monasterii
1850 1146 1957 1175 Sancti
1977 1148 2100 1176 Victoris
2117 1148 2207 1176 Pari-

1202 1198 1321 1226 siensis.
1339 1196 1535 1226 Animarum
1550 1196 1643 1226 lucra
1661 1202 1837 1236 querentes
1853 1216 1900 1227 —.
1919 1199 1964 1229 Ex
1986 1204 2078 1238 parte
2100 1201 2207 1239 siqui-

1204 1250 1277 1280 dem
1299 1253 1409 1279 vestra
1429 1249 1524 1278 nobis
1543 1249 1607 1278 suit
1629 1249 1802 1280 humiliter
1825 1251 2044 1289 supplicatum
2061 1257 2111 1288 ut,
2133 1262 2207 1282 cum

1204 1302 1392 1331 animarum
1406 1306 1591 1331 vestrarum
1608 1307 1639 1332 et.
1656 1302 1795 1332 aliorum
1811 1303 1910 1333 saluti
1926 1305 2077 1343 expedire
2094 1306 2208 1336 creda-

1203 1359 1266 1390 tur,
1288 1354 1375 1393 quod
1389 1354 1536 1384 debeatis
1552 1354 1587 1383 in
1605 1354 1718 1384 divina
1736 1356 1857 1393 pagina
1879 1357 2021 1392 erudiri,
2043 1358 2121 1396 quia
2141 1359 2208 1388 fre-

1204 1412 1343 1447 quenter
1366 1417 1422 1446 per
1438 1408 1557 1437 fratres
1572 1412 1700 1438 vestros
1723 1408 1756 1437 in
1776 1409 2041 1446 parrochialibus
2057 1411 2208 1441 ecclesiis

1203 1461 1244 1491 ad
1258 1461 1498 1490 monasterium
1519 1464 1666 1504 vestrum
1683 1462 1923 1499 spectantibus,
1941 1463 2098 1500 pabulum
2116 1464 2207 1493 verbi

1202 1515 1264 1544 Dei
1286 1518 1412 1553 oportet
1435 1514 1624 1544 necessario
1646 1515 1852 1553 ministrari,
1878 1516 1917 1545 ad
1940 1525 2022 1554 quos
2047 1526 2104 1555 pro
2123 1518 2208 1547 reci-

1201 1567 1323 1606 pienda
1341 1567 1525 1605 penitentia
1541 1566 1684 1597 scolares
1703 1567 1873 1598 studentes
1890 1569 2040 1599 Parisius
2060 1578 2135 1608 sepe
2157 1579 2209 1599 re-

1203 1624 1351 1654 currunt,
1378 1628 1415 1649 ac
1440 1619 1593 1649 nonnulli
1615 1619 1683 1653 alii,
1708 1620 1747 1650 de
1771 1629 1906 1650 suorum
1930 1622 2128 1659 prelatorum
2153 1632 2207 1653 as-

1203 1681 1314 1708 sensu,
1329 1672 1368 1702 ad
1382 1672 1470 1710 ipsos
1487 1672 1647 1702 accedunt
1662 1681 1720 1710 pro
1733 1673 1872 1703 consilio
1885 1673 2023 1703 salutari
2039 1685 2044 1703 :
2062 1674 2207 1705 habendi

1202 1726 1397 1764 magistrum
1423 1725 1613 1763 theologum
1639 1725 1673 1754 in
1699 1725 1825 1764 prefato
1844 1727 2061 1761 monasterio,
2089 1728 2145 1766 qui
2171 1728 2206 1757 in

1203 1778 1386 1816 theologica
1406 1777 1520 1807 doceat
1537 1777 1705 1812 facultate,
1724 1777 1833 1813 vobis,
1859 1778 1980 1816 quibus
2003 1788 2066 1808 non
2088 1784 2136 1809 est
2155 1784 2208 1810 tu-

1202 1835 1271 1861 tum
1287 1839 1345 1869 per
1363 1830 1513 1859 civitates
1530 1834 1560 1859 et
1576 1829 1673 1859 villas
1689 1830 1887 1865 discurrere,
1905 1830 2073 1861 licentiam
2093 1842 2208 1863 conce-

1202 1882 1279 1912 dere
1299 1881 1510 1917 deberemus,
1530 1882 1704 1919 presertim
1725 1890 1799 1911 cum
1821 1886 1943 1912 statuta
1961 1883 2088 1913 ordinis
2106 1885 2207 1914 vestri

1201 1934 1393 1973 permittant
1409 1935 1429 1969 ¹,
1456 1943 1492 1963 ac
1511 1934 1649 1972 predicti
1668 1934 1862 1964 monasterii
1886 1936 2103 1971 consuetudo,
2130 1937 2207 1968 licet

1203 1986 1397 2026 aliquandiu
1414 1986 1558 2016 extiterit
1580 1986 1786 2022 intermissa,
1808 1987 1956 2025 requirat
1973 1992 2008 2017 ut
2029 1998 2120 2019 sacre
2140 1990 2207 2020 lec-

1203 2040 1304 2070 tionis
1321 2039 1468 2069 doctrine
1486 2040 1521 2068 in
1546 2039 1689 2069 claustro
1705 2039 1842 2069 vacetis.
1865 2040 1933 2069 Nos
1955 2040 2068 2078 igitur,
2087 2042 2206 2072 vestris

1204 2092 1502 2131 supplicationibus
1518 2092 1682 2127 inclinati,
1701 2092 1867 2122 devotioni
1887 2097 1994 2123 vestre
2011 2095 2206 2125 auctoritate

1202 2145 1408 2184 presentium
1431 2145 1643 2175 concedimus
1660 2145 1826 2184 postulata
1842 2163 1891 2174 —.
1912 2146 1983 2175 Dat.
2004 2147 2204 2183 Interamne,

1202 2199 1266 2229 VII
1282 2197 1441 2228 kalendas
1459 2198 1633 2233 februarii,
1652 2207 1738 2228 anno
1755 2198 1893 2228 decimo.
1914 2211 1926 2225 »

1273 2381 1391 2409 3464

1238 2443 1382 2478 Magistro
1398 2444 1504 2471 Heliae
1517 2444 1678 2477 Bernardi,
1693 2444 1834 2471 canonico
1852 2445 2044 2476 Eboracensi,
2063 2461 2094 2465 -—
2111 2448 2160 2482 qui
2176 2448 2207 2475 in

1202 2488 1381 2519 Eboracensi
1401 2491 1541 2524 ecclesia,
1565 2491 1597 2518 in
1618 2492 1726 2519 honore
1746 2492 1824 2520 beati
1845 2493 2002 2520 Guillelmi
2023 2496 2206 2529 confessoris,

1202 2540 1396 2568 Eboracensis
1418 2540 1649 2575 archiepiscopi,
1672 2541 1818 2574 quoddam
1840 2542 1947 2574 altare,
1964 2542 2000 2569 de
2018 2551 2138 2570 assensu
2161 2553 2208 2571 ar-

1202 2589 1384 2623 chiepiscopi
1411 2592 1440 2616 et
1466 2589 1571 2616 decani
1599 2589 1782 2623 capitulique
1810 2589 2058 2624 Eboracensium,
2084 2592 2208 2620 duxerat

1202 2637 1447 2670 construendum,
1465 2637 1648 2664 constituens
1664 2640 1697 2664 ut
1716 2637 1748 2664 in
1771 2646 1803 2664 eo
1822 2646 1874 2672 per
1895 2639 2081 2672 capellanum
2102 2640 2138 2666 ad
2155 2641 2208 2667 hoc

1202 2685 1372 2720 specialiter
1397 2686 1572 2720 deputatum
1596 2686 1687 2713 missa
1710 2686 1817 2713 cotidie
1837 2694 1888 2721 pro
1911 2687 2116 2714 defunctorum
2142 2689 2208 2716 ani-

1202 2733 1307 2762 mabus
1324 2734 1458 2761 fidelium
1477 2733 1688 2767 celebraretur;
1706 2735 1756 2768 qui
1772 2735 1873 2767 etiam,
1888 2735 1924 2761 ad
1940 2735 2111 2769 obsequium
2128 2737 2208 2764 divi-

1202 2791 1273 2809 num
1294 2783 1326 2809 in
1349 2783 1438 2810 altari
1456 2783 1606 2818 praedicto
1622 2783 1805 2810 commodius
1822 2786 1849 2810 et
1865 2784 2023 2817 perfectius
2039 2785 2207 2819 adimplen-

1202 2831 1284 2864 dum,
1297 2832 1439 2859 sacerdoti
1453 2840 1504 2866 per
1515 2832 1640 2859 vicarios
1655 2831 1846 2859 Eboracensis
1861 2833 2000 2859 ecclesiae
2015 2841 2064 2866 pro
2076 2837 2206 2868 tempore

1763 2382 1864 2416 Terni,
1880 2383 1914 2410 24
1928 2383 2045 2417 janvier
2057 2385 2136 2412 1237.

1235 2944 1256 2969 1.
1272 2947 1322 2968 Ms.
1339 2953 1346 2968 .·
1363 2945 1512 2976 permittat.
