2519 3518
180 303 251 332 12¹7
1020 295 1242 332 notrznsxtn
1266 296 1422 332 ANNEE.
2197 306 2268 334 1218

175 378 296 399 munus
310 371 570 401 consecrationis
584 370 742 408 impendi,
757 369 920 408 recepturi
933 369 973 399 ab
986 378 1023 399 eo
1035 373 1179 407 postmo-

175 422 264 457 dum,
278 432 334 460 pro
349 423 442 453 nohis
457 427 487 453 et
500 423 647 453 Ecclesia
660 424 818 456 Romana,
833 422 1002 451 fidelitatis
1016 421 1112 451 solite
1125 421 1179 460 ju-

177 480 373 510 ramentum,
390 477 484 515 juxta
502 477 640 506 formam
658 485 756 515 quam
775 475 866 505 vobis
883 475 944 505 sul)
962 474 1051 504 bulla
1068 478 1180 504 nostra

176 528 339 558 mittimus
359 529 587 559 interclusam.
609 529 779 567 Alioquin,
805 538 843 558 ea
861 537 925 557 non
952 528 1108 559 admissa,
1131 527 1180 556 fa-

176 581 272 610 ciatis
295 581 433 612 ecclesie
455 582 657 612 Lismorensi
675 582 713 611 de
730 590 871 620 persona
893 581 1011 610 idonea
1029 590 1084 618 per
1100 580 1180 610 elec-

176 633 298 663 tionem
315 635 508 665 canonicam
525 635 702 673 provideri.
727 634 992 665 Contradictores
1017 633 1102 672 [etc.,
1125 642 1181 661 us-

177 695 239 724 que
260 688 280 724 :]
298 687 560 726 com[pellendo].
586 688 736 717 Formam
762 691 871 716 autem
893 686 1073 725 juramenti
1095 685 1182 724 quod

178 739 247 777 ipse
271 740 439 777 prestabit,
464 740 502 770 de
529 740 626 770 verbo
647 740 685 769 ad
708 739 844 769 verbum
864 748 919 777 per
943 739 1013 777 ejus
1034 743 1181 776 patentes

177 791 315 827 litteras,
336 794 413 822 suo¹
431 792 541 830 sigillo
557 793 715 830 signatas,
738 792 832 821 nobis
846 800 902 829 per
917 791 1083 829 proprium
1102 799 1181 819 nun-

178 844 259 874 tium
277 845 484 883 quamtocius
504 845 694 879 destinetis;
717 844 823 874 eidem
846 843 1084 873 nichilominus
1105 851 1182 872 con-

178 897 332 926 cedentes
363 902 398 926 ut
428 897 627 936 prebendam
659 906 751 926 suam
783 896 1003 926 Moraviensis
1031 895 1180 929 ecclesie,

178 958 276 987 quam
293 949 358 978 sihi
370 959 427 987 pro
445 950 686 979 sustentatione
703 958 774 983 sua,
793 949 900 987 quoad
918 948 1046 983 vixerit,
1061 953 1105 982 tu,
1120 948 1183 977 tra-

180 1007 227 1031 ter
242 1002 393 1040 episcope
411 1002 640 1036 Moraviensis,
659 1007 755 1040 prout
778 1011 814 1031 ex
836 1001 956 1031 litteris
974 1001 1038 1031 tuis
1056 1001 1183 1038 accepi-

178 1063 260 1089 mus,
282 1055 487 1085 concessisti.
509 1055 704 1084 auctoritate
722 1059 834 1083 nostra
860 1054 963 1092 possit
984 1053 1087 1082 libere
1104 1053 1183 1082 reti-

179 1116 264 1138 nere.
290 1108 382 1144 Quod
411 1108 439 1138 si
467 1117 531 1138 non
555 1117 669 1138 omnes
696 1113 756 1137 etc.
782 1109 854 1137 Dat.
888 1107 1057 1141 Laterani,
1083 1107 1183 1135 XIIII

177 1160 335 1190 kalendas
359 1161 480 1195 martii,
500 1170 586 1190 anno
603 1161 805 1190 duodecimo.
827 1173 839 1186 »

247 1331 366 1359 4220

212 1392 356 1426 Magistro
380 1396 409 1419 et
436 1392 577 1419 fratribus
603 1393 730 1419 militiae
757 1393 860 1419 Sancti
885 1393 996 1424 Jacobi,
1025 1407 1057 1410 —-
1087 1401 1183 1419 eoram

177 1441 240 1475 ipso
254 1449 330 1475 papa
345 1441 576 1475 proponentibus
590 1441 666 1474 quod
683 1441 821 1467 nonnulli
838 1449 872 1467 ex
887 1441 1018 1475 ipsorum
1032 1441 1183 1471 fratribus,

177 1497 190 1515 «
211 1497 262 1524 pro
281 1489 484 1524 redemptione
505 1490 690 1524 captivorum
709 1492 760 1516 aut
781 1490 839 1516 alio
861 1490 945 1516 modo
968 1490 1064 1516 dando
1082 1490 1185 1516 Sarra-

177 1545 190 1563 »
212 1538 292 1564 cenis
310 1538 455 1564 animalia
470 1542 498 1564 et
514 1546 558 1564 res
575 1538 648 1564 alias
665 1546 715 1564 seu
731 1538 901 1568 vendendo,
923 1541 951 1564 et
969 1538 1038 1570 alii,
1055 1546 1105 1572 pro
1122 1538 1186 1564 vio-

177 1594 191 1612 »
212 1587 294 1613 lenta
309 1586 470 1620 injectione
486 1595 627 1613 manuum
646 1587 676 1613 in
693 1595 723 1613 se
739 1587 816 1620 ipsos
832 1588 880 1613 vel
901 1595 999 1613 eorum
1022 1587 1143 1613 clericos
1160 1595 1185 1617 ι),

177 1635 495 1662 excommunicationis
518 1635 697 1662 sententiam
723 1636 924 1667 incurrerant,
951 1644 1004 1661 nec
1030 1644 1086 1661 non
1110 1636 1185 1669 quod

177 1684 297 1717 quidam
315 1684 404 1711 etiam
422 1685 552 1718 ipsorum
571 1684 694 1711 fratrum
712 1685 845 1711 ordinem
866 1684 1186 1711 intraverant-excom-

179 1732 391 1759 municationis
414 1733 535 1759 vinculo
558 1733 705 1764 innodati,
729 1736 758 1759 et
780 1733 855 1766 quod
879 1733 1041 1759 verendum
1067 1736 1128 1759 erat
1150 1741 1187 1759 ne

178 1781 268 1807 iidem
282 1782 544 1813 excommunicati,
560 1782 596 1808 ad
610 1782 801 1815 apostolicam
817 1782 1014 1816 praesentiam
1029 1782 1185 1813 veniendo,

178 1834 367 1863 vagarentur,
389 1845 420 1848 —
442 1831 577 1857 concedit
597 1834 629 1857 ut
648 1831 685 1858 ab
705 1831 935 1865 archiepiscopis
951 1833 979 1856 et
995 1830 1140 1864 episcopis
1157 1830 1186 1856 in

179 1886 301 1912 quorum
318 1878 500 1905 dioecesibus
514 1879 618 1905 domus
632 1879 761 1913 ipsorum
781 1879 908 1906 militiae
924 1879 1098 1907 consistant,
1114 1879 1186 1905 dicti

179 1927 441 1958 excommunicati,
464 1930 492 1954 et
512 1927 558 1954 illi
583 1936 617 1954 ex
640 1927 769 1961 ipsorum
788 1927 928 1954 fratribus
944 1927 994 1960 qui
1011 1927 1040 1953 in
1063 1936 1092 1953 se
1111 1927 1188 1960 ipsos

718 1332 838 1363 Latmu,
855 1332 888 1357 29
904 1331 1020 1365 janvier
1034 1331 1112 1357 1239.

179 1976 227 2001 vel
243 1983 341 2001 eorum
359 1975 479 2001 clericos
497 1984 601 2002 manus
619 1976 765 2002 violentas
786 1976 954 2009 injecerint,
972 1975 1186 2002 absolutionem

181 2024 299 2049 valeant
315 2023 457 2055 obtinere,
475 2031 488 2049 «
510 2024 553 2050 ita
575 2027 673 2050 tamen
699 2027 731 2050 ut
755 2032 895 2050 manuum
918 2024 1074 2057 injectores
1095 2023 1188 2057 passis

181 2079 194 2097 »
217 2071 357 2104 injuriam
382 2072 569 2098 satisfaciant
593 2075 804 2106 competenter,
830 2075 857 2098 et
881 2072 927 2098 illi
952 2081 1074 2105 quorum
1100 2072 1188 2098 fuerit

182 2127 195 2144 ))
217 2120 314 2153 gravis
329 2124 356 2146 et
372 2120 501 2146 enormis
517 2129 663 2153 excessus,
681 2121 804 2147 veniant
815 2121 850 2147 ad
865 2121 969 2147 Sedem
985 2121 1186 2154 Apostolicam

182 2176 195 2193 ›)
217 2168 388 2195 absolvendi
405 2176 429 2195 )).
446 2183 477 2186 —
495 2170 581 2200 (Bm.
599 2169 642 2201 19,
660 2170 680 2195 f.
693 2169 727 2195 70
743 2173 787 2200 v⁰3
805 2178 874 2195 ann.
890 2169 957 2201 XII,
975 2178 999 2195 c.
1017 2170 1091 2200 379.)

223 2282 235 2295 «
257 2292 276 2298 ..
298 2270 444 2306 mayislzo
457 2275 482 2298 el
497 2270 648 2305 fratribus
664 2271 775 2298 vmilitie
791 2270 896 2299 Sancti
911 2271 1022 2299 Jacobz'.
1041 2270 1084 2299 Ex
1098 2274 1189 2308 parte

182 2326 292 2352 vestra
309 2340 355 2351 -—.
376 2323 449 2351 Dat.
469 2322 635 2356 Laterani,
655 2323 721 2352 IIII
738 2322 897 2352 kalendas
914 2322 1086 2352 februarii.
1103 2331 1189 2352 anno

183 2375 388 2405 duodecimo.
406 2388 418 2400 n

254 2548 366 2576 <1221

219 2609 373 2636 Fratribus
389 2609 492 2635 domus
510 2609 638 2635 militiae
653 2609 769 2642 Templi
788 2609 819 2635 in
841 2609 989 2643 Hispania
1005 2617 1191 2635 commoran—

183 2658 262 2684 tibus
278 2657 413 2684 concedit
426 2661 457 2683 ut
474 2665 611 2690 personas
628 2657 757 2688 idoneas,
775 2657 838 2683 sive
851 2657 911 2684 sint
931 2657 1060 2691 ipsorum
1078 2657 1190 2683 ordinis

182 2704 298 2737 fratres,
314 2706 377 2731 sive
393 2705 493 2731 clerici
509 2706 682 2737 saeculares,
700 2705 845 2739 episcopis
859 2705 1040 2732 dioecesanis
1051 2706 1087 2732 ad
1100 2706 1191 2732 eccle-

182 2755 240 2782 sias
256 2755 292 2781 ad
309 2755 404 2788 ipsam
421 2754 541 2780 domum
559 2757 724 2787 spectantes
741 2754 782 2780 eis
797 2754 885 2780 liceat
897 2757 1094 2788 praesentare,
1106 2754 1190 2780 dum-

185 2804 268 2830 modo
293 2803 390 2829 dictae
415 2802 556 2829 eeclesiae
581 2803 696 2829 nullum
723 2802 871 2829 defectum
895 2803 925 2828 in
950 2802 1063 2829 divinis
1086 2802 1190 2829 officiis

184 2852 336 2886 patiantur
351 2854 379 2877 et
395 2851 452 2885 ipsi
470 2852 573 2877 fratres
590 2851 625 2877 de
642 2851 756 2884 juribus
777 2851 993 2884 episcopalibus
1016 2851 1127 2877 faciant
1147 2851 1190 2877 lo-

740 2548 860 2580 Latran,
877 2548 892 2574 2
907 2548 1024 2582 janvier
1040 2548 1117 2575 1239.

218 2964 237 2987 1.
255 2967 305 2987 Ms.
321 2971 330 2987 :
348 2971 407 2988 sua.

309 3012 494 3044 GREGomE
514 3021 562 3047 ix.
583 3025 599 3045 ι,
621 3021 654 3044 11.

1263 377 1360 395 corum
1383 370 1527 404 episcopis
1549 371 1678 404 plenarit-
1700 371 1877 404 respsmduri.
1902 386 1931 389 —-
1951 372 2037 398 (Rea.
2059 372 2100 401 19,
2121 374 2139 398 t.
2162 372 2196 397 70
2216 375 2265 403 v';

1263 425 1332 444 ann.
1350 418 1416 448 XII,
1434 428 1458 444 c.
1475 418 1548 449 380.)

1305 531 1316 543 κ
1338 519 1496 547 Fratribus
1512 520 1618 548 (lomus
1640 521 1749 547 militie
1778 521 1889 557 Templi
1913 522 1943 548 in
1965 521 2112 557 Hispania
2137 531 2267 550 cormun-

1265 573 1414 600 rantibus.
1434 572 1540 601 Justis
1565 572 1745 609 potentium
1771 578 1844 602 etc..
1867 582 1970 611 usquc
1993 583 1998 601 z
2022 573 2196 611 complere.
2222 574 2265 603 Ex

1265 629 1355 661 parte
1385 624 1548 662 siquidem
1578 630 1686 654 vestra
1715 626 1775 654 suit
1806 626 2008 663 propositum
2037 635 2144 655 coram
2173 626 2266 657 nohis

1265 676 1362 714 quod.
1379 686 1452 705 cum
1471 686 1526 707 vos
1547 678 1586 707 ad
1606 678 1762 707 ccclesias
1779 679 1818 707 ad
1835 688 1889 707 vos
1906 683 2102 716 speciano—s.
2119 688 2191 708 cum
2213 688 2266 708 eas

1266 738 1380 758 vacare
1406 730 1578 767 contingit.
1604 730 1767 759 interdum
1785 731 1904 759 fratres
1923 731 2023 759 vestri
2040 731 2177 762 ordinis.
2200 731 2267 768 ple-

1267 791 1404 820 rumque
1418 791 1492 811 vcro
1508 783 1643 812 idoneos
1662 783 1798 813 clericos
1816 783 1991 817 seculares,
2011 784 2078 822 qni,
2100 784 2267 813 vobiscum

1265 835 1298 863 in
1320 835 1438 864 vestris
1457 835 1607 864 domibus
1631 841 1882 869 commorantes,
1906 837 1938 865 in
1961 846 2072 865 mensa
2093 842 2198 866 vestra
2216 846 2269 866 co·-

1265 887 1398 917 mcdant
1421 893 1451 917 ct
1479 888 1643 917 dormiant
1670 889 1703 917 in
1726 894 1834 918 vestro
1856 889 2059 925 dormitorio,
2083 889 2268 919 (lieet-sanis

1266 940 1440 978 episcopis.
1462 946 1554 978 prout
1580 941 1618 969 ad
1637 951 1692 969 vos
1718 942 1868 978 pertinet.
1892 942 2088 979 presentetis
2108 952 2114 970 :
2135 942 2268 979 quidam

1266 993 1412 1030 ipsorum
1429 1002 1484 1022 eos
1501 993 1673 1022 admittere
1692 1003 1748 1031 pro
1764 1003 1822 1023 sue
1840 994 2018 1023 voluntatis
2036 994 2173 1023 arbitrio
2192 1004 2269 1023 con-

1267 1045 1442 1074 tradicunt.
1462 1046 1527 1074 nisi
1549 1051 1673 1075 tantun]
1694 1046 1741 1075 eis
1758 1046 1796 1075 de
1819 1046 1964 1083 ipsarum
1984 1047 2197 1084 proventibus
2217 1056 2268 1075 as-

1267 1098 1427 1135 signetur,
1447 1099 1531 1136 quod
1550 1099 1612 1127 sibi
1632 1103 1661 1127 et
1682 1099 1752 1128 suis
1767 1104 1855 1128 extra
1874 1099 1985 1128 domos
2003 1105 2127 1129 vestras
2143 1109 2270 1129 moran-

1267 1151 1355 1180 tibus
1381 1151 1475 1188 plene
1502 1151 1657 1180 sussiciat.
1686 1151 1944 1188 hospitalitatem
1966 1151 2155 1181 observent.
2180 1157 2209 1181 ct
2233 1152 2270 1181 de

1263 1203 1395 1242 juribus
1414 1203 1657 1241 episcopalibus
1674 1204 1860 1233 diocesanis
1878 1204 2039 1241 episcopis
2057 1205 2183 1241 integre
2203 1209 2272 1233 stu-

1267 1256 1363 1285 deant
1381 1257 1590 1294 respondere.
1609 1265 1808 1294 quamquam
1826 1266 1882 1285 vos
1895 1256 2152 1294 hospitalitatem
2167 1266 2272 1286 serve-

1269 1309 1321 1338 tis.
1347 1318 1383 1338 ac
1406 1309 1474 1338 illis
1500 1309 1537 1338 de
1563 1309 1646 1347 ipsis
1668 1309 1801 1347 juribus
1828 1309 1902 1339 sitis
1929 1310 2126 1347 respondere
2154 1310 2271 1347 parati.

1268 1362 1375 1398 Quare
1392 1362 1455 1391 fuit
1475 1371 1533 1400 pro
1553 1362 1644 1391 vobis
1669 1362 1764 1391 nobis
1789 1362 1962 1391 humiliter
1986 1362 2205 1400 supplicatum
2225 1367 2270 1392 ut.

1268 1423 1341 1444 cum
1362 1419 1493 1452 propter
1514 1415 1573 1444 hoc
1593 1415 1706 1444 eedem
1729 1415 1867 1444 ecclesie
1891 1415 2010 1444 debitis
2030 1415 2198 1453 ohsequiis
2216 1415 2272 1444 de-

1267 1467 1465 1497 fraudentur
1490 1472 1521 1497 et
1541 1467 1633 1497 vobis
1651 1476 1807 1505 magnum
1829 1468 2001 1497 immineat
2026 1468 2271 1502 detrimentum,

1260 1514 1441 1557 ‘providere
1469 1529 1567 1558 super
1598 1520 1664 1549 hiis
1695 1520 1954 1550 misericorditer
1980 1521 2193 1558 dignaremur
2224 1538 2272 1549 —.

1270 1573 1343 1602 Dat.
1362 1573 1526 1607 Laterani,
1549 1574 1616 1602 IIII
1634 1581 1737 1602 nonas
1750 1573 1909 1611 januarii,
1932 1582 2017 1602 anno
2037 1573 2240 1602 duodecimo.
2261 1585 2273 1598 n

1341 1766 1458 1794 4222

1306 1829 1446 1860 Eosdem,
1471 1828 1520 1862 qui
1544 1836 1594 1861 pro
1617 1828 1811 1854 subventione
1826 1828 1931 1854 Terrae
1953 1828 2094 1855 Sanctae.
2118 1827 2200 1860 cujus
2226 1836 2276 1853 ne—

1825 1766 1945 1797 Latran,
1963 1766 1978 1791 2
1993 1766 2109 1798 janvivr
2126 1766 2203 1791 1239.

1271 1877 1437 1903 cessitatem
1463 1877 1624 1903 maximam
1650 1877 1712 1910 ipse
1737 1884 1811 1910 papa
1834 1876 1875 1902 eis
1899 1876 2001 1902 scribit
2024 1885 2052 1901 se
2076 1876 2183 1901 cotidie
2207 1879 2275 1902 ante

1271 1926 1380 1952 mentis
1395 1926 1493 1951 oculos
1508 1925 1624 1953 habere,
1642 1933 1694 1951 nec
1712 1925 1842 1958 personis
1857 1933 1908 1950 nec
1930 1924 2014 1950 rebus
2029 1924 2088 1950 suis
2106 1924 2274 1957 parcebant,

1272 1974 1386 2007 magnis
1407 1974 1544 2000 laudibus
1565 1973 1751 2000 commendat
1771 1977 1797 1999 et
1817 1973 1950 2003 extollit3
1973 1973 2013 1998 eis
2034 1973 2163 2005 indulget
2183 1976 2212 1998 ut
2229 1981 2276 1998 ar-

1271 2023 1462 2057 chiepiscopi,
1477 2022 1605 2056 episcopi
1625 2026 1653 2048 et
1668 2022 1720 2048 alii
1738 2022 1926 2048 ecclesiarum
1946 2022 2067 2055 praelati
2091 2022 2119 2047 in
2144 2021 2276 2047 ecclesiis

1271 2079 1342 2105 quas
1363 2071 1418 2104 ipsi
1437 2072 1541 2097 fratres
1565 2071 1690 2097 habeant
1716 2074 1744 2096 et
1766 2074 1896 2099 teneant,
1918 2079 1949 2095 eo
1975 2069 2180 2095 tantummodo
2201 2070 2275 2102 jure,

1271 2121 1352 2146 salva
1376 2119 1589 2153 procuratione,
1615 2119 1638 2144 si
1665 2127 1721 2152 qua
1744 2119 1854 2144 eisdem
1878 2118 2028 2149 debeatur,
2052 2118 2110 2143 sint
2133 2117 2275 2144 contenti.

1271 2168 1346 2202 quod
1377 2168 1466 2194 iidem
1495 2167 1721 2201 archiepiscopi.
1753 2167 1881 2200 episcopi
1911 2172 1937 2193 et
1967 2166 2089 2200 praelati
2119 2174 2276 2198 eorumque

1271 2216 1505 2250 praedecessores
1521 2215 1557 2242 ab
1573 2215 1645 2249 ipsis
1663 2215 1802 2241 iratribus
1816 2219 1844 2242 et
1861 2215 1990 2248 ipsorum
2007 2214 2277 2248 praedecessoribus

1272 2265 1466 2292 noscebantur
1493 2266 1634 2291 hactenus
1656 2264 1809 2295 habuisse:
1834 2264 1909 2297 quod
1933 2264 1957 2290 si
1981 2263 2111 2297 amplius
2132 2271 2166 2289 ex
2189 2262 2278 2289 divtis

1271 2314 1403 2340 ecclesiis
1423 2314 1513 2340 iidem
1531 2313 1756 2347 archiepiscopi,
1779 2313 1906 2346 episcopi
1927 2316 1953 2339 et
1976 2312 2099 2346 praelati
2118 2315 2214 2345 petere
2231 2312 2277 2337 vel

1271 2365 1443 2396 extorquere
1459 2362 1676 2391 contenderint,
1699 2362 1771 2395 ipsis
1794 2362 1949 2389 tratribus.
1972 2361 2082 2394 paratis
2103 2369 2198 2386 voram
2216 2360 2279 2393 ipso

1272 2419 1347 2445 papa
1363 2419 1449 2445 super
1466 2412 1519 2437 hoc
1538 2411 1601 2437 illis
1616 2411 1763 2444 justitiam
1781 2410 1930 2439 exhibere,
1947 2410 2033 2436 liceat
2051 2409 2111 2435 illis
2128 2409 2169 2434 sic
2186 2408 2277 2442 petita

1272 2459 1424 2491 denegare.
1443 2474 1474 2477 —
1491 2460 1577 2490 (ΗΕΘ.
1596 2459 1639 2487 19,
1657 2460 1676 2484 f.
1693 2459 1724 2485 71
1744 2462 1781 2489 r'’;
1799 2466 1868 2485 ann.
1886 2458 1953 2490 xil,
1971 2468 1995 2483 c.
2013 2458 2087 2487 381.)

1314 2572 1326 2586 κ
1344 2560 1474 2588 Eisdem.
1493 2561 1577 2589 Ante
1593 2559 1704 2588 oculos
1720 2559 1842 2588 mentis
1858 2576 1906 2586 —.
1922 2559 1995 2587 Dat.
2013 2562 2047 2587 ut
2065 2566 2174 2594 supra.
2191 2569 2202 2582 ›³

1342 2752 1461 2779 4723

1308 2813 1452 2847 Episcopo
1468 2817 1495 2839 et
1511 2813 1621 2839 decano
1647 2812 1814 2839 Palentinis
1834 2812 1953 2838 mandat
1975 2814 2119 2844 quatenus
2139 2809 2278 2841 magistro

1816 2751 1936 2779 Latran,
1954 2751 1986 2776 17
2004 2750 2110 2775 terrier
2128 2748 2205 2774 1239.

1273 2865 1301 2888 et
1318 2861 1458 2888 fratribus
1475 2861 1603 2887 militiae
1620 2861 1723 2887 Sancti
1741 2861 1851 2892 Jacobi,
1869 2860 1930 2893 qui,
1952 2859 2094 2893 quaedam
2119 2858 2276 2891 hospitalia

1273 2910 1317 2936 sui
1340 2910 1452 2936 ordinis
1474 2909 1670 2943 redemptioni
1693 2909 1876 2943 eaptimrum
1902 2908 2071 2941 specialiter
2091 2907 2277 2940 deputantes,

1274 2959 1388 2985 eosdem
1410 2958 1543 2992 captivos
1567 2966 1623 2984 non
1648 2962 1780 2991 poterant
1802 2966 1817 2983 a
1842 2956 2023 2983 Sarracenis.
2046 2956 2102 2981 nisi
2125 2955 2211 2981 boves
2233 2955 2279 2980 vel

2134 3024 2154 3037 Al
