2519 3518
96 298 153 328 157
930 287 1159 327 NEUVIEME
1180 289 1338 326 ANNEE.
2121 301 2176 330 158

94 372 116 394 a
132 363 305 402 premissis
329 372 386 402 per
408 372 582 393 censuram
605 363 862 394 ecclesiasticam
885 362 1094 396 cohiberent;

97 416 336 447 nichilominus
358 425 466 454 regem
487 416 594 454 ipsum
615 420 667 452 ut,
691 425 709 446 a
727 415 925 454 supradictis
943 414 1097 445 omnibus

96 469 213 499 amodo
236 468 492 507 conquiescens,
516 468 656 498 barones
678 472 707 498 et
729 468 811 498 alios
828 476 956 498 cessare
975 467 1014 496 ab
1031 466 1097 495 hiis

96 521 220 551 faceret
236 521 325 550 infra
341 529 487 551 mensem
502 543 508 556 ‚
529 520 704 550 efficaciter
722 524 964 554 ammonentes;
983 519 1011 548 si
1029 527 1097 547 mo-

97 573 243 603 nitiones
266 573 352 603 idem
375 582 430 603 rex
455 581 518 603 non
536 573 737 607 admitteret,
758 572 823 601 nisi
844 572 932 601 infra
951 579 1097 601 mensem

98 625 202 656 aliurn
218 625 379 664 premissa
396 625 580 655 executioni
597 624 782 660 mandaret,
803 625 866 662 ipsi
887 628 1006 653 extunc
1028 632 1098 653 om-

98 679 155 709 nia
182 678 254 708 loca
277 678 316 707 ad
339 686 402 717 que
426 677 605 713 deveniret,
631 680 852 715 supponerent
874 675 1097 706 ecclesiastico

98 730 291 765 interdicto,
311 730 357 759 ita
375 729 476 768 quod,
494 729 651 768 quamdiu
674 738 810 767 presens
831 729 946 764 fuerit,
970 728 1097 758 nullum

97 783 145 812 ibi
162 782 311 812 divinum
333 782 476 812 officium
497 782 700 818 celebretur;
721 782 807 820 quod
824 782 851 811 si
869 791 926 811 nec
943 782 1007 812 ista
1023 790 1098 819 pro-

97 835 245 870 ficerent,
263 835 373 873 elapso
392 835 481 865 tertii
500 835 625 865 mensis
641 835 758 873 spatio,
779 835 918 865 eundem
933 843 1041 872 regem
1059 834 1099 863 ad

97 887 132 917 id
150 896 290 917 censura
302 887 405 917 simili
418 890 614 917 coartat-ent.
633 888 733 917 Porro
745 887 844 917 iidem
855 887 994 926 judices,
1013 887 1099 916 sicut

99 939 170 970 suis
196 939 291 969 nobis
318 939 439 970 litteris
471 940 684 975 intimarunt,
712 948 785 969 cum
814 949 925 969 eorum
957 939 1095 974 monita,

98 992 231 1031 quibus,
251 997 286 1022 ut
303 992 423 1028 decuit,
441 992 645 1027 institerunt,
664 996 849 1030 contempta
865 993 1024 1027 fuissent,
1043 1001 1098 1022 ex-

98 1044 385 1075 communicarunt
412 1044 569 1079 barones,
594 1044 754 1079 merinos,
783 1044 939 1074 officiales
963 1048 993 1073 et
1016 1043 1098 1073 alios

99 1096 259 1127 vassallos
281 1097 368 1135 regis
391 1097 557 1136 ejusdem3
584 1101 615 1127 et
637 1097 770 1131 deinde,
795 1097 940 1134 ipsorum
964 1095 1098 1125 monitis

99 1149 261 1187 despectis
283 1158 301 1179 a
319 1158 408 1186 rege,
427 1153 458 1179 et
475 1149 600 1179 mensis
619 1149 724 1187 spatio
739 1152 811 1187 post
829 1148 955 1187 elapso,
972 1148 1043 1178 loca
1059 1147 1099 1177 ad

99 1210 163 1241 que
178 1210 288 1239 regem
300 1201 454 1231 devenire
467 1201 682 1238 contingeret,
696 1201 853 1239 quamdiu
865 1210 1000 1239 presens
1013 1200 1099 1229 exis-

98 1258 198 1290 teret,
218 1253 393 1283 interdicto
410 1253 633 1284 ecclesiastico
650 1253 880 1292 subJ'eceruntq
901 1262 937 1283 ac
957 1257 1099 1292 postmo-

98 1307 194 1342 dum,
212 1315 286 1336 cum
303 1315 363 1336 nec
379 1306 516 1335 monitio
537 1314 597 1335 nec
613 1306 741 1336 vexatio
761 1306 971 1344 profecisset,
990 1305 1100 1343 elapso

98 1367 212 1389 mense
240 1358 319 1393 alio,
345 1358 380 1387 in
407 1357 590 1396 predictum
616 1366 727 1395 regem
751 1357 1101 1387 excommunicationis

99 1411 299 1442 sententiam
316 1409 577 1448 promulgarunt.
594 1409 672 1446 Qui,
692 1418 766 1439 cum
783 1414 857 1439 ante
873 1409 956 1439 latas
975 1409 1009 1438 in
1026 1418 1102 1439 eum

99 1463 284 1493 sententias
298 1461 505 1500 appellasset,
518 1470 722 1500 prosequens
736 1461 866 1491 tandem
883 1470 939 1499 per
950 1469 1102 1500 procura-

98 1520 203 1546 torem
220 1524 327 1550 sunm,
349 1514 461 1545 adhoc
478 1514 666 1553 specialiter
684 1514 895 1550 destinatum,
916 1514 1102 1553 appellatio-

99 1577 175 1599 nem
190 1568 357 1602 emissam,
376 1567 558 1597 sententias
575 1567 663 1604 ipsas
676 1566 784 1596 nullas
799 1567 947 1597 nuntiari
961 1567 1101 1604 petebat,

98 1625 256 1659 tanquam
282 1624 353 1658 post
373 1619 627 1658 appellationem
642 1619 826 1657 legitimam
846 1619 1070 1658 promulgatas
1095 1629 1101 1648 ε

99 1673 284 1704 venerabili
301 1673 402 1703 fratre
416 1676 528 1702 nostro
542 1695 561 1701 ..
577 1672 809 1710 Portugalensi
826 1673 977 1710 episcopo
993 1681 1009 1702 e
1026 1681 1105 1702 con-

99 1725 202 1756 trario
223 1728 425 1764 proponente
453 1724 539 1763 quod
562 1725 649 1763 regis
672 1725 787 1763 petitio
813 1725 1015 1755 admittenda
1038 1733 1104 1755 non

101 1783 187 1814 erat,
206 1787 263 1817 pro
280 1787 317 1808 eo
334 1778 431 1817 quod,
449 1782 521 1816 post
538 1777 791 1816 appellationem
811 1787 908 1816 quam
926 1778 1032 1808 dictus
1049 1787 1104 1807 rex

100 1841 121 1861 a
138 1840 173 1862 se
189 1831 418 1869 interpositam
437 1830 616 1865 asserebat,
630 1830 700 1868 ipse
717 1839 752 1859 ac
766 1830 829 1864 sui,
845 1839 946 1860 novas
963 1831 1038 1865 sibi,
1057 1839 1104 1860 ec-

100 1883 214 1914 clesiis
235 1886 265 1912 et
288 1883 500 1912 monasteriis
525 1882 666 1920 dampna
689 1887 719 1911 et
742 1882 884 1921 injurias
909 1883 1103 1918 inserentes,

102 1935 235 1965 civitate
258 1934 506 1972 Portugalensi,
528 1934 796 1972 possessionibus
825 1938 855 1964 et
878 1934 953 1964 aliis
974 1935 1105 1974 juribus

103 1988 174 2018 suis
199 1987 383 2026 spoliarunt
408 1986 557 2017 eundem.
590 1986 721 2016 Auditis
749 1987 851 2023 igitur
875 1991 905 2016 et
927 1987 1105 2017 intellectis

102 2048 167 2079 que
184 2039 263 2069 hinc
281 2038 357 2068 inde
379 2039 471 2068 fuere
494 2038 659 2076 proposita
681 2047 790 2067 coram
810 2038 922 2073 nobis,
943 2039 988 2068 ita
1011 2039 1105 2068 duxi-

103 2101 177 2122 mus
195 2091 445 2130 providcndnm,
469 2095 505 2120 ut
530 2094 730 2120 memoratus
752 2090 924 2129 episcopus
940 2091 979 2120 ad
995 2091 1107 2121 omnia

104 2145 271 2176 subtracta
288 2144 395 2174 medio
413 2148 556 2182 tempore
573 2143 653 2178 sibi,
672 2143 822 2173 ecclesiis
839 2153 875 2173 ac
894 2144 1106 2174 monasteriis

104 2199 169 2237 ipsi
181 2197 350 2237 subjectis,
366 2196 587 2226 substituatur
604 2196 638 2225 in
653 2196 829 2233 integrum,
846 2196 884 2225 ad
899 2205 1038 2235 quorum
1055 2206 1106 2227 re-

104 2251 310 2281 stitutionem
333 2250 482 2279 detentor
503 2248 643 2287 quilibet
663 2248 895 2286 compellatum
914 2253 955 2284 et,
972 2249 1106 2278 restitu-

106 2303 194 2334 tione
211 2312 229 2332 a
245 2311 320 2339 rege
337 2303 434 2336 sacta,
453 2301 481 2330 si
494 2310 552 2339 per
567 2304 716 2338 patentes
731 2300 859 2331 litteras
876 2310 953 2330 suas
969 2301 1108 2331 firmiter

104 2356 274 2395 promittat
289 2355 375 2394 quod
391 2353 547 2384 articulos
562 2362 733 2392 expressos
752 2354 904 2391 superius
921 2354 1108 2384 observabit

106 2414 137 2439 et
157 2409 256 2438 faciet
274 2407 460 2441 observari,
480 2415 516 2436 ac
534 2406 665 2444 plenam
682 2406 891 2436 securitatem
909 2406 1060 2444 episcopo
1077 2410 1108 2436 et

105 2461 176 2491 suis
193 2461 227 2490 in
243 2459 412 2494 intrando,
435 2458 582 2489 exeundo
599 2467 736 2495 regnum
758 2467 795 2487 ac
811 2458 967 2487 morando
985 2459 1108 2488 ibidem

105 2513 298 2553 prostiterit,
310 2512 519 2550 impendatur
529 2511 593 2540 sibi
606 2510 768 2540 absolutio
780 2511 959 2540 secundum
970 2511 1108 2541 sormam

107 2566 253 2596 Ecclesie
267 2565 306 2595 ad
323 2564 500 2595 cautelam:
520 2563 552 2592 in
570 2563 699 2592 easdem
718 2563 900 2593 sententias
919 2572 976 2601 per
993 2572 1061 2597 vos,
1080 2563 1108 2593 si

104 2623 220 2649 contra
235 2611 414 2656 premissos
437 2615 593 2645 articulos
610 2615 723 2645 venire
741 2615 992 2652 presumpserit,
1012 2616 1108 2645 redu-

107 2671 243 2705 cendus,
271 2679 346 2699 cum
371 2669 471 2698 iidem
496 2667 628 2697 articuli
651 2667 714 2697 sint
741 2667 778 2696 de
799 2667 872 2705 jure
891 2669 1057 2697 communi
1078 2672 1109 2698 et

107 2732 163 2754 eos
180 2723 250 2761 ipse
265 2722 423 2760 receperit
438 2730 474 2751 ac
491 2721 589 2751 etiam
606 2719 793 2757 acceptarit,
809 2719 893 2748 sicut
911 2728 967 2757 per
981 2719 1108 2750 litteras

106 2776 179 2815 ejus
201 2779 351 2813 apparet,
377 2783 458 2812 quas
477 2773 613 2811 prefatis
626 2772 795 2811 judicibus
813 2771 1000 2801 destinavit.
1021 2772 1109 2808 Quo-

108 2828 195 2859 circa
222 2827 414 2857 discretioni
445 2830 566 2860 vestre,
595 2825 649 2854 cui
679 2833 776 2862 super
802 2824 957 2862 predictis
984 2833 1108 2853 meram

107 2881 334 2913 executionem
351 2878 598 2912 committimus,
616 2886 673 2915 per
689 2876 866 2914 apostolica
883 2876 1003 2914 scripta
1018 2885 1108 2905 man-

106 2934 225 2963 damus
243 2935 407 2971 quatenus
432 2930 543 2961 omnia
564 2929 707 2968 capitula
729 2938 792 2967 que
808 2928 980 2966 premissis
1000 2929 1108 2958 moni-

1178 361 1324 392 tionibus
1350 372 1407 401 per
1429 364 1557 402 judices
1583 365 1799 402 Palentin[os]
1823 366 2011 404 exequenda
2039 366 2175 396 manda-

1178 414 1303 449 vimus,
1335 425 1408 451 vos,
1438 418 1631 448 anctoritate
1664 423 1785 453 nostra,
1817 419 1966 449 submoto
1998 420 2175 458 cujuslibet

1178 467 1447 498 contradictionis
1473 473 1503 498 et
1528 469 1757 507 appellationis
1784 471 1963 505 obstaculo,
1989 472 2174 502 executioni

1179 520 1353 555 mandetis,
1372 522 1627 552 contradictores
1645 540 1683 544 -—-
1700 524 1944 561 compescendo.
1964 525 2128 560 Ceterum,
2147 526 2175 555 si

1179 577 1378 603 memoratus
1391 583 1444 603 rex
1458 575 1624 604 subtracta
1640 576 1824 610 restituere,
1839 585 1875 606 ac
1887 577 2037 615 episcopo
2048 582 2078 607 et
2092 577 2173 610 suis,

1179 629 1212 654 ut
1230 625 1352 655 dictum
1367 630 1426 657 est.
1442 627 1480 656 de
1497 628 1673 657 securitate
1691 637 1754 657 non
1769 629 1930 658 curaverit
1948 629 2129 667 providere,
2145 634 2176 659 et

1180 678 1275 707 tertio
1290 687 1307 706 a
1322 678 1413 707 vobis
1426 678 1565 709 sollicite
1579 680 1734 713 monitus,
1754 689 1816 709 non
1830 681 1926 710 saciet
1941 681 2088 711 subditos
2100 690 2177 711 suos

1179 737 1197 757 a
1219 729 1370 767 dampnis
1395 735 1425 760 et
1451 731 1584 769 injuriis
1609 731 1821 761 ecclesiarum
1850 737 1879 761 et
1903 734 2177 763 monasteriorum

1179 790 1319 813 cessare.
1338 792 1410 812 cum
1428 784 1605 820 neglig-rere,
1626 793 1698 813 cum
1717 784 1867 823 possi[n]t
1883 786 2085 822 perturbare.
2103 794 2177 824 per-

1179 844 1302 869 versos,
1321 835 1422 864 nichil
1444 837 1486 865 sit
1503 836 1592 865 aliud
1609 846 1705 875 quam
1723 838 1850 867 severe.
1869 846 1904 866 ac
1926 847 1989 867 non
2007 838 2049 867 sit
2064 843 2177 868 contra

1180 887 1283 915 Deuni
1297 887 1509 917 deserendum
1521 888 1637 922 eidem,
1652 889 1770 926 ipsum,
1786 889 2002 927 appellatione
2015 894 2175 925 cessante,

1180 947 1318 968 censura
1347 939 1570 969 ecclesiastica
1598 941 1830 978 compescatis,
1860 942 2176 972 excommunicatum

1180 991 1309 1028 publice
1326 1000 1429 1029 usqne
1444 992 1482 1020 ad
1499 992 1756 1021 satisfactionem
1774 993 1969 1028 condignam
1986 994 2177 1024 nuntiantes

1181 1043 1331 1073 eundem.
1351 1048 1380 1073 ct
1397 1043 1466 1073 loca
1486 1044 1525 1073 ad
1542 1054 1604 1083 que
1621 1045 1655 1073 in
1672 1054 1771 1081 regno
1787 1053 1846 1074 suo
1859 1046 2038 1081 devenerit,
2057 1056 2094 1077 eo
2109 1056 2178 1085 pre-

1181 1100 1288 1131 sente,
1310 1097 1484 1127 interdicto
1501 1097 1724 1127 ecclesiastico
1741 1098 1925 1136 subjacere:
1945 1099 2179 1130 constitutione

1181 1148 1218 1178 de
1231 1137 1357 1178 dnabu¹s
1370 1149 1467 1179 dietis
1480 1150 1512 1178 in
1525 1150 1670 1187 generali
1683 1149 1823 1179 concilio
1833 1150 1930 1185 edita,
1943 1160 2005 1180 non
2017 1151 2178 1186 obstante,

1181 1201 1232 1231 vel
1250 1201 1456 1239 indulgentia
1471 1211 1533 1241 que
1547 1202 1609 1240 ipsi
1623 1202 1691 1239 regi
1703 1202 1824 1231 dicitur
1840 1203 1879 1231 ab
1896 1203 2082 1240 Apostolica
2097 1204 2180 1233 Sede

1182 1262 1351 1289 concessa,
1372 1263 1411 1283 ne
1429 1255 1503 1292 quis
1520 1255 1553 1283 in
1571 1263 1644 1284 eum
1662 1254 1711 1284 vel
1729 1263 1864 1292 regnum
1883 1263 1978 1284 suum
1995 1264 2181 1285 excommu-

1183 1306 1361 1336 nicationis
1373 1307 1423 1336 vel
1435 1307 1602 1336 interdicti
1615 1307 1813 1337 sententiani
1828 1307 1943 1337 audeat
1961 1308 2178 1345 promulgare.

1182 1359 1275 1395 Quod
1291 1359 1319 1389 si
1336 1368 1401 1389 non
1421 1368 1534 1389 omnes
1553 1364 1613 1389 etc.
1631 1361 1704 1389 Dat.
1723 1360 1868 1394 Pernsii,
1887 1361 1917 1390 II
1936 1360 2090 1390 kalendas
2107 1370 2182 1398 sep-

1182 1412 1329 1448 tembris,
1348 1421 1434 1442 anno
1450 1421 1548 1442 nono.
1571 1425 1583 1438 ι)

1256 1569 1378 1597 2Ί54

1222 1631 1374 1661 Colocensi
1407 1632 1626 1666 archiepiscopo
1637 1654 1643 1664 ,
1678 1632 1812 1666 episcopo
1844 1632 1991 1660 Nitriensi
2024 1636 2052 1660 et
2085 1633 2184 1661 abbati

1188 1680 1290 1707 Sancti
1311 1680 1436 1707 Martini
1453 1680 1488 1707 (10
1503 1680 1605 1707 Monte
1625 1681 1796 1708 Pannoniae
1817 1681 1938 1708 mandat
1953 1683 2106 1716 quatenus,
2123 1682 2186 1716 ple-

1186 1728 1309 1755 nissime
1326 1729 1508 1763 inquirentes
1523 1729 1558 1756 (10
1574 1730 1667 1756 forma
1683 1730 1842 1763 juramenti
1864 1730 1938 1764 quod
1956 1730 1985 1756 in
2000 1731 2185 1757 coronatione

1187 1785 1237 1803 sua
1260 1777 1447 1811 praestiterat
1468 1786 1518 1804 rex
1539 1778 1709 1811 Hungariae
1731 1781 1759 1804 et
1781 1778 1816 1804 de
1839 1778 1963 1812 singulis
1981 1779 2114 1805 articulis
2134 1787 2185 1805 ex-

1187 1825 1293 1858 pressis
1311 1825 1339 1851 in
1357 1825 1429 1859 ipso,
1445 1834 1497 1852 nec
1512 1834 1567 1851 11011
1584 1828 1611 1852 et
1625 1826 1660 1852 de
1674 1825 1769 1852 causis
1780 1834 1814 1852 ex
1829 1826 1934 1860 quibus
1948 1827 2100 1853 collectam
2117 1830 2185 1853 ante

1187 1881 1357 1907 responsum
1375 1874 1460 1900 Sedis
1475 1874 1662 1907 Apostolicae
1677 1874 1866 1908 imposuerat.
1881 1875 2024 1909 quidquid
2040 1883 2126 1909 super
2139 1875 2185 1901 his

1187 1921 1372 1953 invenerint,
1395 1930 1486 1955 papae
1502 1922 1628 1948 fideliter
1648 1923 1820 1949 rescribant.
1841 1937 1872 1941 —-
1893 1912 1978 1953 (Rue.
1996 1923 2043 1955 18,
2061 1924 2080 1950 1.
2095 1923 2128 1950 68
2143 1926 2183 1955 r⁰3

1187 1978 1255 1996 ann.
1270 1970 1321 2001 IX,
1337 1978 1360 1996 c.
1373 1970 1441 2001 2143
1458 1984 1488 1988 —
1504 1970 1636 1998 Moru-:Au
1653 1970 1844 2002 1190,f.121;
1860 1985 1891 1989 —-
1908 1971 2063 1998 Porrnasr
2076 1971 2184 2001 10006.)

1753 1571 1888 1603 Percuse,
1904 1571 1934 1597 31
1952 1573 2019 1598 aont
2033 1571 2111 1598 1235.

1230 2081 1242 2095 «
1259 2091 1279 2097 ..
1298 2070 1449 2098 Colocensi
1464 2070 1688 2106 archiepiscopo
1708 2075 1733 2098 et
1757 2092 1776 2098 ..
1794 2071 1926 2107 episcopo
1941 2071 2100 2105 Xilriensi,
2118 2075 2144 2099 et
2162 2093 2183 2098 ..

1187 2122 1288 2150 abbati
1305 2123 1411 2150 Sancti
1427 2123 1555 2151 Martini
1572 2123 1606 2150 [Ie
1625 2123 1720 2151 Monte
1742 2123 1914 2157 Pannonie,
1933 2124 2105 2152 mariensis
2119 2123 2186 2152 dio-

1188 2175 1271 2203 cesis.
1288 2175 1332 2203 Ex
1351 2178 1441 2212 parte
1462 2174 1627 2203 carissimi
1646 2192 1694 2203 —.
1714 2175 1784 2204 Dat.
1806 2175 1951 2210 Perusii,
1977 2176 2007 2205 II
2028 2175 2186 2205 kalendas

1188 2226 1394 2264 septembris,
1414 2235 1500 2256 anno
1517 2235 1614 2256 nono.
1633 2239 1646 2253 1>

1259 2384 1375 2411 2255
1758 2385 1893 2417 Pe'rouse,
1907 2385 1939 2412 31
1956 2388 2024 2412 aout
2037 2385 2114 2412 1235.

1223 2443 1393 2480 A[ndreae],
1412 2445 1471 2477 regi
1488 2445 1672 2478 Hungariae,
1688 2445 1736 2479 qui
1754 2454 1804 2479 per
1819 2446 2058 2480 compositionem
2077 2446 2187 2481 promi-

1189 2495 1265 2519 serat
1280 2501 1372 2527 usque
1391 2493 1428 2519 ad
1449 2493 1684 2527 quinquennium
1708 2493 1764 2519 (1110
1783 2494 1867 2521 milia
1888 2502 2052 2522 marcarum
2072 2495 2184 2528 argenti

1189 2541 1320 2569 eeclesiis
1336 2541 1442 2575 quibus
1462 2541 1570 2568 damna
1593 2542 1750 2574 intulerat,
1772 2543 1926 2569 annuatim
1943 2543 2110 2572 restituere.
2127 2546 2186 2570 ter-

1190 2590 1305 2617 minum
1317 2598 1408 2623 usque
1418 2590 1454 2616 ad
1466 2590 1642 2617 decennium
1657 2595 1800 2624 prorogat,
1817 2591 1857 2617 ita
1871 2592 1946 2624 quod
1960 2592 2085 2625 singulis
2099 2593 2185 2619 annis

1190 2639 1273 2665 mille
1288 2646 1400 2665 marcas
1415 2638 1524 2664 eisdem
1539 2638 1670 2664 ecclesiis
1687 2639 1791 2670 solvat,
1806 2639 1931 2672 benigne
1946 2640 2098 2667 remittens
2110 2640 2185 2673 quod

1189 2694 1224 2713 ex
1237 2686 1353 2712 deiectu
1369 2685 1522 2712 solutionis
1544 2685 1633 2719 primi
1649 2686 1769 2712 termini
1783 2689 1977 2714 contraxerat.
1995 2701 2026 2705 —
2041 2687 2125 2718 (Rae.
2141 2687 2184 2719 18,

1190 2735 1209 2760 f.
1233 2733 1266 2761 68
1289 2737 1327 2765 r‘';
1351 2742 1420 2760 ann.
1445 2734 1502 2766 IX,
1526 2742 1549 2759 c.
1575 2733 1643 2764 215;
1670 2748 1701 2752 —
1720 2733 1852 2761 Momm
1870 2734 1948 2767 1190,
1972 2735 1991 2761 f.
2013 2735 2079 2765 123;
2107 2735 2184 2763 111111..

1189 2783 1210 2809 1.
1226 2782 1294 2814 124;
1312 2796 1342 2799 -
1360 2782 1515 2808 ΡοττΗΑετ
1530 2781 1632 2813 10009;
1651 2781 1715 2808 ibid.
1732 2781 1828 2814 10007,
1845 2782 1913 2813 falso
1929 2783 2031 2813 initio.)

1231 2887 1244 2902 «ι
1263 2877 1309 2910 A„
1329 2875 1444 2903 illustri
1462 2876 1525 2911 reqi
1544 2875 1684 2911 L'nyarie.
1703 2874 1796 2903 Illius
1817 2875 1931 2903 vicarii
1951 2874 2027 2904 licet
2044 2892 2091 2903 —.
2112 2876 2184 2904 Dat.

1189 2932 1224 2957 ut
1241 2935 1351 2965 supra.
1372 2938 1384 2952 ι»
