2519 3518
0 0 10 23 ἰ,
15 0 36 15 v,-

115 284 174 315 265
951 275 1179 314 NEUVIEME
1200 276 1359 314 ANNEE.
2135 287 2193 317 266

118 350 196 380 tatis
209 349 365 386 Ecclesie,
377 349 433 380 sed
448 353 478 379 et
492 358 600 380 rerum
612 349 910 380 ecclesiasticarum
925 359 984 379 sua
995 349 1116 378 virtute

118 402 318 441 compescuit
336 401 531 438 turbatores,
549 402 698 437 contulit,
712 406 742 432 et
758 402 865 440 ipsum
882 402 964 431 alias
981 402 1116 431 immen-

118 454 165 485 sis
186 454 288 492 glorie
310 453 415 483 titulis
434 453 622 491 insignivit,
642 454 675 483 in
693 463 865 492 personam
889 454 993 492 ipsius
1016 453 1116 483 conti-

119 514 226 536 nuans
238 505 376 543 gratiam
391 514 500 544 quam,
514 507 684 536 retroactis
699 506 910 544 temporibus,
921 505 1116 535 Zaecbarias

118 567 202 597 papa
218 558 347 596 pipino,
362 558 447 596 patri
464 567 534 593 suo,
553 559 685 594 fecerat,
699 568 795 597 quem
813 559 851 588 ad
867 559 959 596 regni
974 559 1116 588 Franco-

116 619 191 640 rum
210 610 329 640 solium
346 610 514 640 exaltarat.
537 611 671 648 Propter
689 611 774 649 quod
796 611 865 649 ipse
881 611 1033 646 Carolus,
1056 611 1116 640 Ec-

119 663 268 697 clesiam,
287 672 305 692 a
329 672 394 701 qua
416 671 546 693 omnem
569 663 726 693 honorem
752 668 955 702 susceperat.
980 663 1115 701 cupiens

118 715 292 750 honorare,
308 719 464 753 perpetua
480 714 550 753 lege
566 715 709 745 decrevit
726 720 759 745 ut
771 724 884 746 omnes
901 716 1005 754 ipsius
1018 716 1116 754 juris—

117 767 255 797 dictioni
276 767 415 806 subjecti
433 772 590 797 statutum
609 777 627 797 a
642 768 825 798 Theodosio
842 768 1037 806 imperatore
1060 776 1116 805 pro

119 819 264 850 Ecclesie
286 819 438 849 libertate
461 820 607 849 editum¹
631 820 868 850 inviolabiliter
891 820 1114 853 observarent,

118 871 271 902 videlicet
287 876 350 901 ut«
369 872 558 910 quicunque
573 872 665 901 litem
682 872 818 907 habens,
831 873 900 902 sive
917 872 1034 910 petitor
1050 872 1117 901 fue-

120 936 133 951 »
158 924 211 959 rit,
233 923 282 954 vel
303 924 338 953 in
359 924 456 953 initio
478 923 546 954 litis
565 924 615 954 vel
633 924 781 954 decursis
805 928 985 962 temporum
1011 924 1117 953 curri-

120 988 133 1003 »
158 976 252 1011 culis,
269 976 337 1006 sive
353 985 427 1006 cum
444 977 609 1014 negotium
628 981 808 1014 peroratur.
827 977 895 1006 sive
910 977 978 1015 jam
995 977 1117 1014 ceperit

119 1040 132 1055 n
157 1028 262 1067 promi
293 1029 474 1064 sententia,
503 1029 531 1058 si
558 1029 721 1068 judicium
747 1029 883 1066 elegerit
909 1032 1116 1059 sacrosancte

120 1092 133 1107 n
158 1081 246 1111 sedis
262 1081 433 1115 antistitis,
445 1080 533 1110 illico
548 1081 619 1111 sine
634 1081 745 1120 aliqua
761 1081 1116 1114 dubitatione,ctiamsi

120 1144 133 1160 n
157 1141 232 1171 pars
250 1133 434 1170 refragatur
448 1132 561 1167 altera,
574 1133 613 1162 ad
627 1133 852 1171 episcoporum
866 1133 1028 1171 judicium
1043 1141 1116 1162 cum

121 1197 134 1212 »
158 1193 309 1215 sermone
331 1184 533 1222 litigantium
554 1185 732 1222 dirigatur3
754 1188 785 1214 et
804 1193 918 1214 omnes
939 1193 1037 1214 cause
1053 1193 1116 1223 que

120 1249 133 1264 >2
157 1237 300 1276 pretorio
319 1240 350 1267 et
368 1236 466 1266 etiam
484 1236 574 1265 civili
589 1237 664 1275 jure
680 1240 872 1271 tractantur,
890 1236 1117 1274 episcoporum

120 1301 133 1316 »
158 1289 332 1319 terminate
349 1288 534 1323 sententiis,
549 1292 704 1326 perpetue
721 1288 820 1317 robur
833 1288 1003 1317 obtineant.
1018 1288 1116 1316 firmi-

121 1353 134 1368 »
159 1341 251 1376 tatis,
273 1344 304 1370 et
326 1340 494 1378 negotium
518 1340 604 1378 quod
623 1339 748 1378 judicio
770 1340 917 1378 ipsorum
942 1340 1115 1375 deciditur,

121 1406 134 1420 n
159 1401 367 1432 nequaquam
385 1392 525 1422 ulterius
544 1392 583 1421 ab
602 1391 712 1430 aliquo
729 1396 935 1422 retractetur.
956 1404 968 1418 »
990 1393 1035 1422 Ex
1053 1401 1117 1431 quo

118 1445 296 1475 manifesta
312 1448 403 1482 potes
423 1444 550 1473 ratione
570 1443 771 1482 perpendere
788 1448 947 1482 quantum
964 1444 1117 1482 iniquum

117 1497 268 1528 videatur
281 1500 312 1526 et
323 1495 494 1531 absonum,
506 1495 535 1525 si
546 1495 651 1525 honor
659 1495 816 1530 Ecclesie,
828 1505 890 1534 que
902 1500 968 1525 tam
982 1496 1116 1533 grandis

116 1548 281 1580 libertatis
291 1547 465 1586 privilegio
475 1547 594 1577 donata
603 1547 822 1585 cognoscitur,
837 1547 871 1577 in
883 1547 950 1577 illis
963 1547 1117 1577 immuni-

118 1600 252 1635 tatibus,
265 1608 328 1639 que
340 1599 442 1630 multo
451 1599 607 1638 predictis
617 1603 799 1629 noscuntur
810 1608 882 1629 esse
895 1600 1052 1635 minores,
1062 1604 1117 1629 tuo

117 1657 262 1692 tempore
281 1652 479 1682 decurtetur.
499 1652 653 1683 Ceterum
669 1652 788 1690 reliqui
805 1661 1012 1682 successores
1029 1652 1118 1691 ejus-

116 1706 190 1736 dem
203 1705 324 1740 Caroli,
342 1705 567 1743 progenitores
581 1705 640 1739 tui,
656 1704 887 1735 exaltationem
903 1704 1118 1735 ecclesiarum

117 1757 283 1797 propriam
312 1757 459 1795 exemplo
495 1757 597 1787 simili
626 1761 833 1795 reputantes,
865 1766 899 1787 se
928 1757 1117 1788 Christiane

117 1809 210 1845 fidei,
229 1817 263 1839 se
282 1809 398 1839 matris
415 1809 657 1839 constituerunt
680 1809 825 1839 Ecclesie
843 1809 1048 1842 defensores,
1074 1814 1116 1844 et,

117 1861 299 1892 studiosius
323 1860 529 1891 attendentes
546 1861 631 1899 quod
652 1861 730 1895 Deo,
751 1861 807 1899 qui
828 1870 882 1891 eos
903 1861 998 1898 regni
1014 1861 1118 1899 gloria

117 1913 323 1948 sublimarat,
338 1912 442 1942 nichil
458 1913 636 1951 rependere
654 1917 804 1951 poterant
820 1913 940 1947 simile,
958 1917 992 1942 ut
1009 1918 1117 1943 tamen

116 1965 328 1996 ostenderent
344 1965 595 2003 ingratitudinis
611 1965 691 1995 vitio
707 1974 741 1995 se
761 1974 882 2001 carere,
900 1965 1056 1995 ecclesias
1072 1966 1117 1995 fa-

118 2018 296 2048 cultatibus
312 2017 426 2047 multis
439 2017 604 2053 dotarunt,
622 2017 795 2047 immensis
807 2018 1011 2048 donaverunt
1021 2017 1117 2048 liber-

118 2071 258 2106 tatibus,
278 2069 329 2101 vel
348 2079 419 2100 eam
437 2070 561 2108 potius,
584 2079 602 2099 a
618 2079 681 2108 qua
697 2070 761 2108 ipsi
777 2079 907 2100 omnem
923 2074 1117 2108 potestatem

119 2127 324 2162 acceperant,
342 2122 375 2151 in
391 2122 543 2152 libertate
559 2122 669 2152 debita
685 2127 910 2158 servaverunt,
927 2127 1118 2161 reputantes

117 2175 293 2213 indignum
314 2178 350 2204 ut
372 2174 464 2204 locus
486 2174 543 2203 ubi
565 2174 714 2204 divinum
732 2183 852 2204 nomen
871 2175 1039 2210 excolitur,
1061 2175 1119 2205 ubi

119 2226 272 2257 Christus
289 2226 323 2254 in
340 2225 453 2256 altaris
472 2225 590 2259 hostia,
606 2226 640 2255 in
659 2230 843 2256 nostrorum
860 2227 1119 2265 redemptionem

121 2278 314 2312 criminum,
341 2277 545 2312 immolatur,
573 2277 712 2316 alicujus
738 2277 908 2308 servitutis
936 2278 1119 2308 subiciatur

119 2330 287 2364 oneribus,
306 2338 380 2359 cum
396 2330 439 2359 sit
455 2338 553 2367 supra
570 2329 775 2359 intellectum
792 2329 936 2359 hominis
952 2330 1119 2360 honoran-

119 2382 192 2412 dus.
210 2382 245 2412 Si
264 2391 340 2420 ergo
359 2382 489 2420 proprie
507 2386 615 2411 servat
631 2391 773 2420 propago
791 2382 868 2411 vitis
888 2382 1067 2420 originem,
1089 2383 1119 2413 si

120 2443 238 2465 succus
254 2434 341 2464 idem
355 2442 462 2463 ramos
475 2434 619 2463 vivificat
636 2437 666 2463 et
682 2434 835 2469 radicem,
854 2434 907 2463 vix
924 2434 1068 2464 creditur
1083 2439 1118 2464 ut

120 2485 244 2516 eisdem
267 2486 548 2524 progenitoribus,
574 2485 694 2524 quibus
715 2486 899 2523 parificaris
915 2485 1038 2516 honore
1061 2486 1118 2517 do-

120 2537 233 2573 minii,
259 2538 395 2576 patiaris
422 2542 451 2568 te
477 2538 677 2567 contrarium
701 2538 847 2568 moribus
873 2542 903 2568 et
926 2538 1118 2568 inferiorem

120 2589 279 2619 virtutum
302 2590 429 2619 actibus
449 2590 605 2620 inveniri.
629 2590 836 2626 Quinimmo,
860 2595 1010 2628 speratur
1032 2591 1118 2629 quod

121 2641 226 2679 gratia
242 2641 475 2680 bonitatisque
492 2642 574 2680 ipsis
586 2646 654 2671 crat
669 2642 794 2675 innata,
814 2641 853 2671 ad
870 2646 958 2671 tuam
972 2642 1118 2672 derivata

121 2701 304 2731 personam,
333 2697 362 2723 te
385 2693 489 2722 nichil
514 2693 680 2732 permittat
701 2693 846 2725 efficere.
867 2693 952 2732 quod
974 2693 1118 2724 libertati

121 2747 154 2773 et
168 2743 285 2774 honori
303 2746 449 2775 Romane
467 2745 612 2775 Ecclesie
629 2750 659 2775 et
680 2745 901 2775 membrorum
923 2746 992 2784 ejus
1015 2747 1118 2784 possit

155 2860 174 2884 1.
195 2861 249 2885 Sur
270 2865 340 2886 cette
363 2863 557 2891 constitution,
576 2862 742 2887 faussement
762 2863 897 2887 attribuoe
924 2863 939 2885 a
960 2863 1117 2893 Theodose,

122 2903 157 2927 cf.
173 2903 359 2936 Ronzxnenu,
376 2913 400 2936 p.
419 2906 472 2935 568,
488 2910 552 2930 note
569 2907 589 2931 1.

1198 347 1232 376 111
1262 348 1371 387 aliquo
1401 350 1573 387 derogare,
1607 360 1679 380 cum
1714 360 1809 389 sapor
1841 352 1981 381 sontium
2015 361 2192 382 concessus

1197 400 1317 437 origini
1349 401 1526 432 fluentibus
1553 412 1590 432 ex
1620 403 1690 440 ipso
1719 403 1835 433 rivulis
1866 412 1930 433 non
1956 404 2061 434 valeat
2091 404 2193 434 abne-

1197 453 1278 489 gari.
1301 453 1365 483 Sed
1387 463 1459 484 ecce
1482 455 1668 485 audivimus
1687 460 1717 485 et
1737 455 1884 486 dolemus
1907 457 1991 494 quod
2011 462 2055 491 tu,
2080 457 2126 486 fili
2142 466 2192 487 ca-

1197 505 1340 540 rissime,
1357 511 1387 536 et
1402 507 1494 544 regni
1512 507 1661 542 barones,
1680 509 1838 538 malorum
1854 509 1904 538 usi
1921 509 2069 543 consilio,
2086 509 2193 540 Eccle-

1197 557 1292 592 siam,
1316 567 1378 596 que
1395 568 1451 588 vos
1467 568 1504 589 ex
1526 564 1618 589 utero
1640 561 1910 590 sanctificationis
1929 562 2135 598 regeneravit
2158 561 2192 591 in

1198 609 1283 638 111105
1306 618 1342 639 ac
1363 620 1419 647 pro
1440 611 1544 641 salute
1564 617 1671 641 vestra
1688 613 1934 642 immaculatum
1956 622 2076 651 agnum
2098 614 2193 643 offert

1195 661 1318 699 jugiter
1341 663 1407 691 Deo
1431 663 1535 699 Patri,
1562 664 1595 692 in
1621 665 1811 694 servitutem
1835 665 2004 702 cupientes
2031 665 2191 703 redigere.

1198 713 1292 751 quasi
1315 714 1382 752 jam
1406 724 1469 743 non
1496 714 1598 745 libere
1614 715 1723 745 velitis
1749 718 1855 746 vocari
1877 717 1948 747 11111.
1973 718 2028 747 sed
2055 717 2190 751 ancille,

1198 765 1298 794 immo
1316 774 1468 803 sponsam
1486 768 1572 802 regis
1589 768 1708 802 eterni,
1727 769 1783 806 qui
1801 777 1855 797 vos
1870 778 1887 798 a
1904 770 2060 799 servitute
2078 778 2193 808 perpe-

1198 820 1253 845 tua
1278 817 1444 852 liberavit,
1471 823 1627 848 conantes
1647 820 1880 849 miserabiliter
1904 821 2076 855 ancillare,
2105 830 2194 851 com-

1198 869 1290 898 muni
1308 874 1445 904 statuto,
1471 870 1519 900 vel
1543 871 1756 901 destitutione
1778 873 1903 910 potius,
1927 878 2038 902 contra
2058 873 2194 902 liberta-

1199 924 1263 950 tem
1281 921 1435 956 Ecclesie,
1455 922 1539 951 sicut
1553 923 1682 958 dicitur,
1700 924 1889 953 firmavistis
1905 929 1937 953 ut
1955 925 2104 955 homines
2121 934 2195 955 ves-

1198 973 1240 1002 tri
1255 974 1341 1012 juris
1363 974 1596 1004 ecclesiasticis
1613 974 1662 1004 vel
1685 975 1981 1006 ecclesiasticorum
2003 977 2194 1007 hominibus

1198 1029 1253 1054 aut
1277 1025 1352 1055 aliis
1376 1026 1408 1055 in
1431 1027 1500 1056 foro
1524 1036 1587 1056 non
1613 1032 1788 1057 teneantur
1811 1029 2033 1059 ecclesiastico
2058 1038 2195 1068 respon-

1198 1077 1293 1112 dere3
1323 1078 1523 1115 quinimmo,
1550 1079 1578 1107 si
1601 1079 1700 1117 judex
1725 1080 1968 1110 ecclesiasticus
1996 1082 2029 1110 in
2056 1091 2126 1117 eos,
2153 1082 2195 1112 ob

1198 1130 1455 1164 contumaciam,
1478 1132 1826 1162 excommunicationis
1845 1134 2042 1163 sententiam
2066 1135 2193 1169 tulerit,

1198 1181 1387 1219 hujusmodi
1404 1183 1617 1217 sententiam,
1638 1192 1747 1213 rerum
1763 1185 1974 1222 occupatione
1994 1195 2128 1216 suarum
2145 1187 2196 1216 vel

1198 1241 1310 1263 eorum
1327 1233 1367 1263 ad
1389 1243 1527 1272 quorum
1550 1235 1742 1264 instantiam
1759 1238 2031 1267 excommunicati
2054 1239 2194 1273 suerint,

1198 1285 1232 1313 in
1251 1290 1471 1324 contemptum
1495 1286 1636 1316 clavium
1662 1288 1821 1323 Ecclesie,
1847 1289 2003 1319 adversus
2027 1300 2108 1329 quas
2130 1300 2194 1321 non

1198 1342 1335 1376 possunt
1351 1339 1495 1376 potentie
1511 1339 1610 1369 inferi
1628 1341 1805 1378 prevalere,
1822 1342 1967 1372 relaxare
1984 1349 2134 1380 rogatui-3
2153 1349 2196 1378 et,

1199 1390 1285 1428 quod
1308 1389 1452 1420 deterius
1475 1395 1539 1425 est,
1563 1391 1842 1430 archiepiscopos,
1867 1394 2036 1431 episcopos
2061 1399 2090 1424 et
2113 1395 2197 1425 alias

1198 1450 1356 1479 personas
1378 1442 1620 1472 ecclesiasticas
1639 1448 1669 1472 et
1692 1453 1805 1473 earum
1830 1444 1979 1476 hemines
2004 1455 2102 1484 super
2121 1448 2197 1485 qui-

1197 1493 1392 1532 buscunque
1417 1495 1527 1524 causis
1555 1495 1724 1531 civilibus,
1749 1497 1897 1527 ordinem
1921 1498 2006 1536 juris
2028 1499 2143 1537 scripti
2166 1504 2198 1529 et

1199 1546 1333 1584 antique
1348 1547 1597 1576 consuetudinis
1611 1552 1846 1585 pervertentes,
1862 1553 1969 1579 vestro
1985 1559 2099 1588 parere
2112 1551 2199 1590 judi-

1198 1599 1248 1628 cio
1261 1599 1446 1634 coarctatis,
1458 1599 1533 1629 licet
1544 1599 1584 1628 ab
1600 1600 1746 1638 antiquis
1761 1602 1961 1639 temporibus
1978 1611 2015 1632 ea
2031 1603 2194 1640 libertate,

1197 1660 1303 1689 usque
1320 1651 1359 1680 ad
1375 1651 1436 1680 hec
1452 1655 1597 1689 tempora
1615 1652 1650 1680 in
1666 1661 1766 1689 regno
1783 1653 1920 1684 Francie
1936 1654 2118 1691 observata,
2136 1666 2198 1686 usa

1199 1703 1299 1733 fuerit
1310 1703 1456 1733 Ecclesia
1468 1703 1650 1739 Gallicana,
1664 1709 1699 1733 ut
1711 1704 1787 1734 laici
1801 1706 1950 1743 personis
1962 1707 2197 1739 ecclesiasticis

1198 1759 1229 1786 et
1252 1755 1466 1786 ecclesiarum
1485 1755 1677 1786 hominibus
1699 1756 1733 1785 in
1751 1757 1876 1795 judicio
1899 1758 2121 1790 ecclesiastico
2144 1770 2199 1791 re-

1199 1807 1406 1846 sponderent.
1426 1807 1606 1838 Considera
1626 1808 1739 1845 igitur,
1764 1809 1827 1843 fili,
1846 1811 2018 1841 considera
2037 1817 2195 1850 quantum

1198 1859 1260 1889 tibi
1275 1859 1353 1889 talia
1369 1859 1579 1890 consulentes
1595 1864 1687 1890 tuum
1711 1862 1915 1891 commodum
1932 1863 2073 1901 diligunt
2091 1869 2121 1895 et
2137 1865 2198 1896 ho-

1199 1921 1322 1946 norem,
1341 1912 1409 1950 qui,
1427 1912 1652 1942 desiderantes
1668 1912 1702 1941 in
1720 1922 1804 1951 aqua
1821 1914 1949 1944 turbata
1970 1916 2102 1952 piscari,
2122 1927 2198 1955 pra-

1199 1963 1248 1992 vis
1274 1962 1543 2000 suggestionibus
1570 1963 1736 2001 incipiunt
1765 1964 1927 1993 maculam
1952 1965 1986 1994 in
2013 1970 2066 1995 tua
2093 1967 2197 2005 gloria

1198 2023 1330 2053 ponere,
1349 2019 1384 2044 ut
1403 2023 1438 2044 ex
1460 2014 1520 2044 hoc
1537 2023 1601 2044 non
1619 2024 1681 2053 que
1703 2019 1772 2050 tua,
1791 2016 1847 2045 sed
1863 2025 1926 2055 que
1949 2026 2007 2046 sua
2031 2023 2121 2054 sunt,
2140 2029 2197 2049 va-

1198 2066 1287 2096 leant
1308 2066 1476 2095 commoda
1498 2066 1687 2104 reportare!
1711 2067 1891 2097 Considera
1920 2074 2079 2106 quantum
2103 2071 2197 2101 inde-

1199 2127 1276 2148 cens
1295 2118 1353 2147 tibi
1369 2118 1472 2156 possit
1485 2118 1636 2151 existere,
1652 2119 1679 2148 si
1696 2119 1729 2147 in
1743 2119 1957 2149 ecclesiarum
1974 2123 2199 2159 oppressioni-

1198 2170 1260 2200 bus
1279 2170 1326 2200 tui
1344 2170 1437 2207 regni
1454 2171 1618 2208 primitias
1635 2172 1801 2208 suggestio
1817 2172 2032 2202 familiarium
2052 2174 2197 2205 hostium

1199 2227 1332 2257 statuat,
1351 2227 1381 2253 et
1398 2223 1435 2253 de
1450 2223 1526 2253 ssore
1539 2224 1724 2262 juventutis
1737 2228 1801 2253 tue.
1817 2224 1855 2254 de
1868 2234 1931 2263 qua
1943 2226 2043 2257 multe
2055 2227 2198 2258 fructum

1199 2275 1383 2305 dulcedinis
1400 2280 1545 2314 expectat
1560 2276 1718 2311 Ecclesia,
1737 2277 1980 2308 amaritudinis.
1998 2279 2083 2317 quod
2100 2281 2197 2315 absit,

1199 2328 1312 2357 botrus
1329 2332 1477 2365 erumpat
1492 2327 1497 2356 !
1515 2328 1601 2364 Quid
1618 2328 1736 2366 plura?
1758 2329 1919 2359 Convenit
1935 2335 1985 2365 ut,
2009 2331 2199 2370 frequenter

1199 2381 1287 2410 infra
1311 2381 1356 2410 tui
1383 2381 1524 2418 pectoris
1551 2389 1670 2410 arcana
1694 2381 1865 2411 revolvens
1891 2382 1977 2420 quod
2004 2392 2068 2413 non
2092 2384 2198 2414 solum

1199 2432 1447 2470 predecessores
1471 2432 1533 2466 tui,
1559 2433 1680 2471 quibus
1705 2438 1735 2462 et
1759 2433 1818 2462 tibi
1843 2443 1880 2463 ex
1904 2434 2027 2465 honore
2049 2435 2198 2474 impenso

1199 2485 1345 2515 Ecclesie
1367 2485 1560 2523 multiplicis
1582 2485 1690 2515 laudis
1707 2486 1822 2515 titulus
1844 2491 1873 2515 et
1896 2486 2029 2517 honoris
2045 2489 2196 2524 accrevit,

1198 2537 1276 2567 totis
1299 2546 1370 2566 eam
1391 2537 1587 2567 studuerunt
1611 2537 1737 2567 viribus
1763 2537 1938 2572 honorare,
1957 2539 2014 2568 sed
2033 2544 2063 2569 et
2085 2540 2198 2571 multis

1198 2588 1294 2626 longe
1326 2589 1496 2619 retroactis
1531 2590 1733 2627 temporibus
1769 2589 1985 2619 Valentianus
2022 2591 2198 2629 imperator

1199 2641 1418 2677 suffraganeis
1432 2641 1688 2670 Mediolanensis
1705 2641 1786 2670 dixit
1802 2641 1938 2671 ecclesie
1954 2643 1962 2662 ¹
1979 2652 1984 2670 ε
2005 2655 2017 2667 <1
2035 2643 2146 2672 Talem
2162 2644 2197 2672 in

1232 2778 1252 2802 1.
1269 2777 1474 2806 CASSIODORUS,
1491 2780 1612 2801 Historia
1630 2779 1779 2806 tripartita,
1796 2778 1841 2800 lib.
1857 2778 1916 2807 VII,
1935 2785 1993 2808 cap.
2010 2779 2036 2805 8,
2053 2779 2125 2808 apud
2144 2779 2196 2803 MI-

1199 2827 1266 2851 oxs,
1284 2823 1384 2845 Pan-01.
1400 2824 1456 2850 lat..
1473 2824 1491 2845 t.
1512 2822 1610 2846 LXIX.
1629 2822 1680 2845 col.
1699 2822 1756 2845 tt73
1775 2822 1819 2852 (cs,
1837 2821 2056 2851 Tizsononsrcs,
2074 2825 2197 2847 Historia

1200 2867 1400 2893 ecclesiastica,
1430 2866 1476 2890 lib.
1508 2865 1552 2893 tv,
1583 2873 1640 2895 cap,
1672 2865 1692 2888 F».
1724 2865 1793 2894 apud
1823 2865 1929 2890 Micxtt.
1959 2867 2058 2890 Patr-ol.
2088 2873 2196 2895 [Ἰν-κω,

1199 2909 1217 2931 t.
1236 2907 1369 2937 Lxxxn,
1389 2909 1439 2932 col.
1460 2909 1534 2932 11:³1¹.
1553 2921 1580 2925 —
1596 2908 1634 2931 Cf.
1654 2908 1833 2935 ntum-urus,
1852 2916 1876 2938 p.
1893 2909 1944 2935 5Γ9,
1960 2913 2022 2932 note
2041 2910 2060 2933 I.
