2423 3487
102 316 156 343 055
820 311 1057 342 REGts'rnEs
1080 309 1134 338 DE
1157 303 1377 339 GREGomE
1402 310 1459 339 lx.
2129 313 2185 342 555

101 385 132 407 ut
152 388 264 416 supra.
284 379 316 407 in
335 379 453 408 litteris
475 378 535 407 sub
552 387 689 407 numero
705 377 781 407 3399
803 378 942 407 notatis.
963 376 1098 404 mutatis

100 431 275 460 mutandis.
291 440 395 469 usque
412 431 431 469 2]
445 436 580 468 paterna
592 431 795 467 benignitate
811 439 922 460 eorum
933 429 1096 467 precibus.

97 484 134 511 de
160 484 297 512 fratrum
327 488 512 512 nostrorum
536 483 702 512 communi
725 483 879 512 consilio.
898 482 1096 511 annuimus:

97 541 136 563 et.
152 536 257 565 eidem
273 535 409 564 ecclesie
423 536 552 564 Lucane
567 535 605 564 de
618 540 746 572 pastore
760 535 862 564 nobili
875 534 1094 572 providentes,

97 587 316 616 venerabilem
339 588 474 616 fratrem
496 591 643 617 nostrum
672 588 865 625 magistrum
886 586 1095 619 NVereiurnh

94 641 201 669 virum
214 640 383 678 probatum
399 650 416 669 a
434 641 528 669 nobis
540 649 667 670 morum
685 640 855 670 honestate
868 641 944 669 etin
958 639 1097 669 scientia

94 693 289 723 litterarum,
308 692 402 721 eisin
423 697 546 730 patrem
565 697 595 721 et
612 693 818 730 episcopum.
837 692 1096 721 consecrationis

94 755 228 775 munere
254 746 318 775 sibi
349 746 386 775 de
412 746 565 775 manibus
597 746 719 775 nostris
744 746 910 783 impenso.
943 745 1095 773 duximus

93 798 336 828 concedendum
365 816 414 827 —.
446 798 604 834 Quocirca
638 798 838 827 fraternitati
871 802 923 827 tue
957 797 1095 826 firmiter

92 851 301 889 precipiendo
324 851 518 880 mandamus
544 855 706 889 quatenus
733 852 853 880 Lucam
877 850 1096 888 personaliter

93 904 244 933 accedere
272 912 335 932 non
362 908 553 941 postponas,
586 908 633 933 et.
666 903 853 933 convocatis
890 903 1094 937 consulibus,

92 956 230 985 consilio
261 961 289 985 et
317 956 434 994 populo
462 956 645 990 universis,
676 956 829 985 mandata
856 965 919 994 que
947 956 1007 985 tibi
1036 956 1096 985 sub

92 1009 180 1039 bulla
204 1014 315 1038 nostra
341 1009 609 1039 transmittimus.
634 1010 667 1038 in
689 1009 856 1047 presentia
882 1018 995 1039 eorum
1020 1018 1097 1046 ape-

92 1062 192 1093 riens,
211 1071 246 1091 ac
264 1062 335 1100 ipsa
358 1062 535 1099 diligenter
557 1071 722 1100 exponens
741 1062 883 1097 eisdem,
903 1062 964 1091 sub
987 1062 1096 1091 debito

87 1116 267 1154 juramenti
285 1120 314 1145 et
331 1125 415 1154 pena
432 1116 466 1144 in
483 1116 647 1145 mandatis
661 1116 818 1154 predictis
833 1120 996 1150 contenta,
1014 1116 1095 1153 ipsis

91 1176 126 1196 ex
143 1171 234 1205 parte
255 1172 365 1197 nostra
389 1168 544 1206 injungas
565 1173 599 1197 ut
620 1168 773 1197 mandata
795 1168 865 1206 ipsa
888 1168 1044 1197 universa
1065 1173 1095 1197 et

90 1219 221 1256 singula
236 1220 364 1257 integre
386 1220 525 1250 debeant
541 1220 729 1250 observare.
753 1222 801 1250 Tu
818 1225 945 1250 autem.
964 1220 1002 1250 de
1021 1230 1095 1258 pre-

89 1273 185 1302 dictis
202 1273 355 1302 omnibus
377 1274 493 1303 confici
512 1274 638 1303 faciens
657 1273 787 1312 publica
807 1274 1043 1308 instrumenta,
1064 1278 1092 1302 et

88 1331 237 1363 patentes
254 1326 393 1358 litteras,
413 1327 543 1365 publiea
561 1336 662 1356 manu
679 1327 818 1365 scriptas
836 1332 866 1357 et
881 1327 990 1364 sigillo
1010 1336 1093 1356 eom-

89 1379 199 1408 munis
216 1380 372 1413 munitas,
392 1380 512 1418 quibus
530 1380 739 1410 contineatur
755 1380 840 1418 quod
860 1380 998 1418 predicti
1016 1389 1093 1409 eon-

89 1431 192 1465 sules,
217 1432 394 1461 consilium
417 1437 447 1461 et
470 1432 625 1471 populus,
644 1433 705 1462 sul)
721 1433 831 1463 debito
855 1433 983 1471 prestiti
1000 1433 1093 1471 jura-

86 1485 189 1513 menti
218 1490 247 1514 et
274 1494 358 1522 pena
384 1486 580 1524 prescripta,
611 1486 803 1524 promittant
832 1486 917 1524 quod
947 1486 1092 1523 predicta

87 1537 197 1566 onmia
219 1538 253 1566 in
277 1543 472 1576 perpet-uum
497 1539 637 1568 firmiter
660 1539 899 1573 observabunt,
927 1539 1091 1576 recipiens

87 1591 126 1619 ab
151 1591 291 1623 eisdem,
319 1595 348 1620 et
370 1592 497 1629 prefata
519 1592 673 1621 mandata
694 1591 818 1621 bullata
841 1591 1017 1629 diligenter
1040 1601 1091 1621 re-

87 1652 239 1673 servans.
267 1643 323 1672 illa
348 1644 459 1673 omnia
483 1644 577 1674 nobis
604 1645 737 1674 studeas
763 1645 964 1683 quamcitius
990 1645 1092 1674 desti-

87 1705 177 1725 nare.
196 1697 268 1726 Dat.
288 1697 448 1732 vum-bii,
466 1697 561 1726 XVII
581 1696 740 1727 kalendas
755 1697 860 1736 junii.
879 1706 966 1727 anno
988 1697 1092 1727 unde-

85 1757 180 1779 cimo.
202 1761 214 1775 r>

157 1963 273 1991 38¹7ae
670 1964 802 1992 Yiterbe,
818 1964 850 1990 18
868 1964 925 1990 mai
941 1964 1018 1990 1237.

124 2026 217 2052 Priori
244 2025 421 2059 provinciali
446 2027 568 2051 fratrum
592 2025 832 2051 Praedi‹⁷·at1⁷›rum
861 2026 888 2051 in
914 2025 1090 2052 Lombardia

88 2074 207 2100 mandat
232 2077 375 2106 quatenus
397 2074 607 2099 monasterium
630 2074 665 2100 de
689 2074 887 2101 Columbario.
910 2074 1090 2100 Mutinensis

86 2122 236 2148 dioecesis.
250 2122 279 2147 in
293 2122 498 2155 spiritualibus
510 2127 537 2148 et
550 2122 771 2156 temporalibus,
787 2127 848 2148 tum
863 2126 979 2156 propter
992 2123 1090 2154 longos

88 2171 249 2203 litigiorum
267 2171 418 2203 circuitus,
435 2179 504 2204 quos
524 2171 601 2196 idem
621 2170 830 2196 monasterium
849 2171 883 2196 de
901 2171 1090 2197 Columbario

88 2219 227 2245 babuerat
249 2227 314 2244 cum
336 2219 511 2245 nisuiasterio
530 2219 565 2244 de
581 2219 712 2251 Mat-ola,
729 2224 791 2245 tum
808 2225 924 2252 propter
942 2220 1088 2245 malitiam

88 2266 286 2293 habitantium
301 2267 329 2292 in
342 2267 453 2295 eodem,
467 2268 641 2299 collapsum,
658 2275 723 2292 cum
739 2267 853 2299 juribus
864 2271 888 2293 ct
901 2267 1089 2301 ptr-rtinentiis

87 2315 146 2341 suis
163 2316 302 2341 iratribus
316 2316 351 2340 ‹le
366 2315 556 2348 (jampaniola
577 2316 714 2341 concedat
725 2337 730 2343 .
747 2316 921 2349 ¹2*‹⁷›sdcm‹1ue
939 2318 1041 2342 fratres
1060 2317 1088 2342 in

86 2364 295 2397 possessionem
317 2363 453 2396 jamdicti
481 2363 651 2389 monasterii
676 2364 710 2389 de
737 2364 925 2390 Columbario
952 2365 1087 2397 indurat,

88 2412 239 2438 monachis
253 2416 278 2438 et
292 2412 441 2438 conversis·
455 2412 584 2445 ejusdem
603 2412 772 2438 monasterii
789 2413 824 2438 de
836 2413 1024 2439 (solumbario
1038 2422 1088 2439 no-

86 2461 214 2487 lentibus
231 2460 446 2494 1‘›rae‹lictorum
463 2462 584 2486 fratrum
603 2461 637 2486 de
650 2461 841 2493 (Jampaniola
860 2461 991 2486 ordinem
1010 2471 1087 2488 assu-

86 2517 174 2538 mere,
192 2509 222 2535 in
239 2509 388 2542 praedicto
406 2509 581 2535 umnasterio
597 2509 632 2534 de
647 2509 759 2535 Marola
776 2510 823 2535 vel
836 2510 897 2542 ejus
912 2510 1087 2537 obedientiis

85 2557 249 2583 colim-atis.
268 2565 280 2580 ι(
295 2557 496 2589 assignaturus
520 2557 637 2583 tertiam
658 2562 768 2590 partem
792 2558 1004 2591 possessionum
1025 2567 1087 2592 pre-

86 2614 98 2629 n
120 2606 192 2632 dicti
211 2605 379 2631 monasterii
397 2606 432 2631 de
448 2606 651 2634 Columbario,
672 2615 720 2632 seu
741 2606 824 2632 mille
841 2607 930 2632 libras
947 2607 1086 2640 imperia-

85 2663 97 2678 »
119 2654 208 2683 lium,
232 2658 313 2687 prout
342 2654 414 2680 dicti
444 2656 546 2680 iratres
575 2655 668 2687 magis
692 2655 843 2688 elegerint,
869 2664 934 2681 cum
957 2664 1040 2681 cruce
1059 2662 1084 2682 et

84 2711 97 2727 n
119 2706 200 2729 textu
218 2703 445 2734 Evangeliorum
463 2703 621 2731 deauratis.
640 2703 858 2737 antiplitjmariis
875 2708 900 2729 et
920 2704 1083 2735 breri.·u·iisv

82 2759 95 2775 ›)
117 2760 171 2784 que
190 2751 318 2784 ipsorum
341 2750 476 2785 [fratrum
498 2751 533 2777 de
554 2750 759 2785 Campaniola]
783 2751 879 2777 ordini
900 2760 955 2777 non
978 2761 1085 2778 conre-

81 2808 94 2823 ι)
117 2800 217 2826 niunt.
248 2800 390 2832 jamdicto
420 2800 596 2826 monasterio
619 2800 654 2826 de
681 2800 792 2826 Mat-ola
821 2808 844 2826 n.
870 2815 901 2818 —
925 2801 1011 2830 (Rem.
1036 2802 1082 2829 18.

114 2933 132 2956 l.
161 2935 210 2955 Ms.
238 2940 243 2953 :
270 2934 455 2956 venerabitem
481 2934 591 2957 fratrem
615 2936 740 2956 nostrum
769 2950 784 2956 ..
814 2934 973 2963 magistrum
999 2934 1083 2958 XVer·

81 2977 164 2999 cium.

1184 377 1202 401 f.
1220 375 1272 401 289
1292 380 1334 406 v¹';
1352 385 1421 402 ann.
1437 377 1490 408 xl,
1508 386 1532 403 e.
1550 376 1600 408 853
1618 391 1649 394 ——
1664 377 1820 404 Pommsr
1842 377 1928 404 10358
1942 380 1963 409 '3
1986 392 2016 395 —-
2031 379 2068 404 cf.
2088 385 2183 411 supra,

1183 429 1211 451 11⁰
1227 425 1319 455 2951.)

1223 538 1235 551 «
1253 527 1383 563 ..priori
1396 527 1583 564 provinciali
1600 528 1734 562 fratrum
1756 527 1982 556 Predicatorum
1999 528 2185 557 inLombar-

1181 579 1243 607 (lia.
1255 579 1337 608 Cum
1355 579 1593 608 monasterium
1608 579 1646 609 de
1663 579 1931 610 Columbario—.
1943 581 2015 609 Dat.
2028 580 2181 616 Viterhii,

1180 631 1240 660 XV
1256 631 1414 661 kalendas
1427 631 1526 670 junii,
1546 640 1632 661 anno
1646 632 1831 662 undecimo.
1852 644 1864 658 »

1249 803 1367 831 3853
1758 804 1890 832 Viterbe.
1906 804 1939 831 18
1956 805 2013 831 mai
2032 805 2109 831 1237.

1214 866 1238 893 J.
1256 866 1291 891 de
1307 866 1489 895 Ott‹›li11a,—
1505 874 1538 892 ex
1554 875 1609 899 quo
1629 866 1689 900 ipse
1707 874 1791 900 papa,
1813 866 1961 893 mediante
1981 865 2128 901 T[t10ma]‚
2143 867 2182 893 ti-

1179 914 1233 940 tuli
1252 914 1378 940 Sanctae
1400 914 1527 940 Sabinae
1551 915 1720 949 presbytero
1736 915 1892 947 cardinali,
1913 915 2011 941 omnia
2029 916 2092 948 jura
2109 924 2182 950 quae

1179 970 1192 987 (t
1210 962 1239 988 in
1257 966 1351 988 castro
1366 963 1491 989 Baconis
1506 970 1519 987 ))
1537 963 1678 989 haetenus
1700 963 1776 989 idem
1791 963 1816 990 J.
1836 963 1986 992 habuerat.
2003 972 2052 997 pro
2069 972 2139 998 pace
2155 967 2182 991 et

1178 1011 1276 1044 quiete
1291 1011 1420 1044 ejusdcm
1434 1011 1522 1037 castri
1537 1014 1563 1038 et
1577 1011 1666 1038 totius
1681 1012 1831 1040 Sabiniae,
1845 1012 2017 1045 quaeregio,
2032 1013 2183 1039 occasione

1179 1059 1358 1093 quaestionis
1376 1063 1470 1086 motae
1487 1063 1588 1086 eontra
1604 1068 1616 1084 (ι
1635 1060 1768 1086 homines
1785 1060 1820 1086 de
1840 1061 1956 1087 Baeono
1971 1068 1995 1092 υ,
2013 1069 2115 1093 graves
2131 1069 2183 1094 pa-

1179 1105 1306 1132 tiebatur
1330 1106 1479 1133 molestias
1505 1110 1532 1133 et
1554 1107 1678 1140 majores
1700 1110 1811 1140 poterat
1836 1107 2004 1139 formidare,
2027 1116 2077 1141 pro
2101 1108 2183 1134 mille

1178 1155 1356 1186 octingentis
1374 1155 1458 1181 libris
1471 1155 1658 1181 denariorum
1673 1159 1792 1182 senatus
1807 1156 1843 1182 ad
1857 1164 1929 1190 opus
1945 1156 2094 1183 Ecclesiae
2107 1165 2183 1183 eme—

1177 1208 1233 1235 rat,
1250 1207 1276 1229 et
1294 1204 1341 1229 cui
1358 1204 1487 1230 nondum
1503 1205 1538 1230 de
1551 1205 1603 1230 hoc
1619 1205 1711 1238 pretio
1726 1206 1820 1232 fuerat
1834 1205 2030 1237 satisfactum,
2048 1220 2079 1223 —
2094 1205 2183 1238 signi-

1178 1253 1244 1279 ficat
1266 1261 1294 1278 se
1311 1253 1388 1279 velle
1402 1261 1415 1277 «
1431 1262 1492 1279 esse
1515 1256 1615 1280 notum
1634 1254 1709 1287 quod
1730 1254 1813 1280 mille
1829 1254 1919 1280 libras
1936 1254 2181 1280 proveniensium

1178 1309 1191 1325 »
1213 1305 1330 1327 senatus
1346 1302 1375 1328 in
1392 1302 1506 1334 Natali,
1522 1306 1549 1328 et
1565 1303 1748 1336 octingentas
1764 1303 1793 1329 in
1811 1303 1943 1336 proxima
1960 1304 2058 1329 sutura
2074 1303 2183 1329 Resur-

1178 1358 1191 1374 n
1212 1350 1341 1376 rectione
1360 1351 1479 1377 Domini
1502 1352 1668 1385 persolvere
1685 1360 1697 1376 ))
1719 1351 1744 1377 ei
1766 1359 1780 1376 «
1802 1351 1933 1378 Ecclesia
1952 1352 2085 1377 Romana
2101 1354 2183 1378 tene*

1177 1406 1190 1424 ))
1213 1402 1259 1425 tur
1274 1407 1297 1425 n.
1316 1399 1613 1431 —(1t13t1÷.18,f.289
1630 1403 1674 1432 x·'';
1692 1409 1760 1426 ann.
1777 1400 1830 1432 XI,
1848 1409 1872 1426 c.
1889 1400 1946 1431 86.)

1218 1512 1230 1526 «
1246 1501 1345 1529 Nobili
1364 1501 1429 1529 viro
1446 1501 1472 1529 J.
1491 1501 1525 1529 de
1542 1501 1680 1529 Odolina.
1701 1500 1793 1534 Cum,
1812 1500 1978 1529 mediante
1997 1499 2115 1530 dilecto
2132 1517 2180 1528 —.

1175 1553 1248 1582 Dat.
1268 1557 1301 1581 ut
1318 1562 1426 1590 supra.
1451 1565 1463 1578 »

1245 1724 1363 1752 3674
1764 1725 1896 1755 Viterbe,
1908 1726 1941 1751 15
1957 1725 2014 1752 mai
2030 1726 2107 1752 1237.

1212 1787 1355 1820 Episcopo
1376 1787 1591 1820 wigorniensi,
1611 1795 1697 1820 quem
1719 1787 1749 1813 in
1774 1787 1923 1814 benefieiis
1940 1788 1975 1813 ad
1998 1788 2089 1821 ipsius
2106 1788 2180 1821 epis—

1175 1835 1239 1869 copi
1256 1835 1443 1861 donatiouem
1459 1835 1672 1869 spectantibus,
1686 1836 1747 1869 ipse
1764 1844 1838 1869 papa
1855 1835 2027 1862 intendebat
2042 1835 2180 1869 speciali—

1175 1887 1218 1909 ter
1234 1885 1384 1915 bonorare,
1398 1898 1428 1901 ——
1442 1893 1520 1916 cum,
1535 1884 1611 1911 sieut
1629 1884 1705 1910 idem
1723 1884 1876 1918 episcopus
1892 1884 2049 1913 asserebat.
2062 1887 2177 1910 sextum

1174 1933 1322 1958 decimum
1342 1941 1497 1959 numerum
1513 1933 1566 1959 illa
1580 1933 1721 1959 beneficia
1740 1942 1795 1959 non
1816 1934 1999 1963 excederent,
2020 1936 2047 1960 et
2064 1941 2181 1959 necesse

1175 1981 1293 2007 liaberet
1316 1982 1393 2008 idem
1416 1982 1569 2016 episcopus
1590 1982 1767 2016 provisionis
1787 1982 1880 2015 gratia
1902 1982 2036 2016 prosequi
2059 1982 2180 2008 clericos

1174 2031 1204 2056 in
1222 2031 1314 2065 ipsius
1336 2031 1457 2057 servitio
1473 2031 1633 2058 existentes
1647 2053 1653 2063 ‚
1678 2046 1708 2049 —-
1730 2031 1806 2057 idem
1829 2031 1977 2065 indulget,
2001 2031 2054 2058 sub
2077 2031 2178 2057 eadem

1174 2081 1233 2105 fere
1251 2082 1358 2112 forma,
1381 2080 1456 2113 quod
1477 2089 1563 2114 supra
1576 2101 1582 2112 ,
1607 2080 1636 2106 in
1663 2080 1744 2106 bulla
1767 2080 1820 2106 sub
1841 2088 1962 2106 numero
1978 2080 2046 2106 3645
2063 2082 2178 2111 notata,

1173 2128 1393 2162 archiepiscopo
1411 2128 1618 2155 Cantuariensi
1630 2149 1636 2160 ,
1653 2128 1793 2155 videlicet
1810 2131 1856 2160 ut,
1874 2137 1939 2154 cum
1957 2128 1994 2154 ab
2009 2127 2179 2161 Apostolica

1174 2176 1248 2203 »Sede
1271 2176 1443 2202 mandatum
1464 2177 1551 2203 fuerit
1572 2177 1601 2202 in
1619 2177 1743 2210 Anglia,
1766 2185 1814 2203 seu
1837 2176 1866 2202 in
1885 2176 2093 2204 Cantuariensi
2112 2184 2180 2210 pro-

1172 2225 1271 2251 vincia
1287 2226 1333 2251 vel
1351 2225 1380 2251 in
1398 2225 1523 2251 dioecesi
1536 2225 1750 2257 XYigorniensL
1768 2225 1884 2251 clericis
1900 2225 1930 2251 in
1946 2224 2096 2251 beneficiis
2112 2232 2178 2258 pro-

1171 2273 1278 2305 videri,
1297 2273 1341 2299 illi
1362 2274 1468 2307 quibus
1485 2273 1654 2307 hujusmodi
1677 2274 1850 2300 mandatum
1867 2273 2027 2305 dirigatur,
2047 2273 2082 2299 de
2098 2281 2178 2307 prae-

1171 2321 1259 2347 dictis
1273 2322 1422 2348 beneficiis
1434 2321 1525 2348 alicui
1538 2322 1691 2355 providere
1703 2330 1760 2348 non
1776 2322 1899 2355 possint,
1912 2321 1969 2347 nisi
1982 2322 2175 2355 apostolieum

1171 2371 1345 2404 rescriptum
1364 2379 1531 2404 expressam
1544 2371 1580 2396 de
1595 2371 1647 2397 llac
1664 2370 1851 2404 indulgentia
1866 2371 1967 2397 feeerit
1984 2370 2176 2397 mentionem.

1171 2434 1201 2437 —
1217 2420 1302 2451 (nm.
1321 2419 1364 2451 18,
1383 2421 1402 2446 f.
1417 2420 1468 2446 289
1482 2424 1525 2451 v‘’;
1543 2429 1612 2446 ann.
1630 2420 1682 2452 XI,
1698 2429 1721 2446 c.
1737 2420 1794 2450 87.)

1211 2533 1223 2545 «
1251 2544 1270 2549 ..
1297 2522 1429 2558 episcopo
1456 2521 1666 2558 ll'iyorniensi.
1693 2521 1906 2550 Intendentes
1924 2520 2017 2559 juxta
2037 2528 2176 2558 persone

1169 2591 1217 2602 —.
1238 2575 1311 2603 Dat.
1329 2573 1483 2608 Viterbii⁷
1500 2573 1611 2603 idibus
1628 2573 1719 2603 maii.
1739 2582 1825 2603 anno
1843 2573 2028 2603 undecimo.
2049 2585 2061 2599 ι)

1240 2745 1362 2773 3675
1754 2745 1885 2777 Vherbe,
1900 2745 1933 2772 23
1948 2745 2006 2771 mai
2023 2745 2102 2772 1237.

1204 2808 1362 2840 Friderico‚
1385 2804 1585 2834 Romanorum
1607 2808 1789 2842 imperatori,
1810 2807 1927 2834 nuntiat
1952 2816 1990 2839 se,
2015 2807 2175 2840 diligenter

1200 2935 1219 2958 t.
1245 2936 1318 2958 Avec
1336 2935 1456 2964 t'incipit
1474 2942 1480 2958 :
1499 2944 1509 2957 α
1529 2935 1597 2959 Cum
1617 2936 1814 2959 monasterium
1835 2935 1862 2958 in
1881 2943 1904 2962 υ,
1927 2933 2034 2964 (1·3ρπό3
2055 2934 2172 2963 Βιροιι,

1166 2981 1325 3002 Baliarium
1343 2981 1585 3008 Praedicatorum,
1600 2979 1618 3007 1,
1632 2979 1670 3006 94.
1685 2984 1714 3002 n'*
1732 2979 1783 3003 165.
