2519 3518
162 315 222 348 373
1025 303 1212 341 DIXIEME
1233 302 1393 340 ANNEE.
2194 316 2252 347 374

164 384 187 410 f.
204 382 256 410 149
270 385 314 414 v⁶;
331 389 400 409 ann.
421 380 464 414 X,
483 388 508 407 c.
529 380 580 412 55;
597 394 629 398 —
646 380 803 408 PorrnAsr
817 379 919 411 101473
937 393 968 397 —
986 378 1169 405 Ronnnnsno

164 430 241 463 687.)

208 541 222 556 α
255 529 303 568 [..]
330 529 511 558 Eistetensi¹
543 529 688 566 episcopo.
714 527 924 557 Transmissa
954 526 1049 556 nohis
1074 526 1170 555 nobi-

165 581 209 612 lis
234 598 284 610 —.
313 581 386 610 Dat.
413 580 567 615 Viterbii,
598 580 627 610 V
654 579 813 610 kalendas
838 579 930 614 maii,
958 579 1170 617 pontificatus

167 634 274 665 nostri
292 642 379 663 anno
396 633 534 663 decimo.
556 645 569 659 »

203 754 307 778 3122.
324 765 355 769 —
373 750 524 785 Scriptum
546 752 589 777 est
609 758 695 784 super
717 751 770 777 hoc
787 751 842 775 illis
859 749 890 784 [..
907 751 938 775 (Ie
960 750 1132 781 Brunebach,
1151 770 1169 776 ..

166 799 199 825 de
214 799 333 825 Eberach
348 801 373 824 et
390 818 408 824 ..
425 798 455 824 tle
471 798 594 824 Keishern
609 797 772 832 abbatibus}

239 985 290 1013 3¹
301 984 360 1012 23
731 985 868 1017 Viterbe,
882 985 916 1011 28
931 985 1006 1011 avril
1022 985 1101 1012 1236.

206 1047 350 1082 Episcopo
366 1047 401 1073 de
419 1047 527 1074 Sancto
544 1048 644 1081 Asaph
655 1068 661 1079 ,
679 1047 777 1074 abbati
794 1047 829 1073 dc
845 1047 921 1073 Dora
937 1049 978 1079 (=
995 1047 1092 1079 Dore),
1107 1047 1173 1074 Cis-

169 1096 324 1124 terciensis
348 1096 476 1128 ordinis,
501 1095 691 1122 Mencvensis
714 1095 869 1127 dioecesis,
893 1098 921 1121 et
946 1095 1174 1129 paenitentiario

168 1142 378 1170 Herefordcnsi
396 1150 513 1169 causam
532 1142 706 1168 monialium
723 1142 758 1168 de
777 1141 954 1174 Corneburi‚
976 1141 1174 1168 Hereiorden-

169 1191 211 1218 sis
226 1190 378 1222 dioecesis,
395 1193 496 1217 contra
508 1191 611 1217 tratres
626 1189 892 1223 Hieros‹›1ymitani
906 1190 1081 1223 Hospitalis,
1095 1190 1172 1215 idem

170 1238 383 1266 monasterium
401 1238 436 1264 de
452 1237 613 1265 Corneburi
630 1237 687 1264 sibi
701 1237 824 1264 subdere
841 1237 995 1264 molientes
1011 1240 1039 1263 et.
1053 1237 1174 1271 prioris-

169 1295 234 1313 sam
257 1286 368 1313 eisdem
397 1285 576 1312 monialibus
599 1285 704 1312 invitis
727 1285 927 1319 imponentes,
953 1285 1173 1311 terminandam

170 1334 349 1367 committit,
372 1333 504 1367 alioquin
527 1333 563 1360 ad
586 1333 780 1367 apostolicum
804 1341 927 1359 examen
951 1333 1172 1359 remittendam.

171 1397 204 1401 —
221 1383 308 1416 (ΒΕΘ.
327 1382 372 1414 18,
389 1383 410 1408 f.
429 1381 480 1408 149
495 1385 541 1413 v03
563 1390 632 1408 ann.
650 1381 694 1413 X,
716 1389 740 1407 c.
757 1381 805 1412 56;
823 1396 854 1399 —
872 1381 1028 1408 Po‘rTnAsr
1043 1381 1173 1413 10155*;

170 1445 204 1449 —
224 1431 250 1458 J.
267 1431 436 1457 Demvnmss
458 1430 500 1456 LE
522 1430 641 1461 Rourx,
660 1429 817 1455 cartulaire
836 1429 947 1461 petierat
967 1429 998 1454 tle
1018 1428 1117 1454 Perdi-e
1131 1429 1175 1454 des

169 1479 352 1511 Hospitalt‘ers
363 1479 393 1503 cle
409 1478 575 1504 Scine-,leun
586 1478 616 1503 de
626 1478 789 1509 Jerusalem,
802 1481 823 1504 t.
837 1478 873 1511 II,
886 1486 913 1511 p.
927 1477 988 1510 500,
1002 1480 1030 1504 n⁰
1043 1478 1126 1509 214ος
1142 1493 1174 1496 -

170 1528 210 1554 cf.
226 1533 322 1559 supra,
338 1529 366 1552 η’
380 1526 471 1556 3103.)

213 1639 226 1653 α
245 1650 266 1656 ..
285 1628 418 1664 episcopo
440 1627 474 1655 (Ie
492 1627 604 1655 Sancto
625 1627 763 1664 Asaph,..
781 1627 883 1655 abbati
900 1627 933 1655 dc
956 1627 1044 1662 Dora,
1065 1628 1176 1656 Cister-

168 1680 280 1710 ciensts
295 1679 424 1713 ordinz's,
445 1680 627 1708 Menevensis
638 1680 773 1714 diocesis,
787 1684 836 1708 et..
848 1681 1070 1716 penitentiario
1085 1682 1176 1710 Here-

169 1732 316 1769 fordensi.
336 1731 463 1761 Dilecte
479 1731 513 1760 in
530 1731 663 1762 Christo
679 1731 747 1761 filie
761 1754 780 1760 ..
799 1732 1021 1770 suppriorissa
1038 1737 1068 1763 et
1085 1743 1176 1764 soro-

168 1792 223 1814 res
244 1783 437 1813 monasterii
460 1783 499 1813 de
524 1783 734 1820 Corneburffi]
752 1792 812 1813 sua
835 1784 930 1814 nobis
949 1785 1177 1816 insinuatione

169 1840 399 1866 monstrarunt
427 1835 533 1874 quod,
561 1836 675 1866 eodem
699 1837 901 1866 monasterio
930 1838 1091 1874 priorissa
1119 1848 1178 1868 va-

171 1893 278 1922 cante,
297 1897 332 1918 ac
345 1888 393 1918 eis
409 1887 598 1918 volentibus
615 1888 655 1917 ad
668 1887 862 1918 electionem
878 1890 1066 1926 procedere,
1082 1895 1178 1928 prout

171 1941 237 1972 sihi
254 1941 292 1970 de
309 1940 474 1970 communi
490 1940 565 1979 jure
580 1944 610 1970 et
627 1940 806 1978 apostolica
823 1941 1031 1979 indulgentia
1048 1951 1179 1981 compe-

171 1993 271 2028 tebat,
290 1994 410 2023 iratres
427 1993 692 2023 Jerosoliinitani
708 1993 891 2031 Hospitalis
910 1994 945 2023 in
960 1995 1092 2032 Anglia,
1107 2005 1179 2025 mo-

172 2045 357 2076 nasterium
373 2045 483 2083 ipsum
500 2045 565 2075 sibi
582 2045 722 2075 subdere
738 2045 924 2081 molientes,
943 2056 1056 2077 earum
1074 2048 1179 2087 impe-

172 2097 241 2127 dito
268 2106 434 2135 processu,
460 2097 518 2126 diu
535 2097 645 2126 conati
674 2101 751 2127 sunt
771 2098 937 2136 quandam
961 2108 999 2128 ex
1021 2100 1114 2138 ipsis,
1139 2101 1180 2130 ad

172 2158 288 2180 eorum
303 2149 506 2178 desiderium
523 2149 744 2184 accedentem,
762 2149 797 2178 in
812 2150 1006 2188 priorissam
1022 2152 1179 2189 preficere

171 2202 375 2232 monasterio
396 2205 591 2236 memorat03
611 2206 744 2240 propter
764 2203 851 2241 quod
869 2211 924 2233 sex
945 2204 1042 2234 annis
1059 2209 1090 2235 et
1110 2214 1180 2234 am-

172 2254 261 2293 plius
281 2254 349 2293 jam
381 2254 518 2283 vacavit.
545 2255 584 2284 Et
609 2263 684 2283 cum
714 2255 879 2293 quendam
905 2264 1018 2286 eorum
1043 2257 1180 2288 fratrem

173 2306 395 2346 presbiterum
424 2306 558 2342 ibidem,
582 2315 681 2345 quem
705 2307 818 2337 eedem
843 2308 1059 2345 admiserunt,
1082 2311 1181 2340 insti-

173 2359 311 2393 tuerint,
335 2363 371 2388 ut
396 2367 511 2388 earum
535 2358 664 2388 audiret
690 2359 892 2397 penitentias
916 2364 947 2390 et
974 2368 1181 2393 sacramenta

173 2411 240 2442 sibi
256 2410 481 2441 ecclesiastica
502 2411 720 2446 ministraret,
738 2411 810 2449 ipso
834 2421 868 2442 se
887 2413 988 2444 nimis
1004 2414 1181 2447 inhoneste

175 2468 326 2502 gerente,
356 2463 536 2494 earundem
562 2463 627 2493 fuit
651 2464 763 2502 opinio
783 2464 965 2503 plurimum
992 2473 1179 2505 aggravata.

175 2516 281 2547 Iidem
297 2525 427 2555 quoque
441 2516 561 2546 fratres
576 2525 631 2546 eas
647 2517 788 2555 quodam
803 2526 913 2548 annuo
926 2520 1056 2550 redditu
1069 2526 1183 2552 contra

171 2568 338 2608 justitiam
363 2568 581 2606 spoliarunt2.
612 2570 768 2599 Preterea
790 2571 928 2601 Donisia
952 2573 990 2603 de
1018 2574 1126 2605 Leche
1151 2580 1182 2605 et

175 2620 318 2659 quedam
335 2620 399 2650 alie
416 2620 612 2650 monasterii
628 2621 767 2658 predicti
785 2631 924 2658 sorores,
936 2624 974 2654 de
990 2626 1102 2656 favore
1118 2627 1182 2657 fra-

175 2675 264 2702 trum
280 2672 428 2710 ipsorum
444 2672 508 2702 sibi
530 2672 570 2702 ab
590 2673 639 2703 eis
659 2674 821 2711 promisso
842 2675 917 2713 plus
935 2676 1044 2707 debito
1065 2687 1182 2716 presu-

176 2728 314 2760 mentes,
335 2724 523 2754 obedientie
543 2725 622 2764 jugo
644 2725 803 2764 deposito,
824 2727 930 2757 eidem
947 2730 1180 2768 suppriorisse,

177 2775 264 2807 sicut
280 2776 410 2811 debent,
427 2776 601 2807 intendere
620 2779 859 2809 contradicunt.
886 2781 994 2816 Quare
1015 2789 1182 2815 monaste-

212 2906 232 2930 1.
249 2906 289 2930 En
303 2907 455 2931 manchette
474 2917 480 2930 z
497 2909 664 2938 Eisletensi;
680 2909 748 2934 dans
764 2910 789 2934 la
804 2912 934 2942 rubrique
948 2919 954 2936 :
972 2914 1105 2938 Eislensi.

209 2949 232 2973 2.
250 2953 298 2973 Ms.
313 2959 320 2973 :
335 2951 472 2981 spoliavit.

1252 375 1339 404 rium
1351 375 1496 413 graviter
1509 376 1543 406 in
1558 377 1789 416 spiritualibus
1803 382 1834 407 et
1847 379 2081 416 temporalibus
2093 381 2254 412 deforma-

1252 431 1318 463 tur;
1337 436 1435 466 super
1450 438 1514 467 quo
1530 430 1696 468 provideri
1712 429 1883 460 humiliter
1897 431 2075 469 petierunt.
2092 434 2255 469 Quocirca

1250 479 1446 510 mandamus
1465 485 1628 520 quatenus
1643 500 1683 505 —
1696 492 1829 513 causam
1845 500 1883 504 —
1900 484 2083 516 terminetis
2094 503 2144 515 —.
2160 487 2254 518 Alio-

1251 532 1344 570 quin,
1361 542 1436 562 cum
1454 533 1547 563 vobis
1566 534 1627 564 suh
1649 538 1736 564 certa
1757 535 1863 564 forma
1879 535 1959 565 sci-il
1969 545 2063 567 amus
2085 546 2184 577 super
2199 547 2254 570 ne·
2290 546 2292 549 ·

1252 584 1339 622 gotio
1360 585 1507 624 ejusdem
1529 587 1734 621 monasterii,
1753 587 1840 625 quod
1860 591 1908 617 est
1931 587 2018 618 inter
2040 589 2160 620 fratres
2185 599 2254 621 eos-

1252 637 1336 672 dem,
1355 646 1392 667 ex
1412 642 1504 676 parte
1527 647 1604 674 una,
1629 643 1660 669 et
1681 639 1825 669 nobilem
1846 641 1953 670 virum
1977 642 2195 682 Gualt[erum]
2216 643 2254 674 de

1252 690 1358 728 Lascy
1375 694 1406 719 et
1424 690 1673 730 M[argaritam],
1696 701 1829 721 uxorem
1847 693 1928 731 ejus,
1947 702 1984 723 ex
2005 694 2118 730 altera,
2139 695 2180 725 ad
2196 696 2256 726 Se-

1252 742 1325 772 dem
1342 743 1563 780 Apostolicam
1580 744 1788 777 remittendo,
1808 753 1882 773 cum
1898 745 1981 774 illud
1999 746 2038 775 ad
2056 756 2114 776 nos
2129 747 2255 777 remitti

1253 795 1438 831 contigerit,
1463 804 1596 825 causam
1618 796 1724 834 ipsam
1751 796 1791 826 ad
1812 801 1958 826 nostram
1980 799 2183 836 presentiam
2202 808 2257 830 re-

1254 846 1393 876 mittatis
1432 847 1634 877 sufficienter
1669 848 1882 883 instructam,
1920 850 2118 887 prefigentes
2158 851 2256 889 parti—

1254 899 1316 928 bus
1333 903 1406 933 etc,
1424 908 1530 937 usque
1549 909 1554 928 :
1573 904 1761 938 rccepture;
1787 910 1850 929 non
1872 901 2023 931 obstante
2048 902 2257 941 indulgentia

1256 960 1353 989 quam
1381 951 1481 980 iidem
1507 952 1625 981 fratres
1652 952 1772 981 hahere
1800 953 1966 988 dicuntur,
1998 958 2033 983 ut
2061 954 2146 984 ultra
2175 955 2256 985 duas

1256 1003 1360 1033 dietas
1380 1012 1398 1032 a
1413 1004 1507 1033 domo
1524 1012 1635 1033 eorum
1656 1005 1769 1034 Fontis
1787 1004 1991 1035 Clericorum
2007 1007 2257 1044 Londonien[si]

1257 1064 1322 1085 non
1340 1056 1467 1094 possint
1485 1056 1523 1085 ad
1537 1056 1698 1095 judicium
1719 1058 1908 1086 evocari—.
1928 1059 1999 1087 Dat.
2018 1059 2171 1095 vum-bii,
2190 1061 2258 1090 1111

1256 1107 1415 1137 kalendas
1432 1108 1522 1142 maii,
1543 1117 1628 1138 anno
1645 1109 1783 1138 decimo.
1806 1121 1819 1135 »

1327 1298 1446 1325 3124
1848 1298 1985 1331 Vitcrbe,
2001 1299 2017 1325 2
2034 1300 2093 1326 mai
2110 1300 2188 1327 1236.

1292 1359 1436 1393 Episcopo
1449 1362 1478 1385 et
1498 1359 1627 1393 capitulo
1644 1359 1872 1386 Pataviensibus
1894 1360 2015 1386 mandat
2037 1364 2181 1394 quatenus
2197 1362 2259 1395 qui-

1257 1408 1380 1435 busdam
1398 1407 1609 1434 mercatoribus
1621 1428 1627 1439 ,
1644 1416 1659 1433 a
1676 1407 1797 1441 quibus,
1815 1416 1865 1441 pro
1879 1408 2007 1442 ipsorum
2025 1410 2165 1436 ecclesiae
2181 1410 2261 1436 debi-

1258 1457 1312 1489 tis,
1328 1454 1480 1490 L'l[1·icus],
1496 1455 1684 1482 Pataviensis
1703 1456 1871 1488 canonicus,
1887 1459 1915 1483 et
1929 1455 2100 1491 [Athones]
2119 1458 2261 1491 plebanus

1258 1505 1398 1532 ecclesiae
1412 1504 1593 1531 Viennensis
1608 1504 1639 1530 in
1656 1512 1771 1531 carcerc
1786 1505 1862 1538 apud
1882 1505 1973 1531 Senas
1989 1506 2209 1538 detinebantur,
2226 1507 2261 1533 dc

1258 1553 1384 1587 pecunia
1404 1553 1445 1578 eis
1466 1552 1565 1579 debita
1583 1552 1785 1584 satisfaciant,
1802 1553 1850 1579 vel
1871 1553 2031 1586 apostolico
2047 1555 2215 1588 conspectui
2232 1564 2261 1581 sc

1258 1604 1461 1636 praesentent,
1489 1600 1595 1627 facturi
1621 1600 1731 1627 eisdem
1761 1601 1972 1628 mercatoribus
1993 1610 2079 1635 super
2104 1603 2160 1634 his,
2186 1603 2261 1636 quud

1258 1649 1422 1684 poposcerit
1447 1648 1516 1675 ordo
1544 1648 1678 1675 rationis.
1707 1663 1738 1666 —
1762 1649 1852 1680 (ΗΕΘ.
1880 1648 1927 1681 18,
1950 1650 1970 1675 f.
1991 1649 2044 1676 150
2063 1653 2102 1682 r⁰;
2127 1658 2196 1676 ann.
2218 1651 2261 1678 X.

1259 1707 1283 1725 c.
1300 1698 1351 1730 573
1369 1712 1400 1716 -
1422 1698 1459 1723 ci.
1477 1704 1572 1730 supra,
1590 1700 1619 1723 n⁰
1634 1697 1727 1728 2990.)

1301 1811 1313 1824 κ
1330 1821 1348 1826 ..
1367 1798 1500 1835 episcopo
1516 1802 1542 1826 et
1557 1798 1692 1834 capitulo
1708 1798 1948 1826 Palaciensibns.
1967 1798 2168 1828 Erubesccre
2183 1799 2263 1829 satis

1260 1850 1397 1888 potestis
1415 1849 1518 1888 quod,
1538 1858 1575 1879 ex
1592 1858 1628 1878 eo
1648 1849 1751 1887 quod,
1773 1859 1830 1887 pro
1847 1850 1985 1879 ecclesie
2004 1855 2111 1880 vestre
2129 1851 2262 1886 debitis,

1261 1902 1373 1932 dilecti
1395 1901 1458 1930 filii
1476 1900 1648 1939 Ul[ricus]‚
1668 1902 1877 1931 Pataviensis
1894 1902 2089 1937 canonicus,
2108 1907 2138 1932 et
2157 1926 2176 1931 ..
2193 1903 2264 1941 ple-

1261 1954 1367 1984 banus
1386 1953 1525 1984 ecclesie
1544 1953 1749 1983 Viennensis
1776 1954 1861 1992 apud
1887 1955 1990 1984 Senas
2015 1964 2033 1983 a
2064 1954 2264 1993 quibusdam

1261 2006 1501 2036 mercatoribus
1516 2006 1552 2034 in
1569 2014 1699 2035 carcere
1717 2010 1807 2035 tanto
1824 2011 1967 2044 tempore
1984 2007 2185 2043 detinentur,
2203 2016 2263 2037 nec

1262 2060 1302 2089 ad
1318 2059 1551 2089 liberationem
1567 2059 1732 2096 ipsorum,
1750 2063 1846 2097 prout
1863 2059 2017 2089 decuerat
2035 2064 2065 2089 et
2082 2060 2262 2096 tenemini,

1263 2113 1442 2142 efficaciter
1458 2112 1618 2141 hactenus
1637 2111 1812 2141 laborastis
1827 2123 1833 2147 ;
1854 2112 1934 2150 quin
1950 2113 2070 2151 potius,
2089 2121 2174 2148 cum,
2191 2117 2266 2151 post

1262 2164 1384 2194 multas
1399 2164 1528 2194 litteras
1543 2163 1739 2202 apostolicas
1756 2172 1854 2202 super
1868 2164 1929 2194 hoc
1945 2165 1985 2194 ab
2002 2165 2127 2195 eisdem
2141 2174 2266 2195 merca-

1264 2218 1390 2247 toribus
1414 2217 1621 2255 impetratas,
1650 2217 1833 2247 venerabili
1856 2218 1952 2247 fratri
1975 2222 2088 2247 nostro
2115 2241 2135 2247 ..
2164 2218 2266 2248 Muti-

1263 2270 1360 2300 nensi
1383 2270 1535 2308 episcopo
1560 2269 1828 2299 mandaverimus
1850 2269 1936 2307 quod
1956 2269 2007 2299 vel
2027 2270 2266 2300 satisfaceretis

1264 2323 1302 2352 de
1320 2323 1449 2360 prefata
1469 2322 1626 2360 pecunia,
1646 2322 1699 2351 vel
1725 2322 1764 2351 ad
1787 2326 1935 2351 nostram
1951 2323 2110 2352 veniretis
2129 2331 2266 2361 presen-

1262 2375 1360 2409 tiam,
1385 2374 1565 2404 exhibituri
1591 2374 1638 2404 eis
1665 2374 1796 2412 justitie
1820 2374 2114 2412 complementum,
2147 2379 2178 2404 et
2204 2375 2265 2405 hoc

1264 2427 1356 2457 vobis
1373 2431 1573 2457 memoratus
1586 2427 1758 2464 episcopus
1775 2426 1985 2465 injunxisset,
1999 2436 2066 2462 vos,
2077 2432 2186 2465 preter
2201 2427 2267 2457 alia,

1264 2489 1327 2518 que
1351 2480 1387 2508 in
1412 2479 1657 2517 subterfugium
1675 2479 1906 2517 pretendistis,
1926 2484 2112 2509 asserentes
2130 2480 2265 2509 nuntios

1264 2532 1305 2562 ad
1323 2536 1469 2562 nostram
1483 2532 1686 2569 presentiam
1702 2540 1759 2560 vos
1775 2531 1919 2565 misisse,
1942 2540 1981 2561 ne
2003 2531 2203 2569 procederet,
2225 2532 2266 2561 ad

1264 2593 1342 2620 nos,
1372 2585 1458 2614 sicut
1485 2584 1728 2618 intelleximus,
1754 2583 1955 2621 appellastis.
1976 2583 2134 2613 Nolentes
2162 2583 2266 2621 igitur

1264 2637 1442 2671 sustinere,
1460 2636 1559 2666 sicuti
1576 2636 1676 2665 etiam
1694 2644 1758 2665 non
1776 2635 1943 2670 debemus,
1963 2639 1997 2664 ut
2010 2636 2150 2673 predicti
2166 2644 2265 2665 cano-

1264 2689 1360 2719 nicus
1377 2693 1408 2718 et
1422 2688 1583 2727 plebanus
1606 2687 1668 2717 hac
1686 2687 1858 2717 occasione
1874 2686 1999 2716 diutius
2016 2686 2168 2725 squalore
2193 2696 2265 2716 car-

1264 2742 1349 2772 ceris
1367 2745 1586 2775 macerentur,
1601 2748 1675 2769 cum
1690 2739 1865 2776 indignum
1881 2739 1924 2768 sit
1939 2742 1975 2767 ut
1991 2747 2053 2776 que
2067 2747 2132 2768 non
2145 2747 2264 2776 rapue-

1263 2798 1356 2829 runt,
1378 2793 1546 2828 exolvant,
1570 2791 1709 2821 firmiter
1733 2790 1944 2829 precipiendo
1966 2790 2161 2820 mandamus
2182 2799 2265 2829 qua-

1264 2850 1362 2876 tenus
1385 2854 1491 2884 usque
1509 2845 1550 2874 ad
1565 2845 1686 2874 festum
1705 2843 1793 2872 beati
1814 2841 1988 2872 Michaelis
2003 2842 2152 2880 proximo
2176 2850 2266 2872 nunc

1263 2899 1424 2933 futurum,
1441 2897 1527 2936 quod
1543 2896 1635 2926 vobis
1652 2895 1830 2925 terminum
1845 2894 2101 2932 peremptorium
2118 2894 2265 2932 assigna·

1264 2959 1350 2986 mus,
1369 2949 1422 2980 vel
1434 2949 1590 2988 predictis
1606 2947 1844 2978 mercatoribus
1861 2946 1899 2976 de
1915 2946 2056 2985 pecunia
2071 2946 2119 2976 eis
2135 2946 2262 2982 debita,
