2423 3487
229 293 284 320 457
951 286 1188 317 REGISTRES
1211 285 1266 314 DE
1289 278 1510 316 GREGOIRE
1534 287 1592 316 ix.
2263 287 2321 318 488

229 358 355 385 dimano
381 355 544 383 Berlfest'ric·
565 359 589 381 el
612 355 758 389 1110915111)
781 354 939 382 Clementi.
960 354 1107 382 canonico
1127 354 1232 380 Saros—

229 409 368 436 lwrirusi.
387 406 535 436 Inuoluit
555 406 649 434 nobis
667 407 703 435 R.
724 423 770 434 -.
791 406 863 434 Dat.
883 406 994 436 Reate.
1015 406 1058 435 Vt
1073 405 1231 433 kalendas

229 461 381 490 octobris.
401 459 610 497 pontificatus
630 459 732 487 nostri
753 467 839 487 anno
858 458 994 487 decimo.
1019 470 1030 483 >i

298 644 413 671 3342
789 642 884 671 Rioti,
902 641 935 667 10
950 641 1065 668 octobre
1081 642 1159 667 1236.

262 705 427 732 Abbatibus
439 705 578 731 Fuleardi
591 704 713 733 Montis,
728 704 830 730 Sancti
845 704 960 730 Bertini
976 707 1003 730 ct
1017 704 1118 731 Sancti
1132 704 1232 731 Virto-

228 755 277 785 ris,
298 753 551 786 ltotbomagensis,
569 752 749 778 Ἀθη-10011515
762 755 787 778 et
804 752 982 778 Parisiensis
996 752 1186 782 dioecesium,
1200 767 1230 770 —

228 803 369 830 electione
383 810 400 828 a
413 801 587 835 quibusdan]
603 801 638 826 de
653 800 874 834 Christopltoro,
889 809 905 826 a
922 801 1097 834 quibusdam
1113 801 1147 827 de
1160 801 1231 827 Ber-

228 852 331 883 11311111,
350 849 519 876 monasterii
541 849 642 875 Sancti
658 848 780 874 vedasti
795 848 1000 875 Atrebateusis
1017 849 1185 881 monachis,
1200 849 1231 875 in

227 900 357 933 ejusdem
376 897 546 924 monasterii
564 897 699 924 abbatem
717 897 874 927 celebrata,
893 906 948 923 non
965 905 1166 931 personarum,
1182 898 1231 924 sed

227 956 376 982 processus
388 947 461 973 vitio
475 949 598 978 cassata‚
610 961 640 963 —
652 946 772 972 mandat
786 948 930 979 quatenus
945 946 1121 972 monasterio
1135 946 1230 972 01110111

226 998 260 1024 de
277 1005 396 1031 persona
413 996 516 1022 idonea
531 995 715 1029 provideant.
734 1009 765 1012 —
783 995 869 1026 (nm.
887 994 930 1027 18,
947 995 966 1021 f.
982 995 1033 1021 195
1046 998 1089 1027 v⁰;
1110 1004 1178 1022 anu.
1192 995 1231 1027 X,

226 1055 250 1072 c.
265 1046 331 1077 236;
350 1060 380 1062 -
396 1045 552 1071 POTTHAST
567 1044 664 1075 10254,
681 1043 800 1075 fmym.)

268 1159 280 1173 «
309 1169 327 1174 ..
350 1146 496 1174 Fulcardt
517 1146 637 1179 Montis,
663 1146 869 1173 Cisterclensis
890 1145 1025 1179 ordinis,
1047 1150 1110 1174 et..
1129 1146 1234 1174 Sancti

227 1200 345 1228 Bertini
361 1204 387 1227 et
406 1222 425 1227 ..
443 1199 550 1228 Sancti
570 1199 695 1227 Victoris
712 1199 879 1231 abbatibus,
899 1199 1156 1235 Rolhomayensis,
1176 1199 1233 1227 Pa-

224 1254 365 1281 risiensis
391 1257 416 1280 et
443 1252 624 1280 florinensis
656 1251 818 1280 diocesani.
853 1251 999 1280 Vacante
1032 1251 1234 1280 monasterio

225 1305 338 1335 Sancti
352 1304 487 1334 Vedasti
503 1303 745 1333 Atrebatensis.
760 1303 846 1342 quod
859 1303 897 1333 ad
910 1303 1075 1333 nosnullo
1091 1304 1235 1341 pertinet

224 1357 405 1392 mediante,
439 1366 476 1385 ac
506 1356 591 1385 votis
621 1355 874 1391 monachorum,
905 1365 979 1385 cum
1009 1356 1170 1386 haberent
1195 1357 1234 1386 de

224 1410 354 1440 abbatis
370 1409 476 1439 futuri
494 1409 731 1439 substitutione
749 1413 936 1443 tractatum,
955 1409 989 1438 in
1006 1409 1137 1439 diversa
1154 1410 1234 1439 divi-

225 1464 283 1494 sis.
303 1463 437 1502 quidam
454 1462 488 1491 in
505 1461 751 1492 Chi-istotorum
769 1466 799 1491 et
814 1462 948 1500 quidam
962 1462 996 1491 in
1014 1463 1232 1501 Bernardum,

225 1516 374 1556 ejusdem
397 1515 592 1545 monasterii
609 1514 803 1550 monachos,
826 1515 860 1543 in
877 1515 1039 1545 scrutinio
1056 1524 1235 1545 consense-

224 1573 312 1599 runt.
338 1569 421 1599 Cum
445 1572 570 1600 autem,
595 1567 761 1605 publicato
780 1568 942 1597 scrutinio
964 1572 995 1597 et
1015 1567 1235 1598 electionibus

225 1623 263 1653 de
278 1622 450 1652 monachis
467 1621 549 1659 ipsis
567 1621 674 1656 factis,
693 1625 922 1659 procuratores
942 1622 1085 1659 partium
1104 1627 1236 1660 propter

225 1676 286 1705 hoc
304 1676 343 1705 ad
362 1675 480 1705 Sedem
495 1674 719 1712 Apostolicam
738 1674 972 1709 accessissent,
992 1683 1051 1704 nos
1070 1674 1118 1704 eis
1135 1684 1235 1705 vene-

225 1727 365 1757 rabilem
394 1727 531 1756 fratrem
559 1730 709 1755 nostrum
740 1749 759 1754 ..
794 1726 1014 1756 Sabinensem
1044 1727 1235 1765 episcopum

225 1779 451 1810 concessimus
469 1778 651 1808 auditorem
666 1788 671 1808 :
690 1787 797 1808 coram
816 1787 879 1817 quo
893 1778 1071 1816 diligenter
1087 1779 1234 1817 ipsorum

225 1833 412 1863 examinato
429 1840 599 1869 processu,
624 1832 785 1870 nobisque
803 1841 839 1861 ac
861 1832 1020 1861 fratribus
1038 1833 1161 1862 nostris
1177 1842 1235 1871 per

226 1885 367 1915 eundem
381 1884 565 1914 auditorem
582 1893 644 1922 que
657 1884 796 1918 invenit,
816 1884 958 1914 fideliter
971 1885 1130 1919 recitatis,
1149 1885 1235 1915 elec-

225 1938 349 1968 tionem
362 1941 547 1975 utramque,
562 1945 626 1965 non
640 1945 868 1974 personarum,
884 1937 941 1966 sed
952 1946 1127 1975 processus
1140 1938 1232 1973 vitio,

222 1989 355 2029 justitia
378 1989 584 2018 cassavimus
608 1989 774 2026 exigente,
800 1989 894 2018 nobis
916 1989 1106 2027 provisione
1128 1990 1234 2028 ipsius

225 2042 419 2072 monasterii
440 2047 618 2072 reservata.
636 2042 722 2078 Quia
740 2051 815 2072 vero
832 2042 871 2072 de
887 2047 995 2073 vestre
1014 2043 1235 2082 circumspec-

225 2096 326 2125 tionis
341 2095 517 2133 prudentia
527 2095 657 2133 plenam
669 2095 702 2124 in
717 2095 857 2125 Domino
869 2096 1022 2125 fiduciam
1033 2096 1233 2131 obtinemus,

226 2149 422 2178 mandamus
442 2153 617 2186 quatenus,
637 2148 676 2177 ad
693 2149 932 2178 monasterium
949 2149 1057 2186 ipsum
1077 2159 1235 2187 persona-

225 2201 302 2231 liter
322 2201 514 2230 accedentes
536 2205 567 2230 et
588 2201 748 2231 babentes
773 2210 829 2239 pre
855 2201 960 2231 oculis
984 2202 1090 2232 solum
1115 2204 1232 2239 Deum,

225 2254 428 2284 monasterio
444 2254 645 2291 provideatis
667 2254 774 2283 eidem
798 2254 836 2284 de
858 2263 999 2292 persona
1014 2255 1144 2288 idonea,
1164 2256 1234 2286 vice

226 2311 356 2341 nostra,
385 2311 416 2336 et
438 2306 570 2336 faciatis
595 2307 624 2336 ei
649 2307 687 2336 de
711 2316 774 2345 quo
798 2307 1036 2345 providendum
1060 2308 1232 2343 duxeritis,

225 2360 449 2390 obedientiam
468 2364 499 2389 et
522 2360 742 2389 reverentiam
765 2360 915 2390 exhiberi
941 2369 977 2390 ac
993 2370 1114 2391 munus
1134 2361 1235 2392 bene-

225 2412 381 2442 dictionis
400 2412 566 2450 impendi3
583 2412 842 2442 contradictores
853 2417 926 2447 etc.,
945 2423 1051 2452 usque
1067 2424 1072 2442 :
1087 2423 1235 2452 compes-

226 2465 328 2495 cendo
341 2476 346 2500 ;
361 2465 525 2503 recepturi
542 2465 582 2494 ab
595 2474 631 2495 eo
643 2466 851 2503 postmodum
865 2475 922 2504 pro
935 2467 1030 2496 nobis
1043 2471 1074 2497 et
1086 2468 1236 2498 Romana

226 2518 375 2548 Ecclesia
400 2518 571 2548 fidelitatis
595 2518 691 2548 solite
711 2519 957 2557 juramentum,
979 2520 1072 2558 juxta
1095 2521 1235 2550 sormam

227 2580 327 2610 quam
356 2571 447 2601 vobis
474 2571 534 2601 sub
562 2571 653 2601 bulla
679 2576 789 2601 nostra
818 2572 982 2602 mittimus
1005 2573 1234 2603 interclusam.

227 2625 380 2654 Formam
404 2628 513 2654 autem
533 2624 716 2662 juramenti
739 2625 826 2663 quod
848 2625 918 2663 ipse
942 2626 1117 2663 prestabit,
1140 2627 1235 2656 nobis

227 2676 266 2706 de
285 2676 384 2706 verbo
403 2676 443 2705 ad
459 2676 597 2706 verbum
612 2685 670 2714 per
686 2677 833 2716 ejusdem
850 2682 1000 2715 patentes
1015 2677 1155 2714 litteras,
1176 2688 1236 2709 suo

226 2728 337 2766 sigillo
367 2729 533 2766 signatas,
561 2737 619 2766 per
645 2729 815 2767 proprium
845 2730 1000 2759 nuntium
1028 2732 1236 2769 quamtocius

227 2781 419 2816 destinetis;
442 2780 541 2811 talem
559 2781 593 2810 in
611 2782 800 2820 provisione
816 2782 1008 2821 hujusmodi
1027 2782 1237 2821 diligentiam

227 2833 441 2869 adhibentes,
461 2834 547 2872 quod
563 2834 598 2863 in
615 2834 667 2864 die
684 2835 827 2864 districti
844 2835 1006 2865 examinis
1025 2835 1142 2866 exinde
1161 2846 1237 2875 pos-

227 2886 302 2916 sitis
325 2886 462 2916 reddere
485 2886 660 2917 rationem.
683 2887 776 2924 Quod
799 2887 828 2918 si
850 2897 916 2918 non
939 2896 1053 2918 omnes
1075 2893 1136 2918 etc.
1161 2890 1235 2919 Dat.

227 2939 341 2973 Reate.
358 2940 404 2969 VI
420 2939 495 2969 idus
514 2939 670 2976 octobris,
689 2949 776 2970 anno
792 2940 930 2970 decimo.
951 2952 963 2967 n

1385 353 1503 380 3343
1896 354 1989 386 Rieti,
2006 353 2022 380 8
2038 354 2153 381 octobre
2168 354 2246 381 1236.

1350 416 1467 441 Des-ano
1496 415 1622 441 Sanctae
1652 414 1826 448 'Walburgis
1858 414 2036 446 Furnensis,
2067 417 2185 448 petente
2213 415 2319 443 abbate

1315 463 1418 490 Sancti
1440 464 1572 495 Bertini,
1591 463 1711 490 mandat
1731 466 1875 497 quatenus
1897 463 2055 497 quamdam
2079 463 2231 490 interdicti
2251 472 2320 491 sen-

1314 512 1455 543 tentiam,
1473 520 1560 545 quam
1578 511 1667 538 abbas
1687 511 1789 537 Sancti
1806 510 1944 544 Dionysii
1967 511 2121 537 Reniensis
2137 514 2164 538 et
2180 511 2242 544 ejus
2258 513 2320 538 col-

1314 561 1408 593 legae,
1430 560 1582 586 occasione
1602 562 1780 586 statutorum
1802 559 1948 586 editorum
1967 568 1984 585 a
2009 567 2083 593 papa
2104 567 2155 593 pro
2177 560 2320 587 reforma-

1313 610 1393 636 tione
1408 609 1521 635 ordinis
1538 607 1646 643 [Nigri]
1664 611 1691 635 et
1707 608 1895 635 observantia
1911 608 2048 641 regulari,
2066 610 2130 642 post
2144 608 2320 642 appellatio-

1315 666 1382 683 nem
1407 657 1571 690 legitimam
1599 657 1634 683 ad
1664 656 1770 683 Sedent
1795 656 2008 690 Apostolicam,
2035 654 2077 690 [in
2108 657 2318 684 monasterium

1315 706 1419 733 Sancti
1436 704 1563 739 Bertini]
1579 714 1585 729 1
1603 706 1797 740 protulerant,
1815 706 1936 732 relaxet.
1955 720 1985 722 —
2001 706 2087 737 (nm.
2109 705 2156 737 18,
2175 706 2194 732 f.
2212 705 2262 733 196
2278 709 2316 739 r⁰;

1314 763 1383 781 ann.
1402 756 1440 787 X,
1455 763 1479 781 0.
1497 755 1571 785 237.)

1356 861 1368 875 11
1399 872 1418 877 ..
1445 850 1556 878 decano
1578 850 1686 877 Sancte
1714 848 1908 886 tt'alln·ugy[is]
1933 848 2113 882 Fut-nensis,
2141 849 2322 877 Morinensis

1313 903 1447 931 diocesis.
1467 902 1561 936 Cum,
1581 902 1665 931 sicut
1683 910 1720 930 ex
1736 918 1784 929 ——.
1803 901 1876 930 Dat.
1897 901 2015 934 Reate,
2035 901 2116 930 VIII
2133 900 2207 930 idus
2228 904 2320 930 octo—

1313 955 1394 989 bris,
1416 963 1502 984 anno
1521 954 1658 984 decimo.
1680 966 1692 979 »

1387 1119 1504 1147 3:344

1352 1182 1425 1215 Regi
1442 1182 1589 1209 Castellae
1602 1183 1630 1208 et
1649 1181 1786 1215 Legionis
1807 1181 1941 1214 indulget
1955 1183 1987 1207 ut
2004 1181 2103 1206 nullus
2119 1180 2150 1207 in
2167 1188 2321 1214 personam

1316 1231 1378 1264 ejus
1403 1229 1722 1256 exconununicationis
1742 1229 1921 1256 sententiani
1944 1229 2128 1262 promulgare
2142 1231 2322 1263 praesumat,

1315 1280 1424 1313 absque
1454 1279 1577 1306 licentia
1607 1279 1692 1305 Sedis
1721 1278 1909 1312 Apostolicae
1939 1278 2071 1312 speciali.
2101 1293 2132 1296 -
2163 1278 2248 1309 (REG.
2272 1277 2321 1312 18,

1316 1329 1336 1355 f.
1359 1328 1409 1354 196
1430 1331 1468 1360 r⁰;
1490 1336 1559 1354 ann.
1577 1328 1621 1360 X,
1639 1336 1663 1354 c.
1685 1327 1760 1358 238.)

1880 1118 1971 1150 Rieti,
1988 1118 2022 1144 10
2037 1117 2153 1144 octobre
2171 1117 2249 1144 1236.

1359 1436 1371 1449 κ
1392 1446 1411 1451 ,.
1430 1423 1548 1451 illustri
1565 1423 1629 1460 regi
1645 1422 1767 1451 Castelle
1784 1426 1809 1450 et
1822 1422 1970 1458 Leyiouis.
1986 1420 2072 1457 Quia
2088 1420 2208 1458 dignus
2222 1428 2256 1450 es
2272 1437 2319 1449 —.

1315 1476 1388 1505 Dat.
1407 1476 1521 1510 Reate,
1541 1476 1586 1505 VI
1603 1474 1677 1504 idus
1695 1474 1849 1508 octobris,
1868 1482 1954 1503 anno
1971 1473 2107 1503 decimo.
2129 1484 2142 1499 »

1387 1648 1505 1676 3345
1888 1646 1978 1679 Rieti,
1996 1646 2030 1673 10
2043 1645 2159 1673 octobre
2172 1645 2251 1673 1236.

1352 1709 1482 1743 Reginae
1498 1709 1646 1736 Castellae
1661 1711 1689 1735 et
1705 1708 1843 1742 Legionis
1863 1708 1994 1735 similem
2013 1707 2232 1741 indulgentiam
2251 1707 2324 1734 mit-

1315 1759 1353 1785 tit
1382 1758 1417 1784 de
1444 1757 1753 1784 excommunicatione
1777 1757 1809 1783 in
1838 1757 1933 1791 ipsam
1958 1765 2015 1782 non
2042 1756 2266 1790 promulganda.
2289 1770 2323 1774 —

1315 1807 1402 1838 (ΗΕΘ.
1419 1806 1463 1839 18,
1479 1808 1499 1833 f.
1515 1806 1566 1833 196
1580 1810 1620 1838 r⁰,·
1638 1814 1707 1833 ann.
1725 1806 1764 1837 X,
1782 1814 1806 1832 c.
1823 1805 1899 1836 239)

1357 1914 1369 1927 «
1394 1924 1415 1929 ..
1440 1902 1558 1930 illustri
1582 1902 1685 1938 reqine
1703 1901 1826 1930 Castelle
1845 1905 1870 1928 ct
1893 1900 2042 1937 Leyionis,
2065 1899 2150 1936 Quia
2171 1899 2270 1936 digna
2287 1907 2323 1929 es

1314 1973 1363 1983 —.
1381 1956 1455 1984 Dat.
1473 1959 1509 1984 ut
1525 1963 1635 1992 supra.
1654 1966 1666 1980 »

1386 2119 1504 2147 3346

1352 2182 1512 2210 Coronensi
1535 2185 1564 2209 et
1589 2182 1751 2208 Helenensi
1775 2181 1877 2208 electis
1896 2181 2018 2207 mandat
2039 2182 2184 2214 quatenus
2204 2187 2322 2207 causam

1316 2231 1394 2258 inter
1407 2230 1577 2265 episcopum
1595 2230 1790 2262 Olenensem,
1808 2237 1843 2255 ex
1864 2231 1946 2262 parte
1965 2237 2038 2261 una,
2056 2231 2084 2255 et
2100 2228 2276 2261 magistrum
2294 2228 2324 2254 et

1316 2281 1421 2307 fratres
1438 2279 1593 2314 hospitalis
1606 2278 1812 2311 ΛΜΗ-0111130,
1828 2277 1986 2305 Olenensis
2000 2277 2153 2309 dioecesis,
2168 2285 2203 2304 ex
2219 2277 2322 2309 altera,

1315 2337 1402 2362 super
1421 2328 1536 2362 juribus
1553 2327 1769 2361 episcopalibus
1786 2330 1813 2353 et
1836 2326 1904 2353 aliis
1924 2325 2060 2353 articulis
2076 2327 2224 2357 exortam,
2243 2323 2324 2352 deci-

1316 2377 1405 2409 dant;
1435 2376 1568 2410 alioquin
1598 2376 1694 2410 ipsam
1724 2375 1904 2402 sufficienter
1928 2375 2105 2401 instructam
2133 2374 2170 2401 ad
2199 2380 2323 2400 examen

1316 2425 1510 2459 apostolicum
1528 2423 1693 2451 remittant.
1712 2438 1743 2441 —
1758 2424 1845 2456 (Rea.
1863 2422 1906 2456 18,
1921 2423 1940 2449 f.
1956 2422 2007 2449 196
2021 2425 2058 2454 1ος
2073 2430 2142 2449 ann.
2157 2421 2198 2455 X,
2212 2430 2237 2448 c.
2249 2420 2325 2452 240.)

1836 2118 1927 2151 Rieti,
1944 2117 1978 2144 26
1994 2117 2160 2152 septembre
2172 2116 2252 2144 1236.

1359 2538 1372 2552 «
1392 2549 1411 2554 ..
1432 2525 1595 2555 Coronensi
1611 2530 1636 2554 et
1657 2546 1676 2553 ..
1697 2525 1855 2553 Helenenst
1871 2524 1978 2552 electis.
1995 2523 2086 2552 Inter
2102 2520 2325 2552 venerabilem

1317 2579 1455 2608 fratrem
1482 2582 1633 2607 nostrum
1661 2600 1678 2606 ..
1703 2576 1893 2615 episcopum
1921 2575 2136 2610 Olenensem,
2164 2583 2202 2604 ex
2233 2576 2326 2612 parte

1317 2640 1395 2666 una,
1414 2635 1482 2660 et..
1505 2630 1701 2668 magistrum
1725 2634 1756 2659 et
1780 2629 1899 2658 fratres
1922 2627 2099 2665 hospitalis
2121 2625 2325 2661 Andreville,

1317 2683 1495 2713 Olenensis
1511 2682 1664 2718 diocesis,
1683 2690 1721 2712 ex
1737 2681 1850 2716 altera,
1871 2690 1970 2718 super
1982 2680 2116 2719 juribus
2133 2677 2327 2718 episcopali-

1317 2735 1379 2765 bus
1397 2740 1428 2766 et
1446 2735 1647 2774 quibusdam
1663 2734 1739 2764 aliis
1755 2733 1905 2763 articulis
1928 2737 1999 2762 orta
2020 2731 2160 2762 materia
2178 2729 2325 2770 questio-

1318 2788 1387 2823 nis,
1410 2787 1680 2826 procuratoribus
1703 2786 1848 2825 partium
1869 2789 2001 2824 propter
2027 2784 2090 2814 hoc
2106 2783 2193 2822 apud
2209 2782 2326 2814 Sedem

1351 2907 1371 2930 t.
1394 2906 1446 2930 Les
1466 2906 1568 2937 parties
1587 2908 1664 2930 entre
1685 2904 1810 2928 (ιι-0011015
1832 2904 1841 2935 [
1858 2904 1865 2934 ]
1887 2906 1936 2928 ont
1954 2903 1996 2927 ete
2020 2901 2166 2926 11151111ιὸ05
2188 2908 2237 2933 par
2257 2905 2326 2925 con-

1315 2951 1432 2981 jecturo.
