<?xml version="1.0" encoding="UTF-8"?>
<!DOCTYPE html PUBLIC "-//W3C//DTD XHTML 1.0 Transitional//EN"
    "http://www.w3.org/TR/xhtml1/DTD/xhtml1-transitional.dtd">
<html xmlns="http://www.w3.org/1999/xhtml" xml:lang="en" lang="en">
 <head>
  <title>
</title>
<meta http-equiv="Content-Type" content="text/html;charset=utf-8" />
  <meta name='ocr-system' content='tesseract 3.04.00' />
  <meta name='ocr-capabilities' content='ocr_page ocr_carea ocr_par ocr_line ocrx_word'/>
</head>
<body>
  <div class='ocr_page' id='page_1' title='image "./lesregistresdale02cathuoft_0033.png"; bbox 0 0 2519 3518; ppageno 0'>
   <div class='ocr_carea' id='block_1_1' title="bbox 0 3497 86 3518">
    <p class='ocr_par' dir='ltr' id='par_1_1' title="bbox 0 3497 86 3518">
     <span class='ocr_line' id='line_1_1' title="bbox 0 3497 86 3518; baseline 0 0"><span class='ocrx_word' id='word_1_1' title='bbox 0 3497 53 3518; x_wconf 62' lang='lat'>2⁶41</span> <span class='ocrx_word' id='word_1_2' title='bbox 76 3508 86 3518; x_wconf 89' lang='lat'>.-</span> 
     </span>
    </p>
   </div>
   <div class='ocr_carea' id='block_1_2' title="bbox 149 278 2235 321">
    <p class='ocr_par' dir='ltr' id='par_1_2' title="bbox 149 278 2235 321">
     <span class='ocr_line' id='line_1_2' title="bbox 149 278 2235 321; baseline -0.001 -4"><span class='ocrx_word' id='word_1_3' title='bbox 149 285 190 317; x_wconf 85' lang='lat'>37</span> <span class='ocrx_word' id='word_1_4' title='bbox 989 278 1216 317; x_wconf 69' lang='lat' dir='ltr'>NEL‘VOEME</span> <span class='ocrx_word' id='word_1_5' title='bbox 1238 278 1396 316; x_wconf 78' lang='lat' dir='ltr'>ANNEE.</span> <span class='ocrx_word' id='word_1_6' title='bbox 2197 291 2235 321; x_wconf 66' lang='lat'>38</span> 
     </span>
    </p>
   </div>
   <div class='ocr_carea' id='block_1_3' title="bbox 149 351 1150 438">
    <p class='ocr_par' dir='ltr' id='par_1_3' title="bbox 149 351 1150 438">
     <span class='ocr_line' id='line_1_3' title="bbox 150 351 1150 389; baseline -0.002 -8"><span class='ocrx_word' id='word_1_7' title='bbox 150 351 242 389; x_wconf 82' lang='lat' dir='ltr'>copis,</span> <span class='ocrx_word' id='word_1_8' title='bbox 259 351 461 388; x_wconf 51' lang='lat' dir='ltr'>sussrayanc&amp;</span> <span class='ocrx_word' id='word_1_9' title='bbox 476 352 594 380; x_wconf 77' lang='lat' dir='ltr'><em>ecclesie</em></span> <span class='ocrx_word' id='word_1_10' title='bbox 609 351 805 381; x_wconf 82' lang='lat' dir='ltr'>Coloniensis.</span> <span class='ocrx_word' id='word_1_11' title='bbox 824 352 953 382; x_wconf 88' lang='lat' dir='ltr'>Indulte</span> <span class='ocrx_word' id='word_1_12' title='bbox 966 351 1060 382; x_wconf 79' lang='lat' dir='ltr'>nobis</span> <span class='ocrx_word' id='word_1_13' title='bbox 1074 360 1091 380; x_wconf 87' lang='lat' dir='ltr'>a</span> <span class='ocrx_word' id='word_1_14' title='bbox 1102 368 1150 379; x_wconf 94' lang='lat'>—.</span> 
     </span>
     <span class='ocr_line' id='line_1_4' title="bbox 149 401 1023 438; baseline 0 -6"><span class='ocrx_word' id='word_1_15' title='bbox 149 402 225 432; x_wconf 85' lang='lat' dir='ltr'>Dat.</span> <span class='ocrx_word' id='word_1_16' title='bbox 243 402 386 436; x_wconf 79' lang='lat' dir='ltr'>Perusii,</span> <span class='ocrx_word' id='word_1_17' title='bbox 404 402 485 432; x_wconf 84' lang='lat' dir='ltr'>XIII</span> <span class='ocrx_word' id='word_1_18' title='bbox 506 401 664 432; x_wconf 82' lang='lat' dir='ltr'>kalendas</span> <span class='ocrx_word' id='word_1_19' title='bbox 681 403 770 438; x_wconf 83' lang='lat' dir='ltr'>maii,</span> <span class='ocrx_word' id='word_1_20' title='bbox 789 412 875 434; x_wconf 87' lang='lat' dir='ltr'>anno</span> <span class='ocrx_word' id='word_1_21' title='bbox 895 413 991 433; x_wconf 90' lang='lat' dir='ltr'>nono.</span> <span class='ocrx_word' id='word_1_22' title='bbox 1011 416 1023 429; x_wconf 84' lang='lat' dir='ltr'>n</span> 
     </span>
    </p>
   </div>
   <div class='ocr_carea' id='block_1_4' title="bbox 221 597 1081 631">
    <p class='ocr_par' dir='ltr' id='par_1_4' title="bbox 221 597 1081 631">
     <span class='ocr_line' id='line_1_5' title="bbox 221 597 1081 631; baseline 0.001 -6"><span class='ocrx_word' id='word_1_23' title='bbox 221 597 341 625; x_wconf 70' lang='lat'>2523</span> <span class='ocrx_word' id='word_1_24' title='bbox 713 599 848 631; x_wconf 77' lang='lat' dir='ltr'>Perousc,</span> <span class='ocrx_word' id='word_1_25' title='bbox 864 599 895 625; x_wconf 82' lang='lat'>21</span> <span class='ocrx_word' id='word_1_26' title='bbox 913 599 989 625; x_wconf 74' lang='lat' dir='ltr'>avril</span> <span class='ocrx_word' id='word_1_27' title='bbox 1003 599 1081 626; x_wconf 81' lang='lat'>1235.</span> 
     </span>
    </p>
   </div>
   <div class='ocr_carea' id='block_1_5' title="bbox 148 659 1155 1127">
    <p class='ocr_par' dir='ltr' id='par_1_5' title="bbox 148 659 1155 1127">
     <span class='ocr_line' id='line_1_6' title="bbox 188 659 1153 695; baseline 0.001 -9"><span class='ocrx_word' id='word_1_28' title='bbox 188 659 305 686; x_wconf 87' lang='lat' dir='ltr'>Decano</span> <span class='ocrx_word' id='word_1_29' title='bbox 329 663 357 686; x_wconf 93' lang='lat' dir='ltr'>et</span> <span class='ocrx_word' id='word_1_30' title='bbox 377 659 506 694; x_wconf 90' lang='lat' dir='ltr'>capitulo</span> <span class='ocrx_word' id='word_1_31' title='bbox 527 660 776 691; x_wconf 83' lang='lat' dir='ltr'>Bituricensibus,</span> <span class='ocrx_word' id='word_1_32' title='bbox 792 675 823 678; x_wconf 97' lang='lat'><strong>—</strong></span> <span class='ocrx_word' id='word_1_33' title='bbox 845 669 900 686; x_wconf 91' lang='lat' dir='ltr'>non</span> <span class='ocrx_word' id='word_1_34' title='bbox 924 661 1058 688; x_wconf 86' lang='lat' dir='ltr'>obstante</span> <span class='ocrx_word' id='word_1_35' title='bbox 1079 661 1153 695; x_wconf 89' lang='lat' dir='ltr'>quod</span> 
     </span>
     <span class='ocr_line' id='line_1_7' title="bbox 151 707 1155 742; baseline 0.001 -8"><span class='ocrx_word' id='word_1_36' title='bbox 151 707 184 735; x_wconf 89' lang='lat' dir='ltr'>in</span> <span class='ocrx_word' id='word_1_37' title='bbox 207 708 349 734; x_wconf 82' lang='lat' dir='ltr'>electione</span> <span class='ocrx_word' id='word_1_38' title='bbox 371 716 458 742; x_wconf 85' lang='lat' dir='ltr'>quam</span> <span class='ocrx_word' id='word_1_39' title='bbox 481 709 516 735; x_wconf 85' lang='lat' dir='ltr'>dc</span> <span class='ocrx_word' id='word_1_40' title='bbox 540 708 679 742; x_wconf 82' lang='lat' dir='ltr'>magistro</span> <span class='ocrx_word' id='word_1_41' title='bbox 698 708 836 735; x_wconf 87' lang='lat' dir='ltr'>Alberico</span> <span class='ocrx_word' id='word_1_42' title='bbox 862 709 1019 741; x_wconf 56' lang='grc' dir='ltr'><strong>ἵζοι-1111101,</strong></span> <span class='ocrx_word' id='word_1_43' title='bbox 1045 709 1155 736; x_wconf 86' lang='lat' dir='ltr'>decano</span> 
     </span>
     <span class='ocr_line' id='line_1_8' title="bbox 154 755 1152 791; baseline 0 -8"><span class='ocrx_word' id='word_1_44' title='bbox 154 755 256 784; x_wconf 86' lang='lat' dir='ltr'>Sancti</span> <span class='ocrx_word' id='word_1_45' title='bbox 274 756 398 783; x_wconf 86' lang='lat' dir='ltr'>Martini</span> <span class='ocrx_word' id='word_1_46' title='bbox 413 757 605 789; x_wconf 77' lang='lat' dir='ltr'><strong>Turonensis,</strong></span> <span class='ocrx_word' id='word_1_47' title='bbox 622 758 652 784; x_wconf 89' lang='lat' dir='ltr'>iu</span> <span class='ocrx_word' id='word_1_48' title='bbox 670 757 884 784; x_wconf 78' lang='lat' dir='ltr'>Bituricensem</span> <span class='ocrx_word' id='word_1_49' title='bbox 901 757 1152 791; x_wconf 81' lang='lat' dir='ltr'>archiepiscopum</span> 
     </span>
     <span class='ocr_line' id='line_1_9' title="bbox 153 804 1154 839; baseline 0.001 -8"><span class='ocrx_word' id='word_1_50' title='bbox 153 804 389 837; x_wconf 70' lang='lat' dir='ltr'>celebraverant,</span> <span class='ocrx_word' id='word_1_51' title='bbox 415 805 471 839; x_wconf 87' lang='lat' dir='ltr'>ipsi</span> <span class='ocrx_word' id='word_1_52' title='bbox 497 813 588 839; x_wconf 88' lang='lat' dir='ltr'>papae</span> <span class='ocrx_word' id='word_1_53' title='bbox 611 813 660 839; x_wconf 87' lang='lat' dir='ltr'>per</span> <span class='ocrx_word' id='word_1_54' title='bbox 684 805 838 838; x_wconf 78' lang='lat' dir='ltr'>magistros</span> <span class='ocrx_word' id='word_1_55' title='bbox 861 805 1039 837; x_wconf 77' lang='lat' dir='ltr'>Get-ardum,</span> <span class='ocrx_word' id='word_1_56' title='bbox 1061 805 1154 832; x_wconf 84' lang='lat' dir='ltr'>Sanc-</span> 
     </span>
     <span class='ocr_line' id='line_1_10' title="bbox 154 851 1152 887; baseline 0.001 -9"><span class='ocrx_word' id='word_1_57' title='bbox 154 851 230 878; x_wconf 80' lang='lat' dir='ltr'>tium</span> <span class='ocrx_word' id='word_1_58' title='bbox 253 856 282 878; x_wconf 89' lang='lat' dir='ltr'>et</span> <span class='ocrx_word' id='word_1_59' title='bbox 305 852 507 886; x_wconf 76' lang='lat' dir='ltr'>Stephanum,</span> <span class='ocrx_word' id='word_1_60' title='bbox 532 853 732 879; x_wconf 84' lang='lat' dir='ltr'>Bituricenses</span> <span class='ocrx_word' id='word_1_61' title='bbox 756 853 927 885; x_wconf 82' lang='lat' dir='ltr'>canonicos,</span> <span class='ocrx_word' id='word_1_62' title='bbox 951 856 1152 887; x_wconf 85' lang='lat' dir='ltr'>praesentata,</span> 
     </span>
     <span class='ocr_line' id='line_1_11' title="bbox 153 900 1154 935; baseline 0.002 -9"><span class='ocrx_word' id='word_1_63' title='bbox 153 900 278 927; x_wconf 77' lang='lat' dir='ltr'>formam</span> <span class='ocrx_word' id='word_1_64' title='bbox 293 900 437 933; x_wconf 84' lang='lat' dir='ltr'>generalis</span> <span class='ocrx_word' id='word_1_65' title='bbox 451 901 569 927; x_wconf 86' lang='lat' dir='ltr'>concilii</span> <span class='ocrx_word' id='word_1_66' title='bbox 586 909 643 927; x_wconf 91' lang='lat' dir='ltr'>non</span> <span class='ocrx_word' id='word_1_67' title='bbox 657 904 856 933; x_wconf 79' lang='lat' dir='ltr'>servaverant,</span> <span class='ocrx_word' id='word_1_68' title='bbox 871 909 959 935; x_wconf 84' lang='lat' dir='ltr'>quare</span> <span class='ocrx_word' id='word_1_69' title='bbox 972 901 1035 935; x_wconf 89' lang='lat' dir='ltr'>ipsa</span> <span class='ocrx_word' id='word_1_70' title='bbox 1051 901 1154 928; x_wconf 81' lang='lat' dir='ltr'>electio</span> 
     </span>
     <span class='ocr_line' id='line_1_12' title="bbox 151 949 1154 983; baseline 0.001 -8"><span class='ocrx_word' id='word_1_71' title='bbox 151 949 248 975; x_wconf 78' lang='lat' dir='ltr'>fuerat</span> <span class='ocrx_word' id='word_1_72' title='bbox 265 952 392 981; x_wconf 85' lang='lat' dir='ltr'>cassata,</span> <span class='ocrx_word' id='word_1_73' title='bbox 412 963 444 967; x_wconf 98' lang='lat'>—</span> <span class='ocrx_word' id='word_1_74' title='bbox 458 949 592 976; x_wconf 87' lang='lat' dir='ltr'>concedit</span> <span class='ocrx_word' id='word_1_75' title='bbox 606 952 652 982; x_wconf 85' lang='lat' dir='ltr'>ut,</span> <span class='ocrx_word' id='word_1_76' title='bbox 667 950 736 976; x_wconf 87' lang='lat' dir='ltr'>licet</span> <span class='ocrx_word' id='word_1_77' title='bbox 753 949 802 983; x_wconf 86' lang='lat' dir='ltr'>qui</span> <span class='ocrx_word' id='word_1_78' title='bbox 821 953 921 976; x_wconf 82' lang='lat' dir='ltr'>contra</span> <span class='ocrx_word' id='word_1_79' title='bbox 935 950 1059 976; x_wconf 76' lang='lat' dir='ltr'>formam</span> <span class='ocrx_word' id='word_1_80' title='bbox 1075 950 1154 983; x_wconf 84' lang='lat' dir='ltr'>ejus-</span> 
     </span>
     <span class='ocr_line' id='line_1_13' title="bbox 148 996 1153 1031; baseline 0.001 -8"><span class='ocrx_word' id='word_1_81' title='bbox 148 996 215 1023; x_wconf 88' lang='lat' dir='ltr'>dem</span> <span class='ocrx_word' id='word_1_82' title='bbox 230 997 348 1023; x_wconf 88' lang='lat' dir='ltr'>concilii</span> <span class='ocrx_word' id='word_1_83' title='bbox 365 999 512 1023; x_wconf 84' lang='lat' dir='ltr'>attentant</span> <span class='ocrx_word' id='word_1_84' title='bbox 528 997 649 1031; x_wconf 77' lang='lat' dir='ltr'>eligere,</span> <span class='ocrx_word' id='word_1_85' title='bbox 667 998 727 1024; x_wconf 85' lang='lat' dir='ltr'>sint</span> <span class='ocrx_word' id='word_1_86' title='bbox 742 1006 775 1024; x_wconf 85' lang='lat' dir='ltr'>ea</span> <span class='ocrx_word' id='word_1_87' title='bbox 790 998 855 1024; x_wconf 81' lang='lat' dir='ltr'>vice</span> <span class='ocrx_word' id='word_1_88' title='bbox 867 997 995 1030; x_wconf 78' lang='lat' dir='ltr'>eligendi</span> <span class='ocrx_word' id='word_1_89' title='bbox 1012 1000 1153 1031; x_wconf 77' lang='lat' dir='ltr'>potestate</span> 
     </span>
     <span class='ocr_line' id='line_1_14' title="bbox 148 1045 1152 1079; baseline 0.001 -8"><span class='ocrx_word' id='word_1_90' title='bbox 148 1045 305 1079; x_wconf 84' lang='lat' dir='ltr'>privandi,</span> <span class='ocrx_word' id='word_1_91' title='bbox 326 1053 478 1079; x_wconf 87' lang='lat' dir='ltr'>personam</span> <span class='ocrx_word' id='word_1_92' title='bbox 500 1045 634 1072; x_wconf 79' lang='lat' dir='ltr'>idoneam</span> <span class='ocrx_word' id='word_1_93' title='bbox 657 1045 687 1072; x_wconf 91' lang='lat' dir='ltr'>in</span> <span class='ocrx_word' id='word_1_94' title='bbox 699 1045 895 1072; x_wconf 87' lang='lat' dir='ltr'>Bituricensis</span> <span class='ocrx_word' id='word_1_95' title='bbox 908 1045 1048 1072; x_wconf 84' lang='lat' dir='ltr'>ecclesiae</span> <span class='ocrx_word' id='word_1_96' title='bbox 1059 1048 1152 1079; x_wconf 85' lang='lat' dir='ltr'>pasto-</span> 
     </span>
     <span class='ocr_line' id='line_1_15' title="bbox 149 1093 1068 1127; baseline 0 -7"><span class='ocrx_word' id='word_1_97' title='bbox 149 1101 211 1120; x_wconf 85' lang='lat' dir='ltr'>rem</span> <span class='ocrx_word' id='word_1_98' title='bbox 223 1093 330 1127; x_wconf 81' lang='lat' dir='ltr'>eligere</span> <span class='ocrx_word' id='word_1_99' title='bbox 342 1094 464 1127; x_wconf 77' lang='lat' dir='ltr'>possint.</span> <span class='ocrx_word' id='word_1_100' title='bbox 477 1094 606 1125; x_wconf 78' lang='lat' dir='ltr'>—(R1;c.</span> <span class='ocrx_word' id='word_1_101' title='bbox 620 1093 663 1126; x_wconf 86' lang='lat'>18,</span> <span class='ocrx_word' id='word_1_102' title='bbox 681 1093 749 1120; x_wconf 58' lang='lat'>[16</span> <span class='ocrx_word' id='word_1_103' title='bbox 764 1096 801 1125; x_wconf 79' lang='lat' dir='ltr'>r⁰3</span> <span class='ocrx_word' id='word_1_104' title='bbox 816 1102 885 1120; x_wconf 85' lang='lat' dir='ltr'>ann.</span> <span class='ocrx_word' id='word_1_105' title='bbox 900 1093 952 1125; x_wconf 86' lang='lat' dir='ltr'>IX,</span> <span class='ocrx_word' id='word_1_106' title='bbox 969 1102 994 1120; x_wconf 90' lang='lat' dir='ltr'>c.</span> <span class='ocrx_word' id='word_1_107' title='bbox 1011 1093 1068 1124; x_wconf 88' lang='lat'><strong>30.)</strong></span> 
     </span>
    </p>
   </div>
   <div class='ocr_carea' id='block_1_6' title="bbox 143 1200 1150 1287">
    <p class='ocr_par' dir='ltr' id='par_1_6' title="bbox 143 1200 1150 1287">
     <span class='ocr_line' id='line_1_16' title="bbox 187 1200 1150 1237; baseline 0.002 -10"><span class='ocrx_word' id='word_1_108' title='bbox 187 1211 201 1226; x_wconf 74' lang='grc' dir='ltr'>ιι</span> <span class='ocrx_word' id='word_1_109' title='bbox 223 1222 242 1228; x_wconf 96' lang='grc'>..</span> <span class='ocrx_word' id='word_1_110' title='bbox 259 1200 371 1229; x_wconf 84' lang='lat' dir='ltr'>decano</span> <span class='ocrx_word' id='word_1_111' title='bbox 388 1205 413 1228; x_wconf 87' lang='lat' dir='ltr'>et</span> <span class='ocrx_word' id='word_1_112' title='bbox 431 1201 566 1237; x_wconf 80' lang='lat' dir='ltr'>capitulo</span> <span class='ocrx_word' id='word_1_113' title='bbox 582 1200 833 1228; x_wconf 83' lang='lat' dir='ltr'>Bituricensibus.</span> <span class='ocrx_word' id='word_1_114' title='bbox 852 1200 1079 1228; x_wconf 85' lang='lat' dir='ltr'>Presentatam</span> <span class='ocrx_word' id='word_1_115' title='bbox 1095 1207 1150 1229; x_wconf 91' lang='lat' dir='ltr'>no-</span> 
     </span>
     <span class='ocr_line' id='line_1_17' title="bbox 143 1251 1149 1287; baseline -0.001 -6"><span class='ocrx_word' id='word_1_116' title='bbox 143 1251 197 1282; x_wconf 82' lang='lat' dir='ltr'>his</span> <span class='ocrx_word' id='word_1_117' title='bbox 213 1252 407 1282; x_wconf 74' lang='lat' dir='ltr'>electionem</span> <span class='ocrx_word' id='word_1_118' title='bbox 420 1269 469 1280; x_wconf 89' lang='lat'>—.</span> <span class='ocrx_word' id='word_1_119' title='bbox 484 1253 558 1281; x_wconf 86' lang='lat' dir='ltr'>Dat.</span> <span class='ocrx_word' id='word_1_120' title='bbox 576 1251 718 1287; x_wconf 86' lang='lat' dir='ltr'>Perusii,</span> <span class='ocrx_word' id='word_1_121' title='bbox 731 1252 776 1281; x_wconf 82' lang='lat' dir='ltr'>XI</span> <span class='ocrx_word' id='word_1_122' title='bbox 788 1251 946 1281; x_wconf 80' lang='lat' dir='ltr'>kalendas</span> <span class='ocrx_word' id='word_1_123' title='bbox 960 1251 1050 1286; x_wconf 86' lang='lat' dir='ltr'>maii,</span> <span class='ocrx_word' id='word_1_124' title='bbox 1063 1260 1149 1281; x_wconf 90' lang='lat' dir='ltr'>anno</span> 
     </span>
    </p>
   </div>
   <div class='ocr_carea' id='block_1_7' title="bbox 143 1313 278 1334">
    <p class='ocr_par' dir='ltr' id='par_1_7' title="bbox 143 1313 278 1334">
     <span class='ocr_line' id='line_1_18' title="bbox 143 1313 278 1334; baseline -0.022 0"><span class='ocrx_word' id='word_1_125' title='bbox 143 1313 243 1334; x_wconf 88' lang='lat' dir='ltr'>nono.</span> <span class='ocrx_word' id='word_1_126' title='bbox 265 1317 278 1331; x_wconf 85' lang='lat'>1&gt;</span> 
     </span>
    </p>
   </div>
   <div class='ocr_carea' id='block_1_8' title="bbox 212 1500 1074 1534">
    <p class='ocr_par' dir='ltr' id='par_1_8' title="bbox 212 1500 1074 1534">
     <span class='ocr_line' id='line_1_19' title="bbox 212 1500 1074 1534; baseline -0.001 -5"><span class='ocrx_word' id='word_1_127' title='bbox 212 1500 329 1529; x_wconf 68' lang='lat'>2524</span> <span class='ocrx_word' id='word_1_128' title='bbox 718 1501 855 1534; x_wconf 66' lang='lat' dir='ltr'>Pdrouse,</span> <span class='ocrx_word' id='word_1_129' title='bbox 872 1502 887 1527; x_wconf 71' lang='lat'>4</span> <span class='ocrx_word' id='word_1_130' title='bbox 903 1501 980 1528; x_wconf 68' lang='lat' dir='ltr'>avril</span> <span class='ocrx_word' id='word_1_131' title='bbox 995 1501 1074 1528; x_wconf 77' lang='lat'>1235.</span> 
     </span>
    </p>
   </div>
   <div class='ocr_carea' id='block_1_9' title="bbox 129 1562 1148 1983">
    <p class='ocr_par' dir='ltr' id='par_1_9' title="bbox 129 1562 1148 1983">
     <span class='ocr_line' id='line_1_20' title="bbox 177 1562 1148 1596; baseline 0.002 -8"><span class='ocrx_word' id='word_1_132' title='bbox 177 1562 348 1596; x_wconf 82' lang='lat' dir='ltr'>Praeposito</span> <span class='ocrx_word' id='word_1_133' title='bbox 363 1562 466 1589; x_wconf 85' lang='lat' dir='ltr'>Sancti</span> <span class='ocrx_word' id='word_1_134' title='bbox 479 1562 637 1595; x_wconf 89' lang='lat' dir='ltr'>Johannis,</span> <span class='ocrx_word' id='word_1_135' title='bbox 652 1571 705 1589; x_wconf 87' lang='lat' dir='ltr'>nec</span> <span class='ocrx_word' id='word_1_136' title='bbox 726 1571 782 1589; x_wconf 90' lang='lat' dir='ltr'>non</span> <span class='ocrx_word' id='word_1_137' title='bbox 804 1566 832 1589; x_wconf 83' lang='lat' dir='ltr'>et</span> <span class='ocrx_word' id='word_1_138' title='bbox 852 1563 961 1590; x_wconf 88' lang='lat' dir='ltr'>decano</span> <span class='ocrx_word' id='word_1_139' title='bbox 974 1566 1002 1590; x_wconf 91' lang='lat' dir='ltr'>et</span> <span class='ocrx_word' id='word_1_140' title='bbox 1017 1564 1148 1590; x_wconf 91' lang='lat' dir='ltr'>scholas-</span> 
     </span>
     <span class='ocr_line' id='line_1_21' title="bbox 141 1611 1146 1647; baseline 0.001 -9"><span class='ocrx_word' id='word_1_141' title='bbox 141 1611 200 1638; x_wconf 80' lang='lat' dir='ltr'>tico</span> <span class='ocrx_word' id='word_1_142' title='bbox 214 1611 341 1638; x_wconf 82' lang='lat' dir='ltr'>Sanctae</span> <span class='ocrx_word' id='word_1_143' title='bbox 354 1611 468 1638; x_wconf 79' lang='lat' dir='ltr'>Mariae</span> <span class='ocrx_word' id='word_1_144' title='bbox 482 1611 771 1638; x_wconf 87' lang='lat' dir='ltr'>Halberstatensium</span> <span class='ocrx_word' id='word_1_145' title='bbox 784 1612 906 1638; x_wconf 86' lang='lat' dir='ltr'>mandat</span> <span class='ocrx_word' id='word_1_146' title='bbox 917 1615 1060 1646; x_wconf 83' lang='lat' dir='ltr'>quatenus</span> <span class='ocrx_word' id='word_1_147' title='bbox 1074 1611 1146 1647; x_wconf 83' lang='lat' dir='ltr'>E[n-</span> 
     </span>
     <span class='ocr_line' id='line_1_22' title="bbox 139 1658 1146 1695; baseline 0.002 -9"><span class='ocrx_word' id='word_1_148' title='bbox 139 1658 327 1695; x_wconf 82' lang='lat' dir='ltr'>gelbertum]‚</span> <span class='ocrx_word' id='word_1_149' title='bbox 342 1660 488 1694; x_wconf 86' lang='lat' dir='ltr'>quondam</span> <span class='ocrx_word' id='word_1_150' title='bbox 513 1660 769 1694; x_wconf 81' lang='lat' dir='ltr'>Osnaburgensem</span> <span class='ocrx_word' id='word_1_151' title='bbox 791 1661 932 1692; x_wconf 81' lang='lat' dir='ltr'>electum,</span> <span class='ocrx_word' id='word_1_152' title='bbox 948 1675 980 1679; x_wconf 71' lang='lat'>-</span> <span class='ocrx_word' id='word_1_153' title='bbox 994 1661 1059 1695; x_wconf 86' lang='lat' dir='ltr'>qui,</span> <span class='ocrx_word' id='word_1_154' title='bbox 1076 1662 1146 1688; x_wconf 81' lang='lat' dir='ltr'>licet</span> 
     </span>
     <span class='ocr_line' id='line_1_23' title="bbox 129 1708 1145 1743; baseline 0.001 -8"><span class='ocrx_word' id='word_1_155' title='bbox 129 1708 197 1743; x_wconf 66' lang='lat' dir='ltr'>ipsi</span> <span class='ocrx_word' id='word_1_156' title='bbox 215 1709 252 1735; x_wconf 89' lang='lat' dir='ltr'>de</span> <span class='ocrx_word' id='word_1_157' title='bbox 266 1708 387 1743; x_wconf 85' lang='lat' dir='ltr'>speciali</span> <span class='ocrx_word' id='word_1_158' title='bbox 401 1708 497 1742; x_wconf 83' lang='lat' dir='ltr'>gratia</span> <span class='ocrx_word' id='word_1_159' title='bbox 513 1708 598 1736; x_wconf 87' lang='lat' dir='ltr'>Sedis</span> <span class='ocrx_word' id='word_1_160' title='bbox 617 1709 805 1743; x_wconf 87' lang='lat' dir='ltr'>Apostolicae</span> <span class='ocrx_word' id='word_1_161' title='bbox 825 1709 856 1735; x_wconf 92' lang='lat' dir='ltr'>in</span> <span class='ocrx_word' id='word_1_162' title='bbox 870 1709 995 1736; x_wconf 77' lang='lat' dir='ltr'>diversis</span> <span class='ocrx_word' id='word_1_163' title='bbox 1013 1710 1145 1736; x_wconf 88' lang='lat' dir='ltr'>ecelesiis</span> 
     </span>
     <span class='ocr_line' id='line_1_24' title="bbox 138 1757 1145 1791; baseline 0.002 -8"><span class='ocrx_word' id='word_1_164' title='bbox 138 1757 171 1784; x_wconf 87' lang='lat' dir='ltr'>in</span> <span class='ocrx_word' id='word_1_165' title='bbox 190 1757 381 1791; x_wconf 84' lang='lat' dir='ltr'>praebendali</span> <span class='ocrx_word' id='word_1_166' title='bbox 394 1757 488 1784; x_wconf 81' lang='lat' dir='ltr'>officio</span> <span class='ocrx_word' id='word_1_167' title='bbox 506 1759 581 1784; x_wconf 83' lang='lat' dir='ltr'>esset</span> <span class='ocrx_word' id='word_1_168' title='bbox 596 1757 747 1791; x_wconf 87' lang='lat' dir='ltr'>provisum</span> <span class='ocrx_word' id='word_1_169' title='bbox 766 1760 794 1784; x_wconf 89' lang='lat' dir='ltr'>et</span> <span class='ocrx_word' id='word_1_170' title='bbox 810 1758 1016 1784; x_wconf 88' lang='lat' dir='ltr'>canonicatum</span> <span class='ocrx_word' id='word_1_171' title='bbox 1029 1758 1145 1785; x_wconf 83' lang='lat' dir='ltr'>obtine-</span> 
     </span>
     <span class='ocr_line' id='line_1_25' title="bbox 137 1805 1145 1840; baseline 0.001 -8"><span class='ocrx_word' id='word_1_172' title='bbox 137 1809 183 1833; x_wconf 82' lang='lat' dir='ltr'>ret</span> <span class='ocrx_word' id='word_1_173' title='bbox 202 1805 234 1832; x_wconf 89' lang='lat' dir='ltr'>in</span> <span class='ocrx_word' id='word_1_174' title='bbox 250 1805 376 1838; x_wconf 86' lang='lat' dir='ltr'>eisdem,</span> <span class='ocrx_word' id='word_1_175' title='bbox 393 1806 513 1832; x_wconf 87' lang='lat' dir='ltr'>stallum</span> <span class='ocrx_word' id='word_1_176' title='bbox 533 1808 633 1832; x_wconf 86' lang='lat' dir='ltr'>tamen</span> <span class='ocrx_word' id='word_1_177' title='bbox 653 1805 684 1832; x_wconf 91' lang='lat' dir='ltr'>in</span> <span class='ocrx_word' id='word_1_178' title='bbox 698 1807 785 1832; x_wconf 87' lang='lat' dir='ltr'>choro</span> <span class='ocrx_word' id='word_1_179' title='bbox 802 1809 830 1833; x_wconf 88' lang='lat' dir='ltr'>et</span> <span class='ocrx_word' id='word_1_180' title='bbox 846 1814 947 1832; x_wconf 79' lang='lat' dir='ltr'>vocem</span> <span class='ocrx_word' id='word_1_181' title='bbox 963 1806 994 1832; x_wconf 92' lang='lat' dir='ltr'>in</span> <span class='ocrx_word' id='word_1_182' title='bbox 1015 1807 1145 1840; x_wconf 86' lang='lat' dir='ltr'>capitulo</span> 
     </span>
     <span class='ocr_line' id='line_1_26' title="bbox 138 1853 1143 1888; baseline 0 -8"><span class='ocrx_word' id='word_1_183' title='bbox 138 1853 270 1880; x_wconf 88' lang='lat' dir='ltr'>nondum</span> <span class='ocrx_word' id='word_1_184' title='bbox 284 1853 315 1880; x_wconf 92' lang='lat' dir='ltr'>in</span> <span class='ocrx_word' id='word_1_185' title='bbox 327 1853 399 1887; x_wconf 89' lang='lat' dir='ltr'>ipsis</span> <span class='ocrx_word' id='word_1_186' title='bbox 412 1855 547 1887; x_wconf 87' lang='lat' dir='ltr'>potuerat</span> <span class='ocrx_word' id='word_1_187' title='bbox 557 1853 699 1886; x_wconf 85' lang='lat' dir='ltr'>obtinere,</span> <span class='ocrx_word' id='word_1_188' title='bbox 717 1868 748 1872; x_wconf 93' lang='lat'>——</span> <span class='ocrx_word' id='word_1_189' title='bbox 763 1854 874 1880; x_wconf 77' lang='lat' dir='ltr'>saciant</span> <span class='ocrx_word' id='word_1_190' title='bbox 887 1854 923 1880; x_wconf 88' lang='lat' dir='ltr'>ad</span> <span class='ocrx_word' id='word_1_191' title='bbox 936 1854 1098 1888; x_wconf 84' lang='lat' dir='ltr'>praedicta,</span> <span class='ocrx_word' id='word_1_192' title='bbox 1112 1854 1143 1880; x_wconf 90' lang='lat' dir='ltr'>in</span> 
     </span>
     <span class='ocr_line' id='line_1_27' title="bbox 137 1901 1142 1936; baseline 0 -8"><span class='ocrx_word' id='word_1_193' title='bbox 137 1901 291 1936; x_wconf 84' lang='lat' dir='ltr'>jamdictis</span> <span class='ocrx_word' id='word_1_194' title='bbox 304 1902 447 1934; x_wconf 82' lang='lat' dir='ltr'>eeclesiis,</span> <span class='ocrx_word' id='word_1_195' title='bbox 459 1901 491 1928; x_wconf 90' lang='lat' dir='ltr'>in</span> <span class='ocrx_word' id='word_1_196' title='bbox 504 1901 642 1928; x_wconf 86' lang='lat' dir='ltr'>omnibus</span> <span class='ocrx_word' id='word_1_197' title='bbox 655 1905 797 1936; x_wconf 86' lang='lat' dir='ltr'>tanquam</span> <span class='ocrx_word' id='word_1_198' title='bbox 811 1911 903 1929; x_wconf 89' lang='lat' dir='ltr'>unum</span> <span class='ocrx_word' id='word_1_199' title='bbox 915 1910 950 1929; x_wconf 78' lang='lat' dir='ltr'>ex</span> <span class='ocrx_word' id='word_1_200' title='bbox 961 1902 1029 1929; x_wconf 82' lang='lat' dir='ltr'>aliis</span> <span class='ocrx_word' id='word_1_201' title='bbox 1039 1902 1142 1936; x_wconf 84' lang='lat' dir='ltr'>recipi.</span> 
     </span>
     <span class='ocr_line' id='line_1_28' title="bbox 136 1950 742 1983; baseline -0.002 -6"><span class='ocrx_word' id='word_1_202' title='bbox 136 1964 171 1969; x_wconf 92' lang='lat'><strong>—</strong></span> <span class='ocrx_word' id='word_1_203' title='bbox 186 1951 272 1983; x_wconf 65' lang='lat' dir='ltr'>(Rae.</span> <span class='ocrx_word' id='word_1_204' title='bbox 287 1950 332 1983; x_wconf 87' lang='lat'>18,</span> <span class='ocrx_word' id='word_1_205' title='bbox 349 1951 369 1977; x_wconf 83' lang='lat' dir='ltr'>f.</span> <span class='ocrx_word' id='word_1_206' title='bbox 383 1950 417 1977; x_wconf 84' lang='lat'>16</span> <span class='ocrx_word' id='word_1_207' title='bbox 432 1953 472 1982; x_wconf 86' lang='lat' dir='ltr'>r⁰;</span> <span class='ocrx_word' id='word_1_208' title='bbox 489 1958 558 1977; x_wconf 86' lang='lat' dir='ltr'>ann.</span> <span class='ocrx_word' id='word_1_209' title='bbox 574 1950 631 1982; x_wconf 89' lang='lat' dir='ltr'>IX,</span> <span class='ocrx_word' id='word_1_210' title='bbox 646 1958 670 1976; x_wconf 91' lang='lat' dir='ltr'>c.</span> <span class='ocrx_word' id='word_1_211' title='bbox 685 1950 742 1981; x_wconf 90' lang='lat'>31.)</span> 
     </span>
    </p>
   </div>
   <div class='ocr_carea' id='block_1_10' title="bbox 134 2056 1142 2200">
    <p class='ocr_par' dir='ltr' id='par_1_10' title="bbox 134 2056 1142 2200">
     <span class='ocr_line' id='line_1_29' title="bbox 177 2056 1142 2094; baseline 0.002 -10"><span class='ocrx_word' id='word_1_212' title='bbox 177 2069 191 2084; x_wconf 72' lang='grc' dir='ltr'><strong>α</strong></span> <span class='ocrx_word' id='word_1_213' title='bbox 211 2079 231 2085; x_wconf 93' lang='grc'>..</span> <span class='ocrx_word' id='word_1_214' title='bbox 248 2058 398 2094; x_wconf 76' lang='lat' dir='ltr'>preposito</span> <span class='ocrx_word' id='word_1_215' title='bbox 419 2056 530 2086; x_wconf 79' lang='lat' dir='ltr'>Sancti</span> <span class='ocrx_word' id='word_1_216' title='bbox 550 2057 715 2092; x_wconf 77' lang='lat' dir='ltr'>Iohannis,</span> <span class='ocrx_word' id='word_1_217' title='bbox 737 2079 756 2085; x_wconf 89' lang='lat'>..</span> <span class='ocrx_word' id='word_1_218' title='bbox 781 2057 892 2086; x_wconf 84' lang='lat' dir='ltr'>decano</span> <span class='ocrx_word' id='word_1_219' title='bbox 907 2062 933 2086; x_wconf 81' lang='lat' dir='ltr'>et</span> <span class='ocrx_word' id='word_1_220' title='bbox 952 2058 1142 2086; x_wconf 82' lang='lat' dir='ltr'>..scolastico</span> 
     </span>
     <span class='ocr_line' id='line_1_30' title="bbox 135 2102 1139 2148; baseline 0 -10"><span class='ocrx_word' id='word_1_221' title='bbox 135 2110 246 2139; x_wconf 79' lang='lat' dir='ltr'>Sancte</span> <span class='ocrx_word' id='word_1_222' title='bbox 268 2110 363 2138; x_wconf 69' lang='grc' dir='ltr'><em>Μανία</em></span> <span class='ocrx_word' id='word_1_223' title='bbox 391 2109 722 2148; x_wconf 80' lang='lat' dir='ltr'>Halberslatens[iunz].</span> <span class='ocrx_word' id='word_1_224' title='bbox 748 2109 896 2139; x_wconf 76' lang='lat' dir='ltr'>Dilectus</span> <span class='ocrx_word' id='word_1_225' title='bbox 922 2109 1012 2139; x_wconf 78' lang='lat' dir='ltr'>filius</span> <span class='ocrx_word' id='word_1_226' title='bbox 1034 2110 1070 2139; x_wconf 90' lang='lat' dir='ltr'>E.</span> <span class='ocrx_word' id='word_1_227' title='bbox 1090 2102 1139 2138; x_wconf 63' lang='grc'><strong>-’-.</strong></span> 
     </span>
     <span class='ocr_line' id='line_1_31' title="bbox 134 2161 1141 2200; baseline 0 -9"><span class='ocrx_word' id='word_1_228' title='bbox 134 2162 207 2192; x_wconf 88' lang='lat' dir='ltr'>Dat.</span> <span class='ocrx_word' id='word_1_229' title='bbox 228 2161 370 2196; x_wconf 87' lang='lat' dir='ltr'>Perusii‚</span> <span class='ocrx_word' id='word_1_230' title='bbox 389 2162 421 2191; x_wconf 92' lang='lat' dir='ltr'>II</span> <span class='ocrx_word' id='word_1_231' title='bbox 438 2170 542 2191; x_wconf 86' lang='lat' dir='ltr'>nonas</span> <span class='ocrx_word' id='word_1_232' title='bbox 559 2161 685 2199; x_wconf 84' lang='lat' dir='ltr'>aprilis,</span> <span class='ocrx_word' id='word_1_233' title='bbox 703 2162 914 2200; x_wconf 84' lang='lat' dir='ltr'>pontificatus</span> <span class='ocrx_word' id='word_1_234' title='bbox 930 2162 1036 2192; x_wconf 86' lang='lat' dir='ltr'>nostri</span> <span class='ocrx_word' id='word_1_235' title='bbox 1054 2171 1141 2192; x_wconf 85' lang='lat' dir='ltr'>anno</span> 
     </span>
    </p>
   </div>
   <div class='ocr_carea' id='block_1_11' title="bbox 132 2223 265 2244">
    <p class='ocr_par' dir='ltr' id='par_1_11' title="bbox 132 2223 265 2244">
     <span class='ocr_line' id='line_1_32' title="bbox 132 2223 265 2244; baseline -0.008 0"><span class='ocrx_word' id='word_1_236' title='bbox 132 2223 230 2244; x_wconf 87' lang='lat' dir='ltr'>nono.</span> <span class='ocrx_word' id='word_1_237' title='bbox 252 2226 265 2240; x_wconf 75' lang='lat'>¹²</span> 
     </span>
    </p>
   </div>
   <div class='ocr_carea' id='block_1_12' title="bbox 202 2412 1065 2445">
    <p class='ocr_par' dir='ltr' id='par_1_12' title="bbox 202 2412 1065 2445">
     <span class='ocr_line' id='line_1_33' title="bbox 202 2412 1065 2445; baseline -0.001 -5"><span class='ocrx_word' id='word_1_238' title='bbox 202 2413 320 2441; x_wconf 70' lang='lat'>2525</span> <span class='ocrx_word' id='word_1_239' title='bbox 694 2412 830 2445; x_wconf 80' lang='lat' dir='ltr'>Perouse,</span> <span class='ocrx_word' id='word_1_240' title='bbox 846 2412 879 2439; x_wconf 80' lang='lat'>24</span> <span class='ocrx_word' id='word_1_241' title='bbox 895 2413 972 2440; x_wconf 86' lang='lat' dir='ltr'>avril</span> <span class='ocrx_word' id='word_1_242' title='bbox 987 2413 1065 2440; x_wconf 84' lang='lat'>1235.</span> 
     </span>
    </p>
   </div>
   <div class='ocr_carea' id='block_1_13' title="bbox 130 2474 1138 2704">
    <p class='ocr_par' dir='ltr' id='par_1_13' title="bbox 130 2474 1138 2704">
     <span class='ocr_line' id='line_1_34' title="bbox 169 2474 1137 2509; baseline 0 -7"><span class='ocrx_word' id='word_1_243' title='bbox 169 2475 385 2502; x_wconf 81' lang='lat' dir='ltr'>Monasterium</span> <span class='ocrx_word' id='word_1_244' title='bbox 408 2474 584 2501; x_wconf 86' lang='lat' dir='ltr'>monialium</span> <span class='ocrx_word' id='word_1_245' title='bbox 606 2474 709 2501; x_wconf 82' lang='lat' dir='ltr'>Sancti</span> <span class='ocrx_word' id='word_1_246' title='bbox 728 2474 814 2501; x_wconf 86' lang='lat' dir='ltr'>Pauli</span> <span class='ocrx_word' id='word_1_247' title='bbox 841 2474 1033 2509; x_wconf 87' lang='lat' dir='ltr'>Spoletanum</span> <span class='ocrx_word' id='word_1_248' title='bbox 1051 2478 1137 2502; x_wconf 89' lang='lat' dir='ltr'>tuen—</span> 
     </span>
     <span class='ocr_line' id='line_1_35' title="bbox 132 2522 1138 2558; baseline 0.001 -8"><span class='ocrx_word' id='word_1_249' title='bbox 132 2523 202 2551; x_wconf 92' lang='lat' dir='ltr'>dum</span> <span class='ocrx_word' id='word_1_250' title='bbox 219 2523 359 2558; x_wconf 81' lang='lat' dir='ltr'>suscipit,</span> <span class='ocrx_word' id='word_1_251' title='bbox 375 2523 533 2557; x_wconf 83' lang='lat' dir='ltr'>omniaque</span> <span class='ocrx_word' id='word_1_252' title='bbox 546 2523 608 2556; x_wconf 91' lang='lat' dir='ltr'>ejus</span> <span class='ocrx_word' id='word_1_253' title='bbox 623 2522 713 2555; x_wconf 90' lang='lat' dir='ltr'>bona,</span> <span class='ocrx_word' id='word_1_254' title='bbox 728 2531 850 2557; x_wconf 89' lang='lat' dir='ltr'>quorum</span> <span class='ocrx_word' id='word_1_255' title='bbox 869 2523 981 2557; x_wconf 85' lang='lat' dir='ltr'>aliquot</span> <span class='ocrx_word' id='word_1_256' title='bbox 1001 2524 1138 2551; x_wconf 85' lang='lat' dir='ltr'>nomina-</span> 
     </span>
     <span class='ocr_line' id='line_1_36' title="bbox 133 2571 1137 2606; baseline 0 -7"><span class='ocrx_word' id='word_1_257' title='bbox 133 2572 187 2600; x_wconf 86' lang='lat' dir='ltr'>tim</span> <span class='ocrx_word' id='word_1_258' title='bbox 209 2572 344 2606; x_wconf 84' lang='lat' dir='ltr'>exhibet,</span> <span class='ocrx_word' id='word_1_259' title='bbox 366 2572 432 2606; x_wconf 79' lang='lat' dir='ltr'>jura</span> <span class='ocrx_word' id='word_1_260' title='bbox 451 2580 485 2599; x_wconf 78' lang='lat' dir='ltr'>ac.</span> <span class='ocrx_word' id='word_1_261' title='bbox 505 2571 661 2606; x_wconf 76' lang='lat' dir='ltr'>privilegia</span> <span class='ocrx_word' id='word_1_262' title='bbox 685 2572 856 2604; x_wconf 83' lang='lat' dir='ltr'>confirmat;</span> <span class='ocrx_word' id='word_1_263' title='bbox 880 2580 938 2598; x_wconf 90' lang='lat' dir='ltr'>una</span> <span class='ocrx_word' id='word_1_264' title='bbox 958 2572 1034 2599; x_wconf 84' lang='lat' dir='ltr'>libra</span> <span class='ocrx_word' id='word_1_265' title='bbox 1055 2581 1137 2599; x_wconf 85' lang='lat' dir='ltr'>cerae</span> 
     </span>
     <span class='ocr_line' id='line_1_37' title="bbox 130 2619 1137 2654; baseline -0.001 -6"><span class='ocrx_word' id='word_1_266' title='bbox 130 2620 288 2648; x_wconf 82' lang='lat' dir='ltr'>annuatim</span> <span class='ocrx_word' id='word_1_267' title='bbox 303 2621 445 2648; x_wconf 83' lang='lat' dir='ltr'>Camerae</span> <span class='ocrx_word' id='word_1_268' title='bbox 461 2620 649 2654; x_wconf 87' lang='lat' dir='ltr'>Apostolicae</span> <span class='ocrx_word' id='word_1_269' title='bbox 661 2620 698 2646; x_wconf 92' lang='lat' dir='ltr'>ad</span> <span class='ocrx_word' id='word_1_270' title='bbox 721 2619 866 2646; x_wconf 88' lang='lat' dir='ltr'>indicium</span> <span class='ocrx_word' id='word_1_271' title='bbox 888 2620 975 2654; x_wconf 88' lang='lat' dir='ltr'>hujus</span> <span class='ocrx_word' id='word_1_272' title='bbox 990 2620 1137 2647; x_wconf 85' lang='lat' dir='ltr'>libertatis</span> 
     </span>
     <span class='ocr_line' id='line_1_38' title="bbox 131 2668 1136 2704; baseline 0 -8"><span class='ocrx_word' id='word_1_273' title='bbox 131 2670 336 2704; x_wconf 78' lang='lat' dir='ltr'>persolvenda.</span> <span class='ocrx_word' id='word_1_274' title='bbox 352 2684 384 2688; x_wconf 89' lang='lat'>—</span> <span class='ocrx_word' id='word_1_275' title='bbox 397 2670 484 2702; x_wconf 63' lang='lat' dir='ltr'>(Rea.</span> <span class='ocrx_word' id='word_1_276' title='bbox 505 2669 549 2702; x_wconf 85' lang='lat'>18,</span> <span class='ocrx_word' id='word_1_277' title='bbox 567 2670 587 2695; x_wconf 80' lang='lat' dir='ltr'>f.</span> <span class='ocrx_word' id='word_1_278' title='bbox 604 2668 638 2695; x_wconf 89' lang='grc'>16</span> <span class='ocrx_word' id='word_1_279' title='bbox 657 2672 702 2701; x_wconf 74' lang='lat' dir='ltr'>v⁰;</span> <span class='ocrx_word' id='word_1_280' title='bbox 721 2677 790 2695; x_wconf 87' lang='lat' dir='ltr'>ann.</span> <span class='ocrx_word' id='word_1_281' title='bbox 810 2669 867 2701; x_wconf 87' lang='lat' dir='ltr'>IX,</span> <span class='ocrx_word' id='word_1_282' title='bbox 887 2677 911 2696; x_wconf 89' lang='lat' dir='ltr'>c.</span> <span class='ocrx_word' id='word_1_283' title='bbox 932 2668 982 2701; x_wconf 77' lang='lat'>32;</span> <span class='ocrx_word' id='word_1_284' title='bbox 1006 2684 1037 2687; x_wconf 97' lang='lat'><strong>—</strong></span> <span class='ocrx_word' id='word_1_285' title='bbox 1058 2669 1136 2696; x_wconf 78' lang='grc' dir='ltr'>Ροτ-</span> 
     </span>
    </p>
   </div>
   <div class='ocr_carea' id='block_1_14' title="bbox 126 2718 325 2750">
    <p class='ocr_par' dir='ltr' id='par_1_14' title="bbox 126 2718 325 2750">
     <span class='ocr_line' id='line_1_39' title="bbox 126 2718 325 2750; baseline -0.005 -4"><span class='ocrx_word' id='word_1_286' title='bbox 126 2727 222 2746; x_wconf 72' lang='grc' dir='ltr'><strong>τΗΑετ</strong></span> <span class='ocrx_word' id='word_1_287' title='bbox 233 2718 325 2750; x_wconf 88' lang='lat'>9888.)</span> 
     </span>
    </p>
   </div>
   <div class='ocr_carea' id='block_1_15' title="bbox 125 2824 1136 2970">
    <p class='ocr_par' dir='ltr' id='par_1_15' title="bbox 125 2824 1136 2970">
     <span class='ocr_line' id='line_1_40' title="bbox 169 2824 1136 2861; baseline -0.001 -8"><span class='ocrx_word' id='word_1_288' title='bbox 169 2838 182 2852; x_wconf 75' lang='lat' dir='ltr'>&lt;t</span> <span class='ocrx_word' id='word_1_289' title='bbox 203 2848 223 2854; x_wconf 89' lang='lat'>..</span> <span class='ocrx_word' id='word_1_290' title='bbox 240 2826 386 2854; x_wconf 78' lang='lat' dir='ltr'>abbatisse</span> <span class='ocrx_word' id='word_1_291' title='bbox 402 2826 583 2854; x_wconf 79' lang='lat' dir='ltr'>monasterii</span> <span class='ocrx_word' id='word_1_292' title='bbox 600 2826 706 2854; x_wconf 83' lang='lat' dir='ltr'>Sancti</span> <span class='ocrx_word' id='word_1_293' title='bbox 724 2825 814 2853; x_wconf 73' lang='lat' dir='ltr'>Pauli</span> <span class='ocrx_word' id='word_1_294' title='bbox 832 2824 997 2861; x_wconf 55' lang='lat' dir='ltr'>Spoletanz}</span> <span class='ocrx_word' id='word_1_295' title='bbox 1015 2824 1136 2861; x_wconf 77' lang='lat' dir='ltr'>ejusque</span> 
     </span>
     <span class='ocr_line' id='line_1_41' title="bbox 126 2877 1133 2916; baseline -0.003 -9"><span class='ocrx_word' id='word_1_296' title='bbox 126 2879 282 2908; x_wconf 84' lang='lat' dir='ltr'>sororibus</span> <span class='ocrx_word' id='word_1_297' title='bbox 307 2883 367 2907; x_wconf 86' lang='lat' dir='ltr'>tam</span> <span class='ocrx_word' id='word_1_298' title='bbox 385 2878 576 2916; x_wconf 77' lang='lat' dir='ltr'>presentibus</span> <span class='ocrx_word' id='word_1_299' title='bbox 596 2886 687 2915; x_wconf 76' lang='lat' dir='ltr'>quain</span> <span class='ocrx_word' id='word_1_300' title='bbox 707 2878 826 2913; x_wconf 80' lang='lat' dir='ltr'>suturis</span> <span class='ocrx_word' id='word_1_301' title='bbox 845 2877 1014 2913; x_wconf 73' lang='lat' dir='ltr'>reyularem</span> <span class='ocrx_word' id='word_1_302' title='bbox 1040 2877 1133 2905; x_wconf 83' lang='lat' dir='ltr'>vitam</span> 
     </span>
     <span class='ocr_line' id='line_1_42' title="bbox 125 2927 1136 2970; baseline -0.002 -11"><span class='ocrx_word' id='word_1_303' title='bbox 125 2932 288 2970; x_wconf 80' lang='lat' dir='ltr'>professis,</span> <span class='ocrx_word' id='word_1_304' title='bbox 320 2932 354 2960; x_wconf 86' lang='lat' dir='ltr'>in</span> <span class='ocrx_word' id='word_1_305' title='bbox 380 2936 572 2969; x_wconf 70' lang='lat' dir='ltr'>perpetuam.</span> <span class='ocrx_word' id='word_1_306' title='bbox 607 2929 811 2968; x_wconf 81' lang='lat' dir='ltr'>Religiosam</span> <span class='ocrx_word' id='word_1_307' title='bbox 844 2929 945 2958; x_wconf 79' lang='lat' dir='ltr'>vitam</span> <span class='ocrx_word' id='word_1_308' title='bbox 981 2927 1136 2966; x_wconf 78' lang='lat' dir='ltr'>eligenti-</span> 
     </span>
    </p>
   </div>
   <div class='ocr_carea' id='block_1_16' title="bbox 1234 350 2235 597">
    <p class='ocr_par' dir='ltr' id='par_1_16' title="bbox 1234 350 2235 597">
     <span class='ocr_line' id='line_1_43' title="bbox 1235 350 2235 393; baseline 0.006 -13"><span class='ocrx_word' id='word_1_309' title='bbox 1235 350 1295 379; x_wconf 69' lang='lat' dir='ltr'>bus</span> <span class='ocrx_word' id='word_1_310' title='bbox 1312 369 1359 380; x_wconf 97' lang='lat'>—.</span> <span class='ocrx_word' id='word_1_311' title='bbox 1379 353 1450 381; x_wconf 85' lang='lat' dir='ltr'>Dat.</span> <span class='ocrx_word' id='word_1_312' title='bbox 1470 353 1611 388; x_wconf 74' lang='lat' dir='ltr'>I’erusii,</span> <span class='ocrx_word' id='word_1_313' title='bbox 1634 363 1690 391; x_wconf 85' lang='lat' dir='ltr'>per</span> <span class='ocrx_word' id='word_1_314' title='bbox 1707 362 1839 383; x_wconf 83' lang='lat' dir='ltr'>manum</span> <span class='ocrx_word' id='word_1_315' title='bbox 1858 354 1969 384; x_wconf 82' lang='lat' dir='ltr'>fratris</span> <span class='ocrx_word' id='word_1_316' title='bbox 1987 355 2128 393; x_wconf 80' lang='lat' dir='ltr'>Joseph,</span> <span class='ocrx_word' id='word_1_317' title='bbox 2146 356 2235 386; x_wconf 87' lang='lat' dir='ltr'>ordi-</span> 
     </span>
     <span class='ocr_line' id='line_1_44' title="bbox 1235 402 2233 445; baseline 0.008 -14"><span class='ocrx_word' id='word_1_318' title='bbox 1235 402 1286 432; x_wconf 83' lang='lat' dir='ltr'>nis</span> <span class='ocrx_word' id='word_1_319' title='bbox 1318 403 1485 434; x_wconf 85' lang='lat' dir='ltr'>Florensis</span> <span class='ocrx_word' id='word_1_320' title='bbox 1499 428 1505 439; x_wconf 83' lang='lat'>,</span> <span class='ocrx_word' id='word_1_321' title='bbox 1538 406 1656 435; x_wconf 84' lang='lat' dir='ltr'>notarii</span> <span class='ocrx_word' id='word_1_322' title='bbox 1689 406 1789 435; x_wconf 87' lang='lat' dir='ltr'>donni</span> <span class='ocrx_word' id='word_1_323' title='bbox 1819 406 1968 443; x_wconf 67' lang='lat' dir='ltr'>Gregorii</span> <span class='ocrx_word' id='word_1_324' title='bbox 2003 417 2082 445; x_wconf 81' lang='lat' dir='ltr'>pape</span> <span class='ocrx_word' id='word_1_325' title='bbox 2116 409 2210 439; x_wconf 74' lang='lat' dir='ltr'>villl</span> <span class='ocrx_word' id='word_1_326' title='bbox 2226 432 2233 444; x_wconf 82' lang='grc'>,</span> 
     </span>
     <span class='ocr_line' id='line_1_45' title="bbox 1234 455 2235 492; baseline 0.006 -8"><span class='ocrx_word' id='word_1_327' title='bbox 1234 455 1314 484; x_wconf 70' lang='lat' dir='ltr'>VIII</span> <span class='ocrx_word' id='word_1_328' title='bbox 1331 455 1488 485; x_wconf 78' lang='lat' dir='ltr'>kalendas</span> <span class='ocrx_word' id='word_1_329' title='bbox 1505 458 1594 491; x_wconf 77' lang='lat' dir='ltr'>maii,</span> <span class='ocrx_word' id='word_1_330' title='bbox 1614 458 1794 487; x_wconf 77' lang='lat' dir='ltr'>indictione</span> <span class='ocrx_word' id='word_1_331' title='bbox 1809 459 1900 492; x_wconf 73' lang='lat' dir='ltr'>VIII,</span> <span class='ocrx_word' id='word_1_332' title='bbox 1917 460 2160 490; x_wconf 80' lang='lat' dir='ltr'>Incarnationis</span> <span class='ocrx_word' id='word_1_333' title='bbox 2170 462 2235 491; x_wconf 91' lang='lat' dir='ltr'>Do-</span> 
     </span>
     <span class='ocr_line' id='line_1_46' title="bbox 1235 508 2234 551; baseline 0.006 -15"><span class='ocrx_word' id='word_1_334' title='bbox 1235 508 1356 537; x_wconf 87' lang='lat' dir='ltr'>minice</span> <span class='ocrx_word' id='word_1_335' title='bbox 1380 517 1466 538; x_wconf 88' lang='lat' dir='ltr'>anno</span> <span class='ocrx_word' id='word_1_336' title='bbox 1490 509 1737 540; x_wconf 58' lang='lat' dir='ltr'>310CC0xxxv.</span> <span class='ocrx_word' id='word_1_337' title='bbox 1765 511 1974 548; x_wconf 79' lang='lat' dir='ltr'>pontificatus</span> <span class='ocrx_word' id='word_1_338' title='bbox 1995 521 2071 542; x_wconf 81' lang='lat' dir='ltr'>vero</span> <span class='ocrx_word' id='word_1_339' title='bbox 2087 513 2234 551; x_wconf 73' lang='lat' dir='ltr'>QJusdem</span> 
     </span>
     <span class='ocr_line' id='line_1_47' title="bbox 1234 559 1755 597; baseline 0.006 -9"><span class='ocrx_word' id='word_1_340' title='bbox 1234 559 1335 588; x_wconf 90' lang='lat' dir='ltr'>donni</span> <span class='ocrx_word' id='word_1_341' title='bbox 1353 561 1504 597; x_wconf 77' lang='lat' dir='ltr'>Gregorii</span> <span class='ocrx_word' id='word_1_342' title='bbox 1521 569 1606 591; x_wconf 85' lang='lat' dir='ltr'>anno</span> <span class='ocrx_word' id='word_1_343' title='bbox 1624 570 1720 591; x_wconf 82' lang='lat' dir='ltr'>nono.</span> <span class='ocrx_word' id='word_1_344' title='bbox 1743 574 1755 587; x_wconf 78' lang='grc' dir='ltr'>ι»</span> 
     </span>
    </p>
   </div>
   <div class='ocr_carea' id='block_1_17' title="bbox 1794 774 2160 806">
    <p class='ocr_par' dir='ltr' id='par_1_17' title="bbox 1794 774 2160 806">
     <span class='ocr_line' id='line_1_48' title="bbox 1794 774 2160 806; baseline 0.003 -6"><span class='ocrx_word' id='word_1_345' title='bbox 1794 774 1928 806; x_wconf 75' lang='lat' dir='ltr'>I&#39;erouse,</span> <span class='ocrx_word' id='word_1_346' title='bbox 1942 774 1976 801; x_wconf 80' lang='lat'>‘26</span> <span class='ocrx_word' id='word_1_347' title='bbox 1991 775 2067 801; x_wconf 77' lang='lat' dir='ltr'>avril</span> <span class='ocrx_word' id='word_1_348' title='bbox 2084 775 2160 802; x_wconf 78' lang='lat'>1235.</span> 
     </span>
    </p>
   </div>
   <div class='ocr_carea' id='block_1_18' title="bbox 1307 770 1426 798">
    <p class='ocr_par' dir='ltr' id='par_1_18' title="bbox 1307 770 1426 798">
     <span class='ocr_line' id='line_1_49' title="bbox 1307 770 1426 798; baseline 0.017 -2"><span class='ocrx_word' id='word_1_349' title='bbox 1307 770 1426 798; x_wconf 70' lang='lat'>2528</span> 
     </span>
    </p>
   </div>
   <div class='ocr_carea' id='block_1_19' title="bbox 1228 830 2234 1539">
    <p class='ocr_par' dir='ltr' id='par_1_19' title="bbox 1228 830 2234 1539">
     <span class='ocr_line' id='line_1_50' title="bbox 1270 830 2232 869; baseline 0.005 -12"><span class='ocrx_word' id='word_1_350' title='bbox 1270 830 1398 864; x_wconf 80' lang='lat' dir='ltr'>Hugoni,</span> <span class='ocrx_word' id='word_1_351' title='bbox 1413 831 1511 859; x_wconf 80' lang='lat' dir='ltr'>abbati</span> <span class='ocrx_word' id='word_1_352' title='bbox 1529 833 1697 860; x_wconf 84' lang='lat' dir='ltr'>monasterii</span> <span class='ocrx_word' id='word_1_353' title='bbox 1712 835 1812 861; x_wconf 80' lang='lat' dir='ltr'>Sancti</span> <span class='ocrx_word' id='word_1_354' title='bbox 1827 835 1959 861; x_wconf 70' lang='lat' dir='ltr'>Audncni</span> <span class='ocrx_word' id='word_1_355' title='bbox 1979 836 2232 869; x_wconf 66' lang='lat' dir='ltr'>Rothomagensis,</span> 
     </span>
     <span class='ocr_line' id='line_1_51' title="bbox 1235 880 2234 914; baseline 0.004 -9"><span class='ocrx_word' id='word_1_356' title='bbox 1235 880 1423 913; x_wconf 78' lang='lat' dir='ltr'>conquerenti</span> <span class='ocrx_word' id='word_1_357' title='bbox 1440 881 1514 914; x_wconf 86' lang='lat' dir='ltr'>quod</span> <span class='ocrx_word' id='word_1_358' title='bbox 1532 882 1599 908; x_wconf 76' lang='lat' dir='ltr'>talis</span> <span class='ocrx_word' id='word_1_359' title='bbox 1619 882 1647 908; x_wconf 93' lang='lat' dir='ltr'>in</span> <span class='ocrx_word' id='word_1_360' title='bbox 1667 882 1766 909; x_wconf 85' lang='lat' dir='ltr'>eodem</span> <span class='ocrx_word' id='word_1_361' title='bbox 1789 883 1963 910; x_wconf 81' lang='lat' dir='ltr'>monasterio</span> <span class='ocrx_word' id='word_1_362' title='bbox 1979 888 2039 910; x_wconf 84' lang='lat' dir='ltr'>erat</span> <span class='ocrx_word' id='word_1_363' title='bbox 2056 884 2234 911; x_wconf 80' lang='lat' dir='ltr'>consuetudo</span> 
     </span>
     <span class='ocr_line' id='line_1_52' title="bbox 1234 929 2233 965; baseline 0.006 -11"><span class='ocrx_word' id='word_1_364' title='bbox 1234 931 1281 960; x_wconf 87' lang='lat' dir='ltr'>ut,</span> <span class='ocrx_word' id='word_1_365' title='bbox 1296 943 1327 946; x_wconf 97' lang='lat'><strong>—</strong></span> <span class='ocrx_word' id='word_1_366' title='bbox 1344 937 1409 955; x_wconf 89' lang='lat' dir='ltr'>cum</span> <span class='ocrx_word' id='word_1_367' title='bbox 1428 929 1488 963; x_wconf 86' lang='lat' dir='ltr'>ipse</span> <span class='ocrx_word' id='word_1_368' title='bbox 1503 930 1592 957; x_wconf 84' lang='lat' dir='ltr'>abbas</span> <span class='ocrx_word' id='word_1_369' title='bbox 1610 934 1637 957; x_wconf 89' lang='lat' dir='ltr'>et</span> <span class='ocrx_word' id='word_1_370' title='bbox 1657 936 1818 958; x_wconf 73' lang='lat' dir='ltr'>conventus</span> <span class='ocrx_word' id='word_1_371' title='bbox 1837 932 1967 965; x_wconf 80' lang='lat' dir='ltr'>ejusdem</span> <span class='ocrx_word' id='word_1_372' title='bbox 1990 933 2157 959; x_wconf 81' lang='lat' dir='ltr'>monasterii</span> <span class='ocrx_word' id='word_1_373' title='bbox 2176 933 2233 960; x_wconf 85' lang='lat' dir='ltr'>ali-</span> 
     </span>
     <span class='ocr_line' id='line_1_53' title="bbox 1234 977 2230 1014; baseline 0.007 -13"><span class='ocrx_word' id='word_1_374' title='bbox 1234 984 1320 1009; x_wconf 87' lang='lat' dir='ltr'>quem</span> <span class='ocrx_word' id='word_1_375' title='bbox 1344 977 1373 1002; x_wconf 94' lang='lat' dir='ltr'>in</span> <span class='ocrx_word' id='word_1_376' title='bbox 1398 978 1573 1004; x_wconf 84' lang='lat' dir='ltr'>monachum</span> <span class='ocrx_word' id='word_1_377' title='bbox 1599 979 1756 1005; x_wconf 74' lang='lat' dir='ltr'>admittere</span> <span class='ocrx_word' id='word_1_378' title='bbox 1776 981 1822 1006; x_wconf 71' lang='lat' dir='ltr'>vel</span> <span class='ocrx_word' id='word_1_379' title='bbox 1845 981 1881 1006; x_wconf 84' lang='lat' dir='ltr'>ad</span> <span class='ocrx_word' id='word_1_380' title='bbox 1903 981 2032 1014; x_wconf 83' lang='lat' dir='ltr'>aliquam</span> <span class='ocrx_word' id='word_1_381' title='bbox 2055 981 2230 1013; x_wconf 59' lang='lat' dir='ltr'>dignitatem</span> 
     </span>
     <span class='ocr_line' id='line_1_54' title="bbox 1234 1025 2233 1064; baseline 0.005 -13"><span class='ocrx_word' id='word_1_382' title='bbox 1234 1025 1404 1051; x_wconf 78' lang='lat' dir='ltr'>dioecesano</span> <span class='ocrx_word' id='word_1_383' title='bbox 1425 1026 1559 1060; x_wconf 75' lang='lat' dir='ltr'>episcopo</span> <span class='ocrx_word' id='word_1_384' title='bbox 1583 1031 1766 1061; x_wconf 72' lang='lat' dir='ltr'>praesentare</span> <span class='ocrx_word' id='word_1_385' title='bbox 1788 1029 1940 1057; x_wconf 81' lang='lat' dir='ltr'>deberent.</span> <span class='ocrx_word' id='word_1_386' title='bbox 1964 1038 2013 1055; x_wconf 78' lang='lat' dir='ltr'>sen</span> <span class='ocrx_word' id='word_1_387' title='bbox 2034 1038 2233 1064; x_wconf 75' lang='lat' dir='ltr'>quascumque</span> 
     </span>
     <span class='ocr_line' id='line_1_55' title="bbox 1234 1072 2230 1111; baseline 0.006 -13"><span class='ocrx_word' id='word_1_388' title='bbox 1234 1072 1347 1099; x_wconf 81' lang='lat' dir='ltr'>litteras</span> <span class='ocrx_word' id='word_1_389' title='bbox 1361 1078 1522 1100; x_wconf 71' lang='lat' dir='ltr'>eom-entus</span> <span class='ocrx_word' id='word_1_390' title='bbox 1536 1075 1633 1108; x_wconf 75' lang='lat' dir='ltr'>sigillo</span> <span class='ocrx_word' id='word_1_391' title='bbox 1647 1076 1775 1109; x_wconf 69' lang='lat' dir='ltr'>signare,</span> <span class='ocrx_word' id='word_1_392' title='bbox 1790 1085 1838 1103; x_wconf 79' lang='lat' dir='ltr'>seu</span> <span class='ocrx_word' id='word_1_393' title='bbox 1855 1077 1967 1111; x_wconf 81' lang='lat' dir='ltr'>aliquid</span> <span class='ocrx_word' id='word_1_394' title='bbox 1983 1077 2062 1104; x_wconf 85' lang='lat' dir='ltr'>aliud</span> <span class='ocrx_word' id='word_1_395' title='bbox 2081 1078 2109 1104; x_wconf 92' lang='lat' dir='ltr'>in</span> <span class='ocrx_word' id='word_1_396' title='bbox 2130 1078 2230 1104; x_wconf 79' lang='lat' dir='ltr'>codem</span> 
     </span>
     <span class='ocr_line' id='line_1_56' title="bbox 1234 1122 2232 1158; baseline 0.005 -11"><span class='ocrx_word' id='word_1_397' title='bbox 1234 1122 1410 1147; x_wconf 79' lang='lat' dir='ltr'>monasterio</span> <span class='ocrx_word' id='word_1_398' title='bbox 1426 1127 1499 1148; x_wconf 77' lang='lat' dir='ltr'>esset</span> <span class='ocrx_word' id='word_1_399' title='bbox 1515 1123 1675 1155; x_wconf 69' lang='lat' dir='ltr'>agendum,</span> <span class='ocrx_word' id='word_1_400' title='bbox 1693 1124 1722 1149; x_wconf 92' lang='lat' dir='ltr'>in</span> <span class='ocrx_word' id='word_1_401' title='bbox 1743 1133 1798 1157; x_wconf 87' lang='lat' dir='ltr'>quo</span> <span class='ocrx_word' id='word_1_402' title='bbox 1822 1125 1913 1158; x_wconf 74' lang='lat' dir='ltr'>ipsius</span> <span class='ocrx_word' id='word_1_403' title='bbox 1930 1125 2045 1152; x_wconf 70' lang='lat' dir='ltr'>abbatis</span> <span class='ocrx_word' id='word_1_404' title='bbox 2063 1130 2089 1151; x_wconf 87' lang='lat' dir='ltr'>et</span> <span class='ocrx_word' id='word_1_405' title='bbox 2104 1135 2232 1152; x_wconf 76' lang='lat' dir='ltr'>conven-</span> 
     </span>
     <span class='ocr_line' id='line_1_57' title="bbox 1232 1169 2231 1206; baseline 0.005 -11"><span class='ocrx_word' id='word_1_406' title='bbox 1232 1172 1279 1195; x_wconf 79' lang='lat' dir='ltr'>tus</span> <span class='ocrx_word' id='word_1_407' title='bbox 1297 1169 1499 1202; x_wconf 83' lang='lat' dir='ltr'>requirebatur</span> <span class='ocrx_word' id='word_1_408' title='bbox 1515 1179 1664 1203; x_wconf 73' lang='lat' dir='ltr'>assensus,</span> <span class='ocrx_word' id='word_1_409' title='bbox 1679 1186 1711 1190; x_wconf 93' lang='lat'><strong>—</strong></span> <span class='ocrx_word' id='word_1_410' title='bbox 1729 1172 1850 1198; x_wconf 71' lang='lat' dir='ltr'>minoris</span> <span class='ocrx_word' id='word_1_411' title='bbox 1870 1173 1961 1206; x_wconf 77' lang='lat' dir='ltr'>partis</span> <span class='ocrx_word' id='word_1_412' title='bbox 1981 1178 2141 1199; x_wconf 68' lang='lat' dir='ltr'>conventus</span> <span class='ocrx_word' id='word_1_413' title='bbox 2161 1182 2231 1200; x_wconf 73' lang='lat' dir='ltr'>con—</span> 
     </span>
     <span class='ocr_line' id='line_1_58' title="bbox 1232 1217 2232 1254; baseline 0.005 -11"><span class='ocrx_word' id='word_1_414' title='bbox 1232 1217 1379 1249; x_wconf 85' lang='lat' dir='ltr'>tradictio,</span> <span class='ocrx_word' id='word_1_415' title='bbox 1396 1218 1485 1244; x_wconf 88' lang='lat' dir='ltr'>etiam</span> <span class='ocrx_word' id='word_1_416' title='bbox 1510 1227 1565 1244; x_wconf 73' lang='lat' dir='ltr'>non</span> <span class='ocrx_word' id='word_1_417' title='bbox 1590 1219 1788 1252; x_wconf 72' lang='lat' dir='ltr'>rationabilis,</span> <span class='ocrx_word' id='word_1_418' title='bbox 1803 1221 1970 1254; x_wconf 77' lang='lat' dir='ltr'>praevalere</span> <span class='ocrx_word' id='word_1_419' title='bbox 1985 1221 2116 1253; x_wconf 84' lang='lat' dir='ltr'>deberet,</span> <span class='ocrx_word' id='word_1_420' title='bbox 2132 1222 2232 1248; x_wconf 83' lang='lat' dir='ltr'>indul-</span> 
     </span>
     <span class='ocr_line' id='line_1_59' title="bbox 1231 1266 2230 1303; baseline 0.005 -12"><span class='ocrx_word' id='word_1_421' title='bbox 1231 1268 1278 1299; x_wconf 83' lang='lat' dir='ltr'>get</span> <span class='ocrx_word' id='word_1_422' title='bbox 1291 1268 1322 1291; x_wconf 89' lang='lat' dir='ltr'>ut</span> <span class='ocrx_word' id='word_1_423' title='bbox 1337 1266 1412 1299; x_wconf 83' lang='lat' dir='ltr'>quod</span> <span class='ocrx_word' id='word_1_424' title='bbox 1428 1275 1493 1292; x_wconf 90' lang='lat' dir='ltr'>cum</span> <span class='ocrx_word' id='word_1_425' title='bbox 1510 1267 1628 1300; x_wconf 74' lang='lat' dir='ltr'>majoris</span> <span class='ocrx_word' id='word_1_426' title='bbox 1644 1272 1672 1294; x_wconf 85' lang='lat' dir='ltr'>et</span> <span class='ocrx_word' id='word_1_427' title='bbox 1690 1268 1813 1295; x_wconf 77' lang='lat' dir='ltr'>sanioris</span> <span class='ocrx_word' id='word_1_428' title='bbox 1830 1269 1921 1303; x_wconf 77' lang='lat' dir='ltr'>partis</span> <span class='ocrx_word' id='word_1_429' title='bbox 1937 1274 2098 1296; x_wconf 74' lang='lat' dir='ltr'>conventus</span> <span class='ocrx_word' id='word_1_430' title='bbox 2111 1278 2230 1296; x_wconf 67' lang='lat' dir='ltr'>assensu</span> 
     </span>
     <span class='ocr_line' id='line_1_60' title="bbox 1231 1313 2231 1352; baseline 0.006 -13"><span class='ocrx_word' id='word_1_431' title='bbox 1231 1313 1309 1340; x_wconf 84' lang='lat' dir='ltr'>circa</span> <span class='ocrx_word' id='word_1_432' title='bbox 1328 1314 1458 1347; x_wconf 84' lang='lat' dir='ltr'>ejusdem</span> <span class='ocrx_word' id='word_1_433' title='bbox 1479 1316 1649 1342; x_wconf 78' lang='lat' dir='ltr'>monasterii</span> <span class='ocrx_word' id='word_1_434' title='bbox 1667 1317 1780 1349; x_wconf 80' lang='lat' dir='ltr'>negotia</span> <span class='ocrx_word' id='word_1_435' title='bbox 1797 1317 1903 1343; x_wconf 82' lang='lat' dir='ltr'>viderit</span> <span class='ocrx_word' id='word_1_436' title='bbox 1918 1318 2130 1347; x_wconf 81' lang='lat' dir='ltr'>ordinandum,</span> <span class='ocrx_word' id='word_1_437' title='bbox 2148 1326 2231 1352; x_wconf 83' lang='lat' dir='ltr'>prae-</span> 
     </span>
     <span class='ocr_line' id='line_1_61' title="bbox 1230 1361 2232 1399; baseline 0.005 -12"><span class='ocrx_word' id='word_1_438' title='bbox 1230 1362 1327 1388; x_wconf 76' lang='lat' dir='ltr'>valere</span> <span class='ocrx_word' id='word_1_439' title='bbox 1342 1361 1456 1395; x_wconf 81' lang='lat' dir='ltr'>debeat,</span> <span class='ocrx_word' id='word_1_440' title='bbox 1471 1371 1527 1389; x_wconf 78' lang='lat' dir='ltr'>non</span> <span class='ocrx_word' id='word_1_441' title='bbox 1544 1363 1678 1390; x_wconf 69' lang='lat' dir='ltr'>obstante</span> <span class='ocrx_word' id='word_1_442' title='bbox 1692 1365 1923 1392; x_wconf 85' lang='lat' dir='ltr'>contradictione</span> <span class='ocrx_word' id='word_1_443' title='bbox 1937 1373 2106 1399; x_wconf 76' lang='lat' dir='ltr'>paucorum,</span> <span class='ocrx_word' id='word_1_444' title='bbox 2122 1367 2177 1392; x_wconf 80' lang='lat' dir='ltr'>nisi</span> <span class='ocrx_word' id='word_1_445' title='bbox 2194 1366 2232 1393; x_wconf 84' lang='lat' dir='ltr'>ab</span> 
     </span>
     <span class='ocr_line' id='line_1_62' title="bbox 1229 1409 2230 1446; baseline 0.005 -11"><span class='ocrx_word' id='word_1_446' title='bbox 1229 1409 1271 1435; x_wconf 88' lang='lat' dir='ltr'>eis</span> <span class='ocrx_word' id='word_1_447' title='bbox 1285 1418 1381 1436; x_wconf 87' lang='lat' dir='ltr'>coram</span> <span class='ocrx_word' id='word_1_448' title='bbox 1395 1410 1458 1444; x_wconf 87' lang='lat' dir='ltr'>ipso</span> <span class='ocrx_word' id='word_1_449' title='bbox 1471 1411 1584 1444; x_wconf 84' lang='lat' dir='ltr'>aliquid</span> <span class='ocrx_word' id='word_1_450' title='bbox 1604 1412 1779 1439; x_wconf 83' lang='lat' dir='ltr'>rationabile</span> <span class='ocrx_word' id='word_1_451' title='bbox 1793 1413 1955 1446; x_wconf 83' lang='lat' dir='ltr'>objectum,</span> <span class='ocrx_word' id='word_1_452' title='bbox 1970 1417 1997 1440; x_wconf 92' lang='lat' dir='ltr'>et</span> <span class='ocrx_word' id='word_1_453' title='bbox 2007 1435 2013 1445; x_wconf 78' lang='lat'>,</span> <span class='ocrx_word' id='word_1_454' title='bbox 2028 1414 2051 1440; x_wconf 87' lang='lat' dir='ltr'>si</span> <span class='ocrx_word' id='word_1_455' title='bbox 2073 1414 2230 1441; x_wconf 69' lang='lat' dir='ltr'>necessitas</span> 
     </span>
     <span class='ocr_line' id='line_1_63' title="bbox 1228 1451 2230 1495; baseline 0.006 -12"><span class='ocrx_word' id='word_1_456' title='bbox 1228 1457 1259 1483; x_wconf 88' lang='lat' dir='ltr'>id</span> <span class='ocrx_word' id='word_1_457' title='bbox 1284 1451 1438 1491; x_wconf 46' lang='lat' dir='ltr'>exegerits</span> <span class='ocrx_word' id='word_1_458' title='bbox 1455 1467 1551 1485; x_wconf 84' lang='lat' dir='ltr'>coram</span> <span class='ocrx_word' id='word_1_459' title='bbox 1578 1459 1676 1492; x_wconf 85' lang='lat' dir='ltr'>judice</span> <span class='ocrx_word' id='word_1_460' title='bbox 1698 1461 1876 1494; x_wconf 77' lang='lat' dir='ltr'>competenti</span> <span class='ocrx_word' id='word_1_461' title='bbox 1903 1461 2055 1495; x_wconf 83' lang='lat' dir='ltr'>probatum</span> <span class='ocrx_word' id='word_1_462' title='bbox 2080 1462 2177 1488; x_wconf 77' lang='lat' dir='ltr'>fuerit.</span> <span class='ocrx_word' id='word_1_463' title='bbox 2198 1477 2230 1480; x_wconf 96' lang='lat'><strong>—</strong></span> 
     </span>
     <span class='ocr_line' id='line_1_64' title="bbox 1228 1506 1783 1539; baseline 0.004 -7"><span class='ocrx_word' id='word_1_464' title='bbox 1228 1506 1314 1537; x_wconf 70' lang='lat' dir='ltr'>(Bm.</span> <span class='ocrx_word' id='word_1_465' title='bbox 1330 1506 1372 1538; x_wconf 86' lang='lat'>18,</span> <span class='ocrx_word' id='word_1_466' title='bbox 1391 1507 1410 1532; x_wconf 78' lang='lat' dir='ltr'>f.</span> <span class='ocrx_word' id='word_1_467' title='bbox 1427 1506 1460 1533; x_wconf 86' lang='lat'>16</span> <span class='ocrx_word' id='word_1_468' title='bbox 1474 1510 1519 1538; x_wconf 77' lang='lat' dir='ltr'>v⁰;</span> <span class='ocrx_word' id='word_1_469' title='bbox 1533 1516 1602 1533; x_wconf 85' lang='lat' dir='ltr'>ann.</span> <span class='ocrx_word' id='word_1_470' title='bbox 1619 1508 1670 1539; x_wconf 77' lang='lat' dir='ltr'>lx,</span> <span class='ocrx_word' id='word_1_471' title='bbox 1687 1517 1712 1534; x_wconf 87' lang='lat' dir='ltr'>c.</span> <span class='ocrx_word' id='word_1_472' title='bbox 1727 1508 1783 1539; x_wconf 87' lang='grc'><strong><em>33.)</em></strong></span> 
     </span>
    </p>
   </div>
   <div class='ocr_carea' id='block_1_20' title="bbox 1225 1614 2230 1753">
    <p class='ocr_par' dir='ltr' id='par_1_20' title="bbox 1225 1614 2230 1753">
     <span class='ocr_line' id='line_1_65' title="bbox 1269 1614 2230 1651; baseline 0.006 -11"><span class='ocrx_word' id='word_1_473' title='bbox 1269 1625 1282 1640; x_wconf 67' lang='grc' dir='ltr'>ι(</span> <span class='ocrx_word' id='word_1_474' title='bbox 1307 1614 1445 1651; x_wconf 75' lang='lat' dir='ltr'>Huyoni,</span> <span class='ocrx_word' id='word_1_475' title='bbox 1472 1615 1573 1643; x_wconf 83' lang='lat' dir='ltr'>abbati</span> <span class='ocrx_word' id='word_1_476' title='bbox 1596 1616 1775 1643; x_wconf 75' lang='lat' dir='ltr'>monasterii</span> <span class='ocrx_word' id='word_1_477' title='bbox 1794 1616 1901 1645; x_wconf 81' lang='lat' dir='ltr'>Sancti</span> <span class='ocrx_word' id='word_1_478' title='bbox 1918 1617 2055 1645; x_wconf 72' lang='lat' dir='ltr'>Audocni</span> <span class='ocrx_word' id='word_1_479' title='bbox 2069 1618 2230 1646; x_wconf 75' lang='lat' dir='ltr'>ltotlioma-</span> 
     </span>
     <span class='ocr_line' id='line_1_66' title="bbox 1225 1657 2229 1706; baseline 0.004 -12"><span class='ocrx_word' id='word_1_480' title='bbox 1225 1657 1341 1703; x_wconf 74' lang='lat' dir='ltr'>qensis,</span> <span class='ocrx_word' id='word_1_481' title='bbox 1369 1667 1489 1695; x_wconf 78' lang='lat' dir='ltr'>ordinis</span> <span class='ocrx_word' id='word_1_482' title='bbox 1513 1669 1613 1696; x_wconf 81' lang='lat' dir='ltr'>sancti</span> <span class='ocrx_word' id='word_1_483' title='bbox 1639 1668 1803 1697; x_wconf 78' lang='lat' dir='ltr'>Benedicti.</span> <span class='ocrx_word' id='word_1_484' title='bbox 1828 1668 1872 1697; x_wconf 81' lang='lat' dir='ltr'>Ex</span> <span class='ocrx_word' id='word_1_485' title='bbox 1896 1672 1986 1706; x_wconf 88' lang='lat' dir='ltr'>parte</span> <span class='ocrx_word' id='word_1_486' title='bbox 2008 1673 2062 1698; x_wconf 82' lang='lat' dir='ltr'>tua</span> <span class='ocrx_word' id='word_1_487' title='bbox 2083 1686 2130 1697; x_wconf 91' lang='lat'>—.</span> <span class='ocrx_word' id='word_1_488' title='bbox 2156 1670 2229 1699; x_wconf 75' lang='lat' dir='ltr'>Dat.</span> 
     </span>
     <span class='ocr_line' id='line_1_67' title="bbox 1227 1718 1962 1753; baseline 0.003 -6"><span class='ocrx_word' id='word_1_489' title='bbox 1227 1718 1430 1753; x_wconf 71' lang='lat' dir='ltr'>Pe1·usii‚V1</span> <span class='ocrx_word' id='word_1_490' title='bbox 1446 1718 1603 1749; x_wconf 82' lang='lat' dir='ltr'>kalendas</span> <span class='ocrx_word' id='word_1_491' title='bbox 1620 1719 1710 1753; x_wconf 80' lang='lat' dir='ltr'>maii,</span> <span class='ocrx_word' id='word_1_492' title='bbox 1729 1729 1815 1749; x_wconf 88' lang='lat' dir='ltr'>anno</span> <span class='ocrx_word' id='word_1_493' title='bbox 1833 1729 1929 1749; x_wconf 87' lang='lat' dir='ltr'>nono.</span> <span class='ocrx_word' id='word_1_494' title='bbox 1949 1733 1962 1746; x_wconf 78' lang='lat' dir='ltr'>n</span> 
     </span>
    </p>
   </div>
   <div class='ocr_carea' id='block_1_21' title="bbox 1295 1930 1410 1958">
    <p class='ocr_par' dir='ltr' id='par_1_21' title="bbox 1295 1930 1410 1958">
     <span class='ocr_line' id='line_1_68' title="bbox 1295 1930 1410 1958; baseline 0.017 -2"><span class='ocrx_word' id='word_1_495' title='bbox 1295 1930 1410 1958; x_wconf 58' lang='lat'>2522</span> 
     </span>
    </p>
   </div>
   <div class='ocr_carea' id='block_1_22' title="bbox 1223 1991 2225 2170">
    <p class='ocr_par' dir='ltr' id='par_1_22' title="bbox 1223 1991 2225 2170">
     <span class='ocr_line' id='line_1_69' title="bbox 1259 1991 2225 2027; baseline 0.003 -10"><span class='ocrx_word' id='word_1_496' title='bbox 1259 1991 1361 2018; x_wconf 88' lang='lat' dir='ltr'>Electo</span> <span class='ocrx_word' id='word_1_497' title='bbox 1378 1991 1589 2018; x_wconf 87' lang='lat' dir='ltr'>Terraconensi</span> <span class='ocrx_word' id='word_1_498' title='bbox 1611 1992 1715 2019; x_wconf 83' lang='lat' dir='ltr'>scribit</span> <span class='ocrx_word' id='word_1_499' title='bbox 1737 2001 1766 2019; x_wconf 89' lang='lat' dir='ltr'>se</span> <span class='ocrx_word' id='word_1_500' title='bbox 1787 1995 1914 2019; x_wconf 83' lang='lat' dir='ltr'>statuere</span> <span class='ocrx_word' id='word_1_501' title='bbox 1934 1996 1965 2020; x_wconf 90' lang='lat' dir='ltr'>ut</span> <span class='ocrx_word' id='word_1_502' title='bbox 1986 1993 2047 2027; x_wconf 81' lang='lat' dir='ltr'>ipse</span> <span class='ocrx_word' id='word_1_503' title='bbox 2067 1995 2175 2020; x_wconf 76' lang='lat' dir='ltr'>clectus</span> <span class='ocrx_word' id='word_1_504' title='bbox 2198 1999 2225 2021; x_wconf 91' lang='lat' dir='ltr'>et</span> 
     </span>
     <span class='ocr_line' id='line_1_70' title="bbox 1223 2039 2225 2075; baseline 0.002 -9"><span class='ocrx_word' id='word_1_505' title='bbox 1223 2048 1324 2066; x_wconf 83' lang='lat' dir='ltr'>omnes</span> <span class='ocrx_word' id='word_1_506' title='bbox 1340 2039 1475 2073; x_wconf 86' lang='lat' dir='ltr'>praelati,</span> <span class='ocrx_word' id='word_1_507' title='bbox 1489 2039 1618 2073; x_wconf 79' lang='lat' dir='ltr'>religiosi</span> <span class='ocrx_word' id='word_1_508' title='bbox 1635 2043 1662 2067; x_wconf 90' lang='lat' dir='ltr'>et</span> <span class='ocrx_word' id='word_1_509' title='bbox 1679 2041 1747 2067; x_wconf 84' lang='lat' dir='ltr'>laici</span> <span class='ocrx_word' id='word_1_510' title='bbox 1764 2040 1845 2074; x_wconf 83' lang='lat' dir='ltr'>regni</span> <span class='ocrx_word' id='word_1_511' title='bbox 1860 2042 2028 2075; x_wconf 72' lang='lat' dir='ltr'>Aragonum</span> <span class='ocrx_word' id='word_1_512' title='bbox 2049 2047 2075 2068; x_wconf 88' lang='lat' dir='ltr'>et</span> <span class='ocrx_word' id='word_1_513' title='bbox 2099 2042 2225 2074; x_wconf 66' lang='lat' dir='ltr'>regionis</span> 
     </span>
     <span class='ocr_line' id='line_1_71' title="bbox 1224 2088 2223 2123; baseline 0.002 -9"><span class='ocrx_word' id='word_1_514' title='bbox 1224 2088 1450 2122; x_wconf 85' lang='lat' dir='ltr'>circumpositae</span> <span class='ocrx_word' id='word_1_515' title='bbox 1465 2096 1532 2114; x_wconf 86' lang='lat' dir='ltr'>cum</span> <span class='ocrx_word' id='word_1_516' title='bbox 1550 2088 1674 2121; x_wconf 69' lang='lat' dir='ltr'>JIacobol</span> <span class='ocrx_word' id='word_1_517' title='bbox 1687 2110 1693 2121; x_wconf 97' lang='lat'>,</span> <span class='ocrx_word' id='word_1_518' title='bbox 1710 2097 1775 2122; x_wconf 80' lang='lat' dir='ltr'>rege</span> <span class='ocrx_word' id='word_1_519' title='bbox 1796 2090 1981 2123; x_wconf 76' lang='lat' dir='ltr'>Aragonum,</span> <span class='ocrx_word' id='word_1_520' title='bbox 1999 2098 2098 2123; x_wconf 83' lang='lat' dir='ltr'>pacem</span> <span class='ocrx_word' id='word_1_521' title='bbox 2114 2090 2223 2123; x_wconf 83' lang='lat' dir='ltr'>jurent.</span> 
     </span>
     <span class='ocr_line' id='line_1_72' title="bbox 1223 2136 2224 2170; baseline 0.001 -7"><span class='ocrx_word' id='word_1_522' title='bbox 1223 2151 1256 2155; x_wconf 89' lang='lat'>—</span> <span class='ocrx_word' id='word_1_523' title='bbox 1272 2137 1358 2168; x_wconf 69' lang='lat' dir='ltr'>(Bm.</span> <span class='ocrx_word' id='word_1_524' title='bbox 1375 2136 1419 2169; x_wconf 76' lang='lat'>18,</span> <span class='ocrx_word' id='word_1_525' title='bbox 1434 2137 1454 2163; x_wconf 86' lang='lat' dir='ltr'>f.</span> <span class='ocrx_word' id='word_1_526' title='bbox 1469 2137 1502 2163; x_wconf 88' lang='grc'><strong>16</strong></span> <span class='ocrx_word' id='word_1_527' title='bbox 1515 2140 1560 2169; x_wconf 72' lang='lat' dir='ltr'>v⁰;</span> <span class='ocrx_word' id='word_1_528' title='bbox 1577 2146 1646 2163; x_wconf 88' lang='lat' dir='ltr'>ann.</span> <span class='ocrx_word' id='word_1_529' title='bbox 1662 2137 1714 2169; x_wconf 78' lang='lat' dir='ltr'>IX,</span> <span class='ocrx_word' id='word_1_530' title='bbox 1727 2146 1751 2163; x_wconf 84' lang='lat' dir='ltr'>c.</span> <span class='ocrx_word' id='word_1_531' title='bbox 1763 2137 1810 2168; x_wconf 68' lang='lat'>34:</span> <span class='ocrx_word' id='word_1_532' title='bbox 1829 2152 1860 2155; x_wconf 97' lang='lat'><strong>—</strong></span> <span class='ocrx_word' id='word_1_533' title='bbox 1872 2137 2004 2165; x_wconf 64' lang='lat' dir='ltr'>Monam</span> <span class='ocrx_word' id='word_1_534' title='bbox 2020 2138 2098 2169; x_wconf 83' lang='lat'>1190,</span> <span class='ocrx_word' id='word_1_535' title='bbox 2116 2139 2136 2164; x_wconf 79' lang='lat' dir='ltr'>f.</span> <span class='ocrx_word' id='word_1_536' title='bbox 2148 2138 2224 2170; x_wconf 69' lang='lat'>252.)</span> 
     </span>
    </p>
   </div>
   <div class='ocr_carea' id='block_1_23' title="bbox 1787 1932 2154 1964">
    <p class='ocr_par' dir='ltr' id='par_1_23' title="bbox 1787 1932 2154 1964">
     <span class='ocr_line' id='line_1_73' title="bbox 1787 1932 2154 1964; baseline 0.005 -7"><span class='ocrx_word' id='word_1_537' title='bbox 1787 1932 1922 1964; x_wconf 77' lang='lat' dir='ltr'>Perouse,</span> <span class='ocrx_word' id='word_1_538' title='bbox 1936 1932 1969 1959; x_wconf 73' lang='lat'>24</span> <span class='ocrx_word' id='word_1_539' title='bbox 1984 1933 2060 1959; x_wconf 77' lang='lat' dir='ltr'>avril</span> <span class='ocrx_word' id='word_1_540' title='bbox 2077 1933 2154 1959; x_wconf 72' lang='lat'>1235.</span> 
     </span>
    </p>
   </div>
   <div class='ocr_carea' id='block_1_24' title="bbox 1215 2244 2224 2965">
    <p class='ocr_par' dir='ltr' id='par_1_24' title="bbox 1215 2244 2224 2965">
     <span class='ocr_line' id='line_1_74' title="bbox 1264 2244 2224 2282; baseline 0.003 -11"><span class='ocrx_word' id='word_1_541' title='bbox 1264 2256 1276 2270; x_wconf 89' lang='lat'>«</span> <span class='ocrx_word' id='word_1_542' title='bbox 1297 2267 1317 2272; x_wconf 87' lang='lat'>..</span> <span class='ocrx_word' id='word_1_543' title='bbox 1334 2245 1423 2273; x_wconf 80' lang='lat' dir='ltr'>electo</span> <span class='ocrx_word' id='word_1_544' title='bbox 1445 2245 1672 2273; x_wconf 74' lang='lat' dir='ltr'>Terraconensi.</span> <span class='ocrx_word' id='word_1_545' title='bbox 1697 2244 1791 2274; x_wconf 86' lang='lat' dir='ltr'>Illius</span> <span class='ocrx_word' id='word_1_546' title='bbox 1812 2245 1899 2282; x_wconf 73' lang='lat' dir='ltr'>regis</span> <span class='ocrx_word' id='word_1_547' title='bbox 1921 2245 2048 2282; x_wconf 81' lang='lat' dir='ltr'>pacifici</span> <span class='ocrx_word' id='word_1_548' title='bbox 2068 2263 2115 2274; x_wconf 85' lang='lat'>—.</span> <span class='ocrx_word' id='word_1_549' title='bbox 2139 2246 2224 2274; x_wconf 78' lang='lat' dir='ltr'>Sane</span> 
     </span>
     <span class='ocr_line' id='line_1_75' title="bbox 1222 2297 2223 2336; baseline 0.001 -10"><span class='ocrx_word' id='word_1_550' title='bbox 1222 2297 1263 2326; x_wconf 85' lang='lat' dir='ltr'>ad</span> <span class='ocrx_word' id='word_1_551' title='bbox 1288 2300 1435 2326; x_wconf 84' lang='lat' dir='ltr'>nostram</span> <span class='ocrx_word' id='word_1_552' title='bbox 1463 2297 1593 2326; x_wconf 80' lang='lat' dir='ltr'>noveris</span> <span class='ocrx_word' id='word_1_553' title='bbox 1623 2297 1827 2327; x_wconf 83' lang='lat' dir='ltr'>audientiam</span> <span class='ocrx_word' id='word_1_554' title='bbox 1856 2297 2045 2335; x_wconf 73' lang='lat' dir='ltr'>pervenisse</span> <span class='ocrx_word' id='word_1_555' title='bbox 2073 2298 2158 2336; x_wconf 88' lang='lat' dir='ltr'>quod</span> <span class='ocrx_word' id='word_1_556' title='bbox 2188 2298 2223 2327; x_wconf 90' lang='lat' dir='ltr'>in</span> 
     </span>
     <span class='ocr_line' id='line_1_76' title="bbox 1220 2349 2223 2388; baseline 0.002 -10"><span class='ocrx_word' id='word_1_557' title='bbox 1220 2358 1322 2387; x_wconf 80' lang='lat' dir='ltr'>regno</span> <span class='ocrx_word' id='word_1_558' title='bbox 1338 2350 1529 2387; x_wconf 80' lang='lat' dir='ltr'>Aragonum</span> <span class='ocrx_word' id='word_1_559' title='bbox 1547 2353 1578 2379; x_wconf 89' lang='lat' dir='ltr'>et</span> <span class='ocrx_word' id='word_1_560' title='bbox 1599 2349 1832 2387; x_wconf 85' lang='lat' dir='ltr'>circumposita</span> <span class='ocrx_word' id='word_1_561' title='bbox 1855 2350 1989 2387; x_wconf 76' lang='lat' dir='ltr'>regione</span> <span class='ocrx_word' id='word_1_562' title='bbox 2012 2359 2115 2388; x_wconf 85' lang='lat' dir='ltr'>usque</span> <span class='ocrx_word' id='word_1_563' title='bbox 2143 2350 2223 2380; x_wconf 86' lang='lat' dir='ltr'>adeo</span> 
     </span>
     <span class='ocr_line' id='line_1_77' title="bbox 1219 2401 2222 2442; baseline 0.001 -11"><span class='ocrx_word' id='word_1_564' title='bbox 1219 2401 1439 2440; x_wconf 84' lang='lat' dir='ltr'>multiplicata</span> <span class='ocrx_word' id='word_1_565' title='bbox 1465 2407 1512 2432; x_wconf 86' lang='lat' dir='ltr'>est</span> <span class='ocrx_word' id='word_1_566' title='bbox 1540 2402 1700 2441; x_wconf 81' lang='lat' dir='ltr'>iniquitas</span> <span class='ocrx_word' id='word_1_567' title='bbox 1724 2402 1955 2440; x_wconf 80' lang='lat' dir='ltr'>superborum,</span> <span class='ocrx_word' id='word_1_568' title='bbox 1979 2403 2036 2442; x_wconf 85' lang='lat' dir='ltr'>qui</span> <span class='ocrx_word' id='word_1_569' title='bbox 2053 2420 2091 2424; x_wconf 92' lang='lat'><strong>—</strong></span> <span class='ocrx_word' id='word_1_570' title='bbox 2110 2412 2222 2441; x_wconf 81' lang='lat' dir='ltr'>pacem</span> 
     </span>
     <span class='ocr_line' id='line_1_78' title="bbox 1220 2455 2222 2495; baseline 0 -10"><span class='ocrx_word' id='word_1_571' title='bbox 1220 2456 1353 2485; x_wconf 82' lang='lat' dir='ltr'>turbant</span> <span class='ocrx_word' id='word_1_572' title='bbox 1373 2455 1559 2485; x_wconf 73' lang='lat' dir='ltr'>etz—hona</span> <span class='ocrx_word' id='word_1_573' title='bbox 1586 2461 1651 2485; x_wconf 89' lang='lat' dir='ltr'>tam</span> <span class='ocrx_word' id='word_1_574' title='bbox 1679 2455 1903 2485; x_wconf 74' lang='lat' dir='ltr'>ecclesiastica</span> <span class='ocrx_word' id='word_1_575' title='bbox 1928 2465 2026 2495; x_wconf 84' lang='lat' dir='ltr'>quam</span> <span class='ocrx_word' id='word_1_576' title='bbox 2055 2456 2222 2485; x_wconf 84' lang='lat' dir='ltr'>mundana</span> 
     </span>
     <span class='ocr_line' id='line_1_79' title="bbox 1219 2508 2218 2547; baseline -0.002 -9"><span class='ocrx_word' id='word_1_577' title='bbox 1219 2509 1379 2547; x_wconf 84' lang='lat' dir='ltr'>diripiunt</span> <span class='ocrx_word' id='word_1_578' title='bbox 1397 2513 1427 2538; x_wconf 81' lang='lat' dir='ltr'>et</span> <span class='ocrx_word' id='word_1_579' title='bbox 1443 2508 1632 2546; x_wconf 78' lang='lat' dir='ltr'>predantur.</span> <span class='ocrx_word' id='word_1_580' title='bbox 1651 2509 1748 2547; x_wconf 85' lang='lat' dir='ltr'>quod,</span> <span class='ocrx_word' id='word_1_581' title='bbox 1767 2509 1832 2538; x_wconf 84' lang='lat' dir='ltr'>nisi</span> <span class='ocrx_word' id='word_1_582' title='bbox 1849 2509 1896 2538; x_wconf 73' lang='lat' dir='ltr'>eis</span> <span class='ocrx_word' id='word_1_583' title='bbox 1916 2509 2015 2538; x_wconf 84' lang='lat' dir='ltr'>fuerit</span> <span class='ocrx_word' id='word_1_584' title='bbox 2033 2508 2218 2541; x_wconf 72' lang='lat' dir='ltr'>obviatum,</span> 
     </span>
     <span class='ocr_line' id='line_1_80' title="bbox 1218 2560 2220 2600; baseline -0.001 -9"><span class='ocrx_word' id='word_1_585' title='bbox 1218 2570 1292 2591; x_wconf 90' lang='lat' dir='ltr'>cum</span> <span class='ocrx_word' id='word_1_586' title='bbox 1312 2561 1460 2600; x_wconf 78' lang='lat' dir='ltr'>ipsorum</span> <span class='ocrx_word' id='word_1_587' title='bbox 1485 2561 1639 2599; x_wconf 80' lang='lat' dir='ltr'>superbia</span> <span class='ocrx_word' id='word_1_588' title='bbox 1660 2570 1789 2599; x_wconf 78' lang='lat' dir='ltr'>semper</span> <span class='ocrx_word' id='word_1_589' title='bbox 1813 2561 1985 2591; x_wconf 82' lang='lat' dir='ltr'>ascendat.</span> <span class='ocrx_word' id='word_1_590' title='bbox 2006 2560 2220 2599; x_wconf 81' lang='lat' dir='ltr'>irreparabile</span> 
     </span>
     <span class='ocr_line' id='line_1_81' title="bbox 1217 2613 2219 2651; baseline -0.002 -8"><span class='ocrx_word' id='word_1_591' title='bbox 1217 2618 1303 2643; x_wconf 87' lang='lat' dir='ltr'>terre</span> <span class='ocrx_word' id='word_1_592' title='bbox 1326 2613 1470 2651; x_wconf 87' lang='lat' dir='ltr'>predicte</span> <span class='ocrx_word' id='word_1_593' title='bbox 1498 2614 1647 2643; x_wconf 83' lang='lat' dir='ltr'>imminet</span> <span class='ocrx_word' id='word_1_594' title='bbox 1670 2613 1915 2643; x_wconf 77' lang='lat' dir='ltr'>detrimentum.</span> <span class='ocrx_word' id='word_1_595' title='bbox 1939 2613 2094 2642; x_wconf 69' lang='lat' dir='ltr'>Volentes</span> <span class='ocrx_word' id='word_1_596' title='bbox 2118 2613 2219 2650; x_wconf 72' lang='lat' dir='ltr'>igitur</span> 
     </span>
     <span class='ocr_line' id='line_1_82' title="bbox 1216 2664 2219 2704; baseline -0.001 -10"><span class='ocrx_word' id='word_1_597' title='bbox 1216 2666 1294 2695; x_wconf 86' lang='lat' dir='ltr'>huic</span> <span class='ocrx_word' id='word_1_598' title='bbox 1310 2666 1393 2704; x_wconf 86' lang='lat' dir='ltr'>pesti</span> <span class='ocrx_word' id='word_1_599' title='bbox 1407 2666 1576 2695; x_wconf 84' lang='lat' dir='ltr'>mortifere</span> <span class='ocrx_word' id='word_1_600' title='bbox 1593 2674 1763 2695; x_wconf 83' lang='lat' dir='ltr'>occurrere</span> <span class='ocrx_word' id='word_1_601' title='bbox 1780 2665 1926 2694; x_wconf 84' lang='lat' dir='ltr'>antidoto</span> <span class='ocrx_word' id='word_1_602' title='bbox 1942 2664 2090 2695; x_wconf 83' lang='lat' dir='ltr'>salutari.</span> <span class='ocrx_word' id='word_1_603' title='bbox 2110 2664 2219 2694; x_wconf 82' lang='lat' dir='ltr'>taliter</span> 
     </span>
     <span class='ocr_line' id='line_1_83' title="bbox 1217 2717 2216 2754; baseline -0.001 -7"><span class='ocrx_word' id='word_1_604' title='bbox 1217 2718 1371 2748; x_wconf 71' lang='lat' dir='ltr'>duximus</span> <span class='ocrx_word' id='word_1_605' title='bbox 1392 2718 1602 2748; x_wconf 81' lang='lat' dir='ltr'>statuendum</span> <span class='ocrx_word' id='word_1_606' title='bbox 1621 2722 1654 2747; x_wconf 88' lang='lat' dir='ltr'>ut</span> <span class='ocrx_word' id='word_1_607' title='bbox 1673 2722 1705 2746; x_wconf 86' lang='lat' dir='ltr'>tu</span> <span class='ocrx_word' id='word_1_608' title='bbox 1727 2721 1755 2746; x_wconf 82' lang='lat' dir='ltr'>ct</span> <span class='ocrx_word' id='word_1_609' title='bbox 1779 2717 1980 2754; x_wconf 73' lang='lat' dir='ltr'>suffraganei</span> <span class='ocrx_word' id='word_1_610' title='bbox 2000 2717 2057 2752; x_wconf 78' lang='lat' dir='ltr'>tui,</span> <span class='ocrx_word' id='word_1_611' title='bbox 2078 2726 2134 2746; x_wconf 80' lang='lat' dir='ltr'>nec</span> <span class='ocrx_word' id='word_1_612' title='bbox 2153 2726 2216 2746; x_wconf 76' lang='lat' dir='ltr'>non</span> 
     </span>
     <span class='ocr_line' id='line_1_84' title="bbox 1218 2768 2215 2807; baseline -0.003 -7"><span class='ocrx_word' id='word_1_613' title='bbox 1218 2770 1370 2805; x_wconf 84' lang='lat' dir='ltr'>abbates,</span> <span class='ocrx_word' id='word_1_614' title='bbox 1389 2770 1628 2800; x_wconf 83' lang='lat' dir='ltr'>archidiaconi.</span> <span class='ocrx_word' id='word_1_615' title='bbox 1653 2774 1683 2799; x_wconf 89' lang='lat' dir='ltr'>et</span> <span class='ocrx_word' id='word_1_616' title='bbox 1702 2769 1759 2799; x_wconf 81' lang='lat' dir='ltr'>alii</span> <span class='ocrx_word' id='word_1_617' title='bbox 1782 2768 1898 2807; x_wconf 82' lang='lat' dir='ltr'>prelati</span> <span class='ocrx_word' id='word_1_618' title='bbox 1920 2778 1955 2798; x_wconf 82' lang='lat' dir='ltr'>ac</span> <span class='ocrx_word' id='word_1_619' title='bbox 1973 2769 2035 2797; x_wconf 79' lang='lat' dir='ltr'>viri</span> <span class='ocrx_word' id='word_1_620' title='bbox 2056 2768 2215 2806; x_wconf 68' lang='lat' dir='ltr'>religiosi,</span> 
     </span>
     <span class='ocr_line' id='line_1_85' title="bbox 1216 2820 2217 2861; baseline -0.002 -9"><span class='ocrx_word' id='word_1_621' title='bbox 1216 2823 1400 2861; x_wconf 80' lang='lat' dir='ltr'>principes,</span> <span class='ocrx_word' id='word_1_622' title='bbox 1419 2822 1541 2851; x_wconf 81' lang='lat' dir='ltr'>milites</span> <span class='ocrx_word' id='word_1_623' title='bbox 1558 2826 1587 2851; x_wconf 86' lang='lat' dir='ltr'>et</span> <span class='ocrx_word' id='word_1_624' title='bbox 1605 2821 1743 2860; x_wconf 85' lang='lat' dir='ltr'>populns</span> <span class='ocrx_word' id='word_1_625' title='bbox 1765 2821 1940 2850; x_wconf 76' lang='lat' dir='ltr'>universus</span> <span class='ocrx_word' id='word_1_626' title='bbox 1966 2825 2049 2850; x_wconf 83' lang='lat' dir='ltr'>terre</span> <span class='ocrx_word' id='word_1_627' title='bbox 2073 2820 2217 2858; x_wconf 82' lang='lat' dir='ltr'>predicte</span> 
     </span>
     <span class='ocr_line' id='line_1_86' title="bbox 1215 2872 2216 2914; baseline -0.004 -9"><span class='ocrx_word' id='word_1_628' title='bbox 1215 2884 1329 2914; x_wconf 85' lang='lat' dir='ltr'>pacem</span> <span class='ocrx_word' id='word_1_629' title='bbox 1355 2884 1428 2904; x_wconf 82' lang='lat' dir='ltr'>cum</span> <span class='ocrx_word' id='word_1_630' title='bbox 1446 2874 1622 2904; x_wconf 78' lang='lat' dir='ltr'>karissimo</span> <span class='ocrx_word' id='word_1_631' title='bbox 1639 2874 1673 2903; x_wconf 87' lang='lat' dir='ltr'>in</span> <span class='ocrx_word' id='word_1_632' title='bbox 1692 2873 1823 2903; x_wconf 82' lang='lat' dir='ltr'>Christo</span> <span class='ocrx_word' id='word_1_633' title='bbox 1844 2872 1912 2902; x_wconf 82' lang='lat' dir='ltr'>filio</span> <span class='ocrx_word' id='word_1_634' title='bbox 1930 2878 2040 2902; x_wconf 84' lang='lat' dir='ltr'>nostro</span> <span class='ocrx_word' id='word_1_635' title='bbox 2057 2874 2100 2903; x_wconf 83' lang='lat' dir='ltr'>J..</span> <span class='ocrx_word' id='word_1_636' title='bbox 2121 2872 2216 2902; x_wconf 86' lang='lat' dir='ltr'>illus-</span> 
     </span>
     <span class='ocr_line' id='line_1_87' title="bbox 1218 2925 2217 2965; baseline -0.005 -7"><span class='ocrx_word' id='word_1_637' title='bbox 1218 2929 1260 2958; x_wconf 88' lang='lat' dir='ltr'>tri</span> <span class='ocrx_word' id='word_1_638' title='bbox 1276 2937 1351 2965; x_wconf 80' lang='lat' dir='ltr'>rege</span> <span class='ocrx_word' id='word_1_639' title='bbox 1368 2928 1571 2965; x_wconf 70' lang='lat' dir='ltr'>Aragonnm,</span> <span class='ocrx_word' id='word_1_640' title='bbox 1590 2926 1783 2955; x_wconf 67' lang='lat' dir='ltr'>auctoritate</span> <span class='ocrx_word' id='word_1_641' title='bbox 1801 2929 1911 2955; x_wconf 83' lang='lat' dir='ltr'>nostra</span> <span class='ocrx_word' id='word_1_642' title='bbox 1926 2925 2062 2964; x_wconf 70' lang='lat' dir='ltr'>juretis.</span> <span class='ocrx_word' id='word_1_643' title='bbox 2081 2931 2110 2954; x_wconf 80' lang='lat' dir='ltr'>et</span> <span class='ocrx_word' id='word_1_644' title='bbox 2129 2925 2217 2963; x_wconf 85' lang='lat' dir='ltr'>quod</span> 
     </span>
    </p>
   </div>
  </div>
 </body>
</html>
