2423 3487
135 284 205 314 1087
854 276 1091 307 nsols‘rnsss
1114 273 1169 304 DE
1191 267 1413 303 GREGOIRE
1438 273 1494 302 lx.

132 360 165 381 se
185 354 214 380 et
234 349 428 388 quibusdam
451 357 487 378 ex
504 346 724 384 suffraganeis
741 344 825 380 suis,
849 352 907 373 nec
924 351 988 372 non
1006 339 1134 371 abbati-

132 403 202 437 lvus,
228 401 394 440 prioribus
417 405 444 430 et
472 399 626 438 capitulis
650 407 707 428 sue
732 396 912 436 provincie,
942 417 961 423 ..
988 392 1133 431 Magalo-

132 455 255 484 uensis.
280 477 299 482 ..
325 453 499 483 Eduensis.
522 475 540 480 ..
564 449 798 488 Lingonensis,
828 471 847 476 ..
874 445 1044 477 Albiensis
1062 448 1131 475 et..

133 507 332 536 ltutenensis
350 505 504 544 episcopi,
524 513 580 542 pro
598 513 631 533 56
649 508 679 532 et
697 501 839 531 subditis
856 500 937 535 suis,
951 498 1132 529 sentientes

131 559 275 589 indebite
294 568 327 588 se
351 558 492 596 gravari,
514 566 549 586 ex
568 565 604 585 eo
621 555 718 594 quod,
741 563 805 584 non
821 552 945 583 vocatis
962 551 1087 581 eisdem
1103 554 1135 579 et

132 611 345 641 ecclesiarum
362 609 577 639 facultatibus
602 617 665 638 non
693 606 852 645 pensatis,
870 605 957 634 inter
974 603 1062 641 ipsos
1078 611 1134 640 pe-

132 664 263 693 cuniam
277 663 382 701 ipsam
396 670 567 701 perperam
585 670 642 699 pro
659 669 718 690 sua
730 659 897 689 voluntate
908 656 1040 690 taxavit,
1054 659 1085 685 et
1096 663 1132 685 ex

131 716 205 745 aliis
219 716 318 755 justis
332 715 452 751 causis,
472 714 511 743 ad
528 718 674 743 nostram
693 711 895 741 audientiam
913 707 1130 747 appellarunt.

129 771 171 798 At
188 769 286 803 idem,
305 778 417 798 eorum
436 767 655 806 appellatione
673 768 871 802 contempta,
889 762 927 791 de
944 762 1041 794 sacto,
1059 767 1132 789 cum

130 822 255 860 dejure
275 830 338 850 non
356 824 477 858 posset,
498 816 849 849 excommunicationis
866 813 1065 844 sententiam
1081 815 1133 841 tu-

131 875 209 904 lisse
226 874 346 903 dicitur
363 874 397 902 in
418 873 561 903 eosdem.
582 869 855 901 Procuratoribus
872 867 975 905 igitur
991 865 1132 904 partium

131 932 261 965 propter
274 926 335 955 hoc
353 925 437 964 apud
455 925 571 955 Sedem
589 922 811 962 Apostolicam
829 920 1019 950 constitutis
1035 927 1133 948 vene-

131 978 268 1008 rabilem
307 978 441 1007 fratrem
472 981 621 1006 nostrum
651 972 879 1015 R[omanum]‚
917 973 1131 1002 Portuensem

132 1032 332 1069 episcopum,
357 1030 581 1060 concessimus
605 1028 800 1058 auditorem.
826 1026 944 1056 Coram
970 1033 1034 1063 quo
1059 1032 1133 1053 cum

132 1093 229 1122 super
245 1084 355 1113 causis
369 1082 599 1121 appellationis
615 1081 740 1110 diutius
753 1080 1004 1117 disceptassent,
1020 1076 1133 1115 etipse

131 1146 193 1176 que
219 1137 354 1166 fuerunt
379 1135 545 1174 proposita
571 1142 679 1164 coram
708 1142 762 1167 eo,
793 1131 889 1161 nobis
917 1136 948 1160 et
973 1129 1133 1159 fratribus

131 1190 253 1220 nostris
282 1188 422 1218 fideliter
450 1187 637 1221 retulisset,
669 1186 707 1215 de
740 1185 887 1223 ipsorum
918 1182 1058 1213 consilio
1086 1182 1132 1212 sic

130 1243 284 1272 duximus
301 1240 552 1280 providendum,
573 1244 621 1275 ut,
641 1238 718 1268 latis
740 1239 773 1267 in
795 1237 1082 1275 archiepiscopum
1103 1240 1134 1265 et

129 1295 211 1325 alios
228 1294 432 1333 supradictos
451 1293 490 1322 ab
510 1292 623 1322 eodem
642 1291 890 1329 archiepiscopo
908 1288 1133 1319 excommuni-

130 1348 269 1379 cationis
291 1347 482 1381 sententiis,
507 1345 662 1375 relaxatis
684 1353 742 1382 per
767 1348 796 1374 te
819 1343 974 1382 primitus
995 1342 1034 1372 ad
1056 1350 1134 1371 cau-

132 1401 248 1436 telam,
279 1400 317 1429 de
348 1399 444 1429 dictis
475 1399 586 1428 decem
616 1397 752 1426 milibus
780 1396 942 1426 librarum
968 1395 1134 1425 universis

128 1456 191 1485 duo
214 1453 307 1483 milia
332 1452 555 1486 remittantur,
583 1450 758 1480 dummodo
782 1449 916 1480 residua
942 1453 1013 1478 octo
1042 1448 1135 1477 milia

131 1511 245 1545 sponte
262 1505 398 1540 solvant,
420 1509 450 1535 et
466 1504 514 1533 hii
531 1504 587 1542 qm
606 1512 670 1532 non
688 1502 895 1541 appellarunt
913 1506 1045 1540 propter
1061 1500 1134 1537 hoc,

129 1559 190 1595 vel,
209 1558 410 1598 appellantes
427 1567 444 1587 a
459 1558 586 1596 prefato
603 1556 862 1594 archiepiscopo,
881 1554 1134 1594 appellationem

130 1612 283 1652 prosequi
295 1621 359 1641 non
376 1615 544 1645 curarunt,
564 1609 818 1648 appellationem
831 1617 925 1638 suam
938 1616 1136 1647 prosequen-

132 1666 219 1696 tibus
248 1665 343 1703 plene
365 1664 573 1693 satisfaciant
597 1663 635 1693 de
660 1662 814 1700 expensis
842 1671 936 1700 quas,
963 1661 1135 1691 occasione

135 1717 364 1758 appellationis
384 1716 585 1756 hujusmodi,
611 1715 804 1751 subierunt;
833 1714 980 1752 alioquin
1007 1713 1135 1744 nullum

134 1772 173 1802 de
189 1770 385 1801 remissione
401 1769 472 1807 ipsa
488 1768 659 1798 comodum
676 1772 908 1806 assequantur,
925 1767 982 1797 sed
998 1767 1047 1797 eis
1063 1771 1136 1796 tan-

135 1829 203 1854 tum
219 1824 276 1853 fiat
287 1823 350 1852 ista
364 1822 527 1858 remissio,
547 1821 603 1860 qui
620 1826 697 1851 sunt
714 1820 967 1859 appellationem
980 1820 1135 1850 emissam

131 1888 148 1907 a
161 1876 318 1917 Jamdicto
334 1875 581 1913 archiepiscopo
600 1874 784 1913 prosecuti3
802 1873 941 1912 reliquis
958 1877 1030 1902 octo
1047 1872 1136 1901 mili-

130 1931 190 1960 bus
215 1929 375 1959 librarum
400 1928 487 1958 inter
513 1927 670 1958 ecclesias
699 1926 906 1965 supradictas
935 1935 992 1964 per
1020 1930 1069 1961 te,
1098 1926 1136 1955 de

130 1983 223 2022 cujus
244 1981 409 2011 industria
433 1981 563 2019 plenam
588 1980 743 2010 fiduciam
770 1979 970 2015 obtinemus,
989 1979 1136 2017 pensatis

130 2035 306 2073 diligenter
317 2034 532 2063 facultatibus
548 2032 769 2071 singularum,
785 2032 926 2062 fideliter
936 2032 1135 2063 dividendis,

131 2093 161 2118 et
181 2087 346 2118 solvendis
369 2087 457 2116 infra
480 2086 661 2116 triennium
681 2095 698 2115 a
721 2085 909 2123 receptione
932 2085 1136 2123 presentium

131 2141 268 2172 ecclesie
284 2141 473 2175 Valentine,
492 2141 537 2169 ita
557 2140 643 2179 quod
669 2140 755 2169 dicta
778 2139 918 2177 pecunia
943 2139 977 2168 in
1000 2138 1137 2168 solutio-

132 2204 206 2224 nem
231 2194 452 2233 predictorum
479 2193 664 2223 debitorum
690 2202 747 2231 per
770 2201 888 2222 manus
912 2196 984 2221 tuas
1010 2192 1137 2230 integre

132 2251 352 2277 convertatur.
370 2246 530 2282 Quocirca
545 2246 741 2275 mandamus
757 2250 920 2283 quatenus
938 2244 1024 2283 quod
1041 2254 1139 2282 super

133 2300 193 2329 hoc
211 2309 228 2329 a
245 2299 338 2329 nobis
355 2299 521 2337 provisum
543 2303 588 2328 est
608 2298 642 2327 in
660 2297 720 2327 hac
737 2303 838 2336 parte,
859 2297 887 2327 si
902 2297 1049 2336 provisio
1067 2298 1139 2336 ipsa

136 2352 184 2383 vel
201 2353 240 2382 ab
258 2352 422 2381 universis
443 2352 493 2381 vel
513 2351 627 2381 saltem
646 2351 686 2381 ab
703 2350 947 2389 appellantibus
965 2351 1065 2380 suerit
1085 2360 1138 2380 ac-

135 2410 272 2444 ceptata,
291 2405 418 2443 exequi,
439 2405 668 2443 appellatione,
688 2404 973 2441 contradic[tione]
992 2413 1026 2433 ac
1047 2413 1139 2434 excu-

135 2459 261 2488 satione
276 2467 409 2496 prorsus
426 2458 645 2493 cessantibus,
664 2466 729 2486 non
747 2461 924 2495 postponas
938 2474 984 2485 —.
1003 2457 1096 2492 Quod
1112 2457 1139 2487 si

135 2511 295 2549 premissa
311 2511 454 2549 provisio
481 2515 647 2548 acceptata
673 2519 737 2539 non
764 2509 863 2538 fuerit
885 2518 901 2538 a
919 2509 1086 2547 predictis,
1104 2510 1138 2539 in

136 2564 325 2594 executione
352 2564 497 2593 mandati
528 2563 650 2598 nostri,
680 2562 838 2592 dilatione
865 2572 901 2591 ac
929 2563 1139 2592 excusatione

136 2617 353 2651 cessantibus,
373 2616 529 2654 procedas
548 2616 642 2655 juxta
664 2616 811 2653 priorum
829 2615 1068 2645 continentiam
1084 2615 1139 2645 lit-

136 2675 289 2700 terarum.
311 2670 384 2698 Dat.
406 2668 570 2705 Laterani,
592 2669 654 2698 VII
672 2667 830 2697 kalendas
845 2667 933 2706 julii,
955 2677 1040 2697 anno
1059 2668 1139 2698 duo-

134 2723 269 2753 decimo.
293 2738 304 2748 ‚,

202 2881 316 2908 4147

170 2942 312 2975 Episcopo
328 2942 490 2968 Acconensi
507 2941 668 2976 postulanti
684 2941 817 2967 concedit
832 2944 873 2973 ut,
890 2956 920 2959 —
934 2950 999 2967 cum
1015 2943 1138 2969 ecclesia

678 2879 808 2913 Anagni,
823 2880 856 2906 16
871 2879 972 2913 juillet
987 2880 1065 2906 1238.

2150 268 2158 297 t
2166 267 2229 297 088¹

1214 339 1405 371 Acconensis,
1422 341 1541 373 propter
1556 337 1786 372 frequentiorem
1806 336 1979 363 clericorum
2004 335 2170 363 absentiam
2187 334 2225 361 ab

1215 397 1258 421 ea,
1272 388 1447 415 multotiens
1459 387 1488 413 in
1499 386 1614 414 divinis
1626 386 1730 413 officiis
1741 385 1956 412 detrimentum
1969 386 2129 419 pateretur,
2140 390 2154 409 «
2169 390 2223 409 nec

1216 445 1229 461 »
1250 436 1340 463 iidem
1364 436 1470 462 melius
1493 443 1579 469 quam
1603 443 1653 469 per
1676 433 1907 460 subtractionem
1930 431 2137 459 beneficiorum
2157 439 2225 458 suo-

1216 492 1229 509 »
1250 492 1314 510 rum
1332 483 1470 517 compelli
1485 483 1606 509 valeant
1618 482 1654 508 ad
1672 480 1865 508 residentiam
1884 480 1959 507 inibi
1976 479 2142 506 faciendam
2156 486 2181 511 »,
2192 493 2224 496 —

1215 541 1227 556 u
1249 532 1389 566 quosdam
1410 531 1553 558 bisantios
1571 538 1657 564 quos,
1679 530 1828 556 cotidiane
1848 528 2069 556 distributionis
2086 527 2223 560 nomine,

1216 590 1228 605 »
1251 580 1376 614 singulis
1387 579 1538 606 mensibus
1548 579 1672 606 cuilibet
1681 578 1855 605 clericorum
1865 577 1946 604 chori
1959 577 2089 611 ejusdem
2102 575 2225 603 ecclesie

1216 637 1228 653 »
1251 629 1392 655 hactenus
1409 635 1422 654 n
1439 630 1631 654 consueverat
1654 627 1801 659 conferre,
1818 625 1880 652 illis
1895 625 2053 652 dumtaxat
2075 624 2124 659 qui
2146 623 2226 651 horis

1215 677 1366 704 canonicis
1383 685 1433 711 per
1444 677 1576 710 singulas
1592 677 1678 703 horas
1689 675 1748 702 diei
1764 674 1916 706 intersint.
1929 673 2106 701 distribuere
2122 672 2223 707 possit.

1217 726 1354 757 —(R1·:0.
1374 726 1417 758 19,
1432 726 1451 752 f.
1469 726 1503 752 37
1519 728 1556 756 r⁶;
1574 733 1643 752 ann.
1661 724 1729 756 XII,
1746 733 1771 750 c.
1788 723 1863 753 181.)

1255 852 1267 866 «
1286 863 1305 868 ..
1318 840 1451 878 episcopo
1468 839 1640 868 Acconensz'.
1665 838 1692 867 A
1713 837 1809 867 nobis
1825 841 1882 866 ‘tua
1897 854 1946 865 -.
1964 837 2037 866 Dat.
2057 834 2227 873 Anagnie,

1215 893 1310 923 XVII
1325 891 1485 922 kalendas
1502 891 1650 929 augusti,
1673 899 1759 920 anno
1776 889 1980 920 duodecimo.
2001 901 2013 915 υ

1286 1083 1404 1111 4448
1766 1081 1897 1115 Anagni,
1911 1081 1942 1108 ‘21
1960 1081 2060 1115 juillet
2074 1080 2153 1108 1238.

1250 1146 1482 1181 Archiepiscopo
1503 1145 1673 1173 Arelatensi
1690 1144 1814 1171 mandat
1834 1147 1979 1178 quatenus
1995 1143 2226 1177 concessionem,

1215 1195 1444 1229 permutationis
1467 1194 1605 1227 nomine,
1631 1193 1668 1220 ab
1692 1193 1798 1221 abbate
1821 1196 1849 1220 et
1878 1195 2026 1219 conventu
2054 1192 2225 1220 monasterii

1218 1243 1321 1271 Sancti
1339 1243 1404 1270 Rufi
1422 1242 1588 1277 praeposito
1602 1244 1630 1268 et
1644 1241 1776 1276 capitulo
1791 1240 2055 1275 Magalonensibus
2068 1241 2176 1267 factam
2191 1241 2228 1268 de

1216 1292 1343 1320 ecclesia
1362 1294 1390 1318 et
1411 1291 1510 1319 insula
1534 1291 1621 1318 Setae
1638 1292 1682 1323 (Ξ
1699 1290 1806 1322 Cette),
1830 1305 1860 1308 —
1883 1298 1955 1324 quas
1972 1289 2126 1316 ecclesiam
2143 1289 2228 1316 insu-

1216 1342 1334 1375 lamque
1350 1341 1551 1368 instrumenta
1567 1340 1742 1367 indicabant
1763 1340 1799 1366 ad
1820 1340 1866 1373 jus
1888 1342 1916 1366 et
1937 1339 2147 1373 proprietatem
2167 1339 2228 1366 Ro-

1217 1399 1322 1418 manae
1342 1390 1493 1417 Ecclesiae
1514 1390 1672 1424 pertinere,
1697 1392 1723 1416 et
1745 1389 1854 1416 Lucius
1871 1388 2077 1422 Urbanusque‚
2095 1388 2224 1415 Romani

1217 1439 1387 1471 Pontifices,
1404 1439 1458 1466 sub
1478 1447 1576 1465 annuo
1596 1446 1684 1465 censu
1699 1437 1794 1464 eidem
1813 1436 1992 1464 monasterio
2008 1439 2223 1468 concesserant,

1217 1503 1248 1506 —
1264 1488 1383 1522 penitus
1402 1490 1528 1519 revocet,
1546 1489 1574 1514 et
1592 1495 1710 1513 causam
1730 1486 1809 1513 inter
1824 1486 1994 1520 episcopum
2011 1486 2226 1519 Agathensem,

1217 1536 1267 1571 qui
1281 1537 1398 1563 easdem
1414 1536 1569 1562 eeclesiam
1585 1535 1774 1569 insulamque
1789 1534 1923 1561 detinere
1938 1533 2102 1566 dicebatur,
2117 1542 2152 1560 ex
2167 1541 2227 1560 una

1218 1588 1310 1619 parte,
1326 1587 1354 1611 et
1368 1584 1533 1619 praedictos
1550 1583 1749 1618 praepositum
1766 1585 1794 1609 et
1807 1582 1971 1616 capitulum
1990 1582 2227 1616 Magalonenses,

1217 1642 1252 1660 ex
1268 1634 1372 1665 altera,
1389 1641 1476 1667 super
1500 1632 1640 1666 praefatis
1656 1631 1782 1658 ecclesia
1799 1634 1828 1657 et
1847 1630 1946 1657 insula
1966 1633 2109 1662 exortam,
2126 1638 2160 1657 ac
2183 1633 2229 1657 to-

1218 1686 1280 1709 tum
1306 1683 1456 1715 negotium
1480 1682 1516 1708 ad
1540 1681 1656 1708 easdem
1678 1680 1833 1707 ecelesiam
1861 1683 1889 1706 et
1912 1679 2040 1706 insulam
2065 1679 2227 1714 pertinens,

1217 1731 1378 1757 examinet.
1397 1745 1427 1748 —
1444 1731 1530 1762 (Rso.
1546 1729 1591 1762 19,
1607 1730 1626 1756 f.
1642 1729 1676 1755 37
1692 1732 1733 1761 r·;
1750 1737 1819 1755 ann.
1838 1728 1906 1760 XII,
1923 1727 2081 1760 c.182;—
2095 1727 2228 1755 Mortuum

1218 1779 1298 1812 1192,
1316 1779 1336 1805 f.
1351 1779 1427 1810 134.)

1261 1893 1272 1907 ι(
1292 1903 1309 1908 ..
1324 1880 1548 1917 archiepiscopo
1559 1879 1740 1908 Arelatensi.
1754 1877 1908 1908 Exhibite
1920 1877 2016 1907 nobis
2027 1876 2230 1907 venerabilis

1218 1932 1332 1963 fratris
1349 1932 1455 1962 nostri
1477 1954 1496 1961 ..
1514 1931 1757 1969 archiepiscopi
1774 1930 1979 1961 Viennensis
1997 1929 2107 1960 littere
2124 1929 2233 1960 conti-

1219 1986 1341 2016 nebant
1358 1985 1456 2024 quod,
1475 1993 1560 2020 cum,
1582 1984 1669 2014 inter
1686 1983 1910 2014 venerabilem
1926 1983 2061 2013 fratrem
2079 1987 2230 2013 nostrum

1221 2062 1240 2068 ..
1271 2039 1462 2077 episcopum
1485 2037 1724 2075 Agathensem,
1749 2046 1787 2067 ex
1812 2040 1904 2074 parte
1927 2045 2005 2071 una,
2035 2040 2066 2066 et
2092 2035 2231 2066 dilectos

1220 2091 1304 2122 filios
1324 2115 1342 2120 ..
1364 2091 1568 2130 prepositum
1584 2096 1615 2120 et
1634 2089 1815 2128 capitulum
1840 2089 2105 2127 Magalonenses,
2123 2098 2161 2119 ex
2182 2089 2233 2118 al-

1220 2149 1299 2179 tera,
1325 2153 1424 2182 super
1452 2143 1592 2173 ecclesia
1620 2148 1651 2173 et
1678 2142 1790 2172 insula
1820 2143 1905 2177 Sete,
1934 2150 1998 2181 que
2023 2142 2110 2172 beati
2140 2141 2230 2172 Petri

1215 2197 1302 2236 juris
1319 2197 1442 2232 existit,
1462 2196 1655 2234 coramipso
1674 2195 1934 2233 archiepiscopo,
1954 2199 2031 2225 tunc
2042 2194 2231 2233 Apostolice

1220 2250 1314 2280 Sedis
1333 2249 1452 2287 legam,
1474 2249 1649 2287 questione
1667 2248 1812 2283 suborta,
1832 2248 1866 2277 in
1891 2247 2030 2278 eundem
2048 2247 2234 2285 archiepis-

1220 2312 1337 2341 copum
1354 2302 1474 2332 suisset
1496 2311 1514 2331 a
1531 2302 1682 2340 partibus
1707 2306 1862 2339 tanquam
1890 2301 1923 2330 in
1950 2300 2111 2330 arbitrum
2133 2309 2233 2338 super

1220 2355 1345 2386 eisdem
1365 2354 1505 2384 ecclesia
1522 2359 1552 2384 et
1571 2354 1683 2384 insula
1705 2353 1912 2384 concorditer
1930 2353 2204 2391 compromissum
2223 2362 2230 2382 ε

1222 2408 1365 2443 tandem,
1383 2412 1455 2446 post
1478 2407 1721 2437 discussionem
1739 2406 1916 2441 diutinam,
1935 2415 2009 2435 cum
2029 2415 2086 2444 per
2104 2406 2233 2435 instru-

1222 2464 1332 2491 menta
1348 2460 1497 2490 exhibita
1519 2468 1629 2489 coram
1651 2468 1688 2489 eo
1711 2458 1917 2488 constitisset
1937 2458 2108 2488 evidenter
2126 2457 2232 2488 eidem

1222 2514 1386 2552 predictas
1403 2513 1578 2543 ecclesiam
1593 2518 1623 2542 et
1638 2512 1784 2542 insulam
1799 2512 1837 2542 ad
1853 2513 2036 2541 Romanam
2050 2511 2233 2541 Ecclesiam

1222 2566 1318 2605 pleno
1331 2566 1405 2605 jure
1423 2570 1583 2604 spectare,
1600 2575 1636 2595 30
1653 2566 1742 2603 ipsas
1758 2565 1863 2594 fuisse
1879 2564 2073 2604 jamdudum
2088 2573 2146 2602 per
2161 2563 2236 2593 feli-

1222 2620 1269 2649 cis
1283 2619 1525 2649 recordationis
1539 2618 1677 2648 Lucium
1690 2623 1721 2648 et
1733 2617 1907 2649 Urbanum
1917 2619 1935 2653 ¹,
1947 2618 2113 2647 Romanos
2123 2617 2235 2647 Ponti-

1223 2673 1310 2707 lices,
1327 2672 1579 2710 predecessores
1593 2675 1735 2705 nostros,
1749 2670 1810 2701 sub
1824 2679 1934 2700 annuo
1946 2678 2048 2700 censu
2061 2678 2236 2699 concessas

1223 2725 1424 2755 monasterio
1449 2724 1563 2754 Sancti
1588 2724 1674 2757 Rufi,
1702 2733 1784 2762 quas
1809 2722 1856 2762 [..]
1881 2723 1982 2753 abhas
2002 2727 2032 2753 et
2052 2726 2234 2752 conventus

1222 2779 1327 2816 ipsius
1350 2777 1546 2807 monasterii
1570 2777 1608 2807 de
1627 2778 1730 2813 facto,
1749 2786 1823 2807 cum
1839 2776 1877 2806 de
1896 2777 1971 2815 jure
1992 2785 2058 2805 non
2081 2780 2231 2814 possent,

1222 2831 1346 2869 absque
1357 2831 1452 2861 Sedis
1466 2830 1654 2868 Apostolice
1663 2830 1800 2860 licentia
1810 2834 1840 2859 et
1850 2838 2000 2865 assensu,
2012 2837 2085 2859 cum
2095 2828 2236 2867 prefatis

1256 2950 1275 2973 1.
1295 2949 1507 2973 Probabtement
1524 2949 1624 2972 Lucius
1644 2949 1677 2972 III
1696 2953 1720 2972 et
1738 2949 1841 2972 Urbain
1858 2948 1906 2972 Ill.
