2519 3518
119 264 178 294 969
741 258 753 265 ⁴
967 257 1188 295 notati-:ME
1211 257 1372 294 ΑΝΝΕΕ.
2159 265 2216 295 970

121 344 154 349 -
171 331 257 363 (Rea.
275 330 318 363 19,
336 332 356 357 f.
372 331 443 363 5v⁶;
460 340 530 358 ann.
548 331 616 363 XII,
633 340 657 358 c.
677 331 727 363 31;
746 346 777 350 -
793 331 925 359 Monam
944 331 1021 360 1192.
1040 332 1060 358 f.
1078 330 1127 361 26:

122 393 154 398 -
169 380 206 406 ct.
224 386 319 411 supra,
337 387 365 406 n.
381 379 451 406 3972
466 383 493 407 et
509 380 603 411 4015.)

163 504 178 520 α
195 516 214 522 ..
232 495 372 531 potestati
388 499 413 523 el
429 495 557 523 consilio
578 495 722 523 Lucanis.
745 494 913 530 Quantum
937 494 1065 524 timoris
1090 494 1130 523 ad

122 547 228 576 Deum
245 551 447 585 quantumve
463 546 649 577 reverentie
663 547 703 576 ad
719 547 902 577 Romanam
917 551 1007 584 gerat
1022 546 1130 577 Eccle-

121 599 208 629 siam
227 599 450 635 Bonacursus,
468 599 551 630 civis
574 600 740 635 Lucanus,
767 599 824 638 qui
843 608 900 638 pro
924 599 1130 630 Viterbiensi

122 656 283 690 potestate
309 661 344 682 se
370 653 482 690 gessit,
513 653 594 683 satis
621 657 771 691 patenter
796 652 941 683 ostendit
966 652 1000 682 in
1019 652 1130 683 Viter-

123 704 250 734 biensis
267 705 428 743 regimine
445 705 602 735 civitatis.
623 705 714 735 Idem
729 705 829 741 enim,
847 705 943 744 quasi
958 704 1081 735 animal
1094 705 1128 734 in

88 772 92 776 Α
122 765 188 796 quo
215 766 280 788 non
303 762 352 788 est
372 759 505 797 penitus
527 758 748 793 intellectus2,
769 767 843 788 cum
865 758 997 789 deberet
1019 759 1130 789 Viter-

124 810 257 841 bienses
269 811 400 841 eosdem
416 811 456 841 ad
472 811 559 841 viam
570 811 781 842 rectitudinis
798 811 838 841 ab
855 811 945 841 invio
962 820 1125 846 revocare,

123 867 211 893 totus
228 863 262 893 in
279 863 453 902 reprobum
468 873 603 894 sensum
617 865 712 894 datus
722 867 746 899 ²,
765 865 811 894 sic
826 873 881 894 eos
892 864 1022 903 propria
1035 872 1128 894 exce—

123 915 210 946 cavit
228 915 355 946 malitia
369 916 381 935 ⁸
398 921 428 947 et
444 917 677 947 amaritudinis
694 917 771 947 felle
783 918 794 937 ⁴
812 917 946 955 potavit,
966 917 1052 955 quod
1070 925 1128 947 nec

122 969 212 1007 ipsos
226 969 426 1008 compescuit
445 973 557 999 nostra
574 973 605 1000 et
621 969 761 999 fratrum
785 974 971 999 nostrorum
991 978 1128 1008 presen-

122 1021 179 1057 tia,
205 1031 346 1060 quorum
369 1021 484 1052 saltem
506 1022 609 1052 facies
633 1022 826 1052 erubescere
852 1022 1047 1052 debuerunt.
1068 1030 1127 1052 nec

121 1074 280 1104 inhibitio
298 1075 423 1113 pluries
443 1074 610 1105 inculcata
633 1079 663 1105 et
682 1075 1033 1105 excommunicationis
1051 1083 1127 1105 sen-

122 1128 225 1158 tentia
238 1128 273 1157 in
285 1132 480 1166 potestatem
491 1127 608 1166 ipsam,
624 1127 814 1163 consilium,
828 1127 1124 1157 Aldehrandinum.

119 1180 179 1219 qui
195 1189 229 1210 se
246 1181 330 1218 gerit
348 1189 406 1219 pro
422 1180 531 1210 balivo
548 1180 765 1215 Viterbiensi,
784 1189 819 1210 ac
838 1189 996 1218 sequaces
1013 1188 1126 1210 eorum

119 1242 139 1263 a
155 1233 251 1263 nobis
274 1233 411 1272 prolata,
433 1237 612 1272 potuerunt
637 1233 847 1272 aliquatenus
874 1234 1041 1263 refrenare
1067 1243 1124 1263 ——:

118 1285 262 1324 quodam
286 1286 377 1316 intus
401 1286 435 1315 in
463 1285 603 1316 ecclesia
631 1291 662 1316 et
691 1285 805 1316 multis
833 1285 908 1315 aliis
932 1286 967 1315 in
993 1285 1127 1315 civitate

119 1338 202 1376 ipsa,
223 1338 319 1368 nobis
342 1338 466 1368 ibidem
480 1337 710 1373 existentibus,
727 1337 828 1376 impie
845 1337 1030 1369 trucidatis,
1052 1346 1127 1367 suc-

117 1390 199 1421 cisis
225 1390 411 1425 arboribus,
439 1391 619 1421 devastatis
643 1390 751 1420 vineis
777 1394 807 1420 et
832 1390 1019 1420 commissis
1050 1389 1126 1419 aliis

118 1443 233 1474 multis
252 1443 361 1479 malis,
380 1453 443 1482 que
459 1443 595 1481 longum
611 1447 698 1473 esset
714 1452 771 1481 per
788 1443 919 1481 singula
935 1451 1124 1477 recensere3

117 1496 154 1526 in
170 1496 292 1535 quibus
308 1496 462 1526 omnihus
480 1496 644 1531 Markisfi,
664 1495 798 1535 judicis,
818 1500 848 1526 ct
867 1495 1077 1526 Armaleonis
1097 1499 1127 1525 et

120 1548 274 1586 Morlani,
291 1548 507 1579 tabellionum
523 1557 671 1584 suorum,
690 1557 808 1578 manus
826 1548 948 1578 dicitur
964 1547 1125 1578 extitisse.

120 1602 212 1633 Licet
226 1602 329 1640 igitur
348 1606 462 1632 contra
477 1601 708 1632 Viterbienses
734 1601 866 1632 eosdem
881 1602 975 1641 juxta
991 1610 1127 1631 suorum

115 1654 312 1686 meritorum
329 1655 531 1694 exigentiam
554 1655 771 1694 procedamus
792 1673 839 1691 —,
865 1655 997 1693 propria
1014 1659 1126 1685 aucto-

117 1708 215 1738 ritate
232 1707 409 1738 statuimus
426 1712 462 1737 ut
476 1707 644 1746 predictus
659 1708 870 1737 Bonacursus
885 1707 919 1737 in
931 1711 1127 1745 potestatem

115 1770 177 1792 seu
192 1766 365 1797 rectorem,
389 1766 420 1791 et
441 1760 583 1800 quilibet
608 1761 648 1790 ab
671 1770 708 1791 eo
735 1761 939 1791 descendens
962 1769 1067 1799 usque
1091 1760 1126 1789 in

117 1815 249 1846 tertiam
271 1814 520 1852 generationem
536 1814 577 1843 ad
593 1813 728 1852 aliquod
743 1813 1006 1844 ecclesiasticum
1024 1813 1126 1844 bene-

117 1868 231 1898 ficium
248 1867 372 1897 alicubi
391 1866 582 1897 nullatenus
603 1870 834 1901 assumantur-3
853 1866 882 1896 si
905 1874 1000 1896 secus
1017 1870 1127 1895 actum

116 1921 230 1954 fuerit.
244 1920 471 1959 assumptione
485 1929 544 1950 seu
555 1919 744 1958 provisione
760 1920 910 1958 ipsorum
923 1919 1055 1958 juribus
1072 1927 1126 1948 ca-

116 1974 234 2004 ritura.
255 1974 360 2004 Locus
378 1978 489 2003 autem
508 1972 570 2012 qui
585 1981 671 2009 eum,
691 1976 805 2002 contra
822 1971 936 2002 statuti
956 1971 1061 2001 nostri
1078 1975 1126 2000 te-

117 2036 240 2063 norem,
261 2027 296 2056 in
310 2030 507 2065 potestatem
522 2034 581 2056 seu
595 2029 755 2055 rectorem
770 2024 997 2063 assumpserit,
1014 2033 1126 2063 quam-

114 2080 174 2111 diu
195 2080 230 2110 in
260 2080 423 2118 regimine
451 2078 589 2109 traxerit
618 2078 665 2108 ibi
693 2087 831 2113 moram,
863 2077 906 2107 sit
935 2076 1126 2115 suppositus

114 2133 343 2164 ecclesiastico
355 2132 542 2163 interdicto.
560 2132 599 2162 Et
613 2131 702 2170 quia,
716 2131 751 2160 in
763 2130 968 2161 Patrimonio
980 2129 1126 2160 Ecclesie

116 2190 222 2218 metas
243 2186 412 2217 commissi
438 2185 503 2215 sibi
530 2185 630 2215 officii
654 2193 719 2214 non
742 2183 934 2218 observans,
960 2182 1017 2213 sed
1035 2182 1125 2220 ipsas

116 2239 327 2279 impudenter
343 2238 515 2275 excedens,
533 2237 614 2268 adeo
630 2237 665 2267 in
683 2236 861 2275 potestarie
877 2235 983 2266 officio
999 2234 1126 2264 notabi-

117 2293 194 2324 liter
217 2292 365 2323 noscitur
392 2290 585 2330 deliquisse,
615 2290 701 2329 quod
726 2289 859 2319 deberet
885 2297 956 2318 esse
982 2287 1126 2317 vindicte

116 2344 300 2384 speculum,
319 2353 385 2374 non
401 2345 537 2379 offense,
557 2352 618 2374 nec
634 2343 675 2372 ad
696 2341 829 2381 publica
846 2341 952 2371 officia
969 2349 1028 2371 seu
1048 2348 1126 2370 con-

116 2397 206 2434 silia,
225 2407 285 2428 nec
306 2397 347 2427 ad
369 2397 539 2435 eligendos
562 2395 691 2434 aliquos
713 2394 754 2424 ad
777 2393 980 2433 hujusmodi,
1004 2401 1064 2423 nec
1088 2392 1128 2422 ad

117 2451 347 2482 testimonium
363 2450 568 2480 admittatur.
587 2448 709 2479 Nullus
727 2448 757 2478 ei
775 2451 925 2486 preterea
937 2455 1037 2485 super
1049 2454 1127 2485 quo-

117 2513 259 2543 cumque
279 2503 423 2542 negotio,
444 2503 502 2533 sed
522 2502 594 2541 ipse
610 2505 746 2539 cogatur
762 2500 820 2530 alii
839 2499 1050 2538 respondere.
1066 2499 1128 2529 Ju-

117 2558 226 2589 dicem
246 2562 368 2592 autem,
397 2556 464 2595 qui,
492 2554 714 2595 jurisjurandi
741 2553 904 2591 religione
929 2555 1125 2590 contempta,

118 2610 236 2650 iniqua
254 2609 382 2650 judicia
400 2608 573 2649 judicavit,
596 2611 628 2637 et
652 2605 850 2637 tabelliones
874 2604 1046 2644 predictos,
1071 2603 1129 2643 qui

116 2668 186 2694 tarn
211 2664 443 2694 Bonacursum
468 2670 568 2701 quam
591 2659 822 2691 Viterbienses
852 2657 984 2689 eosdem
1017 2656 1128 2696 pravis

153 2804 175 2828 1.
191 2803 234 2828 Cf.
249 2803 318 2827 Ton-
337 2802 384 2831 VI.
403 2802 429 2826 17
446 2805 473 2826 et
490 2801 536 2825 Ps.
554 2800 653 2829 XXXI,
670 2800 694 2824 9.

146 2847 174 2872 2.
191 2847 233 2872 Cf.
249 2847 324 2871 Rom.
339 2847 360 2875 Ι,
376 2846 415 2870 28.

150 2891 172 2916 3.
190 2891 232 2916 Ct’.
249 2891 314 2915 Sar.
331 2891 366 2920 II,
382 2890 422 2914 21.

148 2935 174 2960 4.
191 2935 232 2960 cf.
249 2936 313 2960 Aer.
329 2934 406 2964 VIII,
424 2933 464 2958 23.

1211 330 1361 360 consiliis
1374 331 1586 365 seduxerunt,
1599 331 1929 370 perpetuojudicatus
1939 336 1968 361 ct
1982 331 2214 362 tabellionatus

1211 383 1379 422 privamus
1395 383 1512 415 officio,
1531 384 1576 413 ita
1593 384 1679 423 quod
1703 384 1866 414 sententie
1883 384 1988 422 ipsius
2001 384 2124 422 judicis
2141 384 2216 414 nul-

1210 436 1275 466 lam
1292 436 1462 466 obtineant
1475 436 1675 471 firmitatem,
1692 445 1763 471 nec,
1780 437 1807 466 si
1822 437 1998 467 advocatus
2015 437 2125 473 fuerit,
2144 438 2217 476 ejus

1211 489 1433 527 patrocinium
1454 489 1658 519 admittatur.
1686 498 1723 518 ac
1750 489 1972 519 instrumenta
1992 490 2141 520 confecta
2158 498 2216 528 per

1211 541 1406 572 tabelliones
1429 541 1560 571 eosdem
1586 541 1712 571 nullius
1734 542 1865 580 penitus
1889 542 1955 571 sint
1985 542 2159 577 momenti3
2184 547 2215 572 et

1210 594 1328 624 ceteris
1345 594 1439 632 penis
1457 593 1650 633 idemjudex
1669 603 1704 624 ac
1720 594 1915 625 tabelliones
1930 603 1965 624 ac
1978 595 2215 625 descendentes

1211 646 1251 676 ab
1268 646 1315 677 eis
1333 646 1536 686 subjaceant,
1555 656 1618 686 que
1635 647 1788 685 superius
1805 652 1882 677 sunt
1902 656 2066 686 expresse.
2090 647 2140 677 Ne
2156 647 2215 685 igi-

1211 703 1264 729 tur
1280 699 1420 729 aliorum
1437 699 1567 738 culpam
1583 699 1714 729 faciatis
1735 699 1901 738 propriam
1926 709 1983 738 per
2003 708 2211 733 consensum,

1211 756 1335 782 tantam
1357 755 1503 782 nostram
1524 757 1554 782 et
1577 752 1764 790 Apostolice
1783 753 1877 783 Sedis
1900 753 2058 792 injuriam
2074 752 2213 783 inultam

1210 803 1465 834 conniventibus
1487 803 1592 834 oculis
1614 804 1842 843 relinquendo,
1869 805 2120 835 universitatem
2141 814 2215 835 ves-

1212 862 1295 886 tram
1309 856 1506 887 monendam
1524 857 1677 887 duximus
1697 862 1727 888 et
1743 857 1948 893 hortandam,
1966 867 2023 896 per
2036 857 2214 896 apostolica

1210 910 1303 940 vobis
1327 910 1449 948 scripta
1465 910 1659 940 mandantes
1682 914 1857 949 quatenus,
1878 910 1962 940 sicut
1981 910 2044 940 viri
2061 910 2214 940 catholici

1210 966 1241 992 et
1260 962 1374 992 fideles
1400 962 1531 992 eosdem
1555 967 1711 1001 tanquam
1740 963 2038 993 excommunicatos
2059 963 2211 995 vitantes,

1210 1023 1247 1044 ac
1263 1018 1422 1045 statutum
1446 1014 1637 1054 hujusmodi
1658 1015 1817 1044 facientes
1843 1015 2081 1045 inviolabiliter
2101 1015 2214 1045 obser-

1211 1067 1291 1101 vari,
1310 1067 1357 1096 sic
1374 1067 1462 1105 ipsos
1484 1067 1672 1106 iniquitatis
1697 1067 1783 1096 filios
1804 1071 1963 1105 potestate
1982 1068 2076 1097 vobis
2095 1068 2214 1097 tradita

1210 1120 1408 1158 percellatis,
1428 1120 1514 1158 quod
1531 1129 1613 1158 pena
1630 1120 1776 1158 ipsorum
1798 1120 1839 1150 sit
1856 1120 1931 1150 aliis
1951 1121 1990 1150 ad
2009 1125 2167 1151 terrorem
2184 1127 2213 1150 et

1210 1181 1269 1203 nos
1283 1173 1491 1203 devotionem
1503 1177 1644 1203 vestram
1660 1173 1825 1210 possimus
1839 1173 1956 1202 merito
1973 1173 2210 1203 commendare.

1210 1226 1278 1255 Nos
1301 1225 1388 1254 enim
1412 1225 1526 1253 damus
1555 1224 1737 1254 venerabili
1762 1225 1856 1254 fratri
1884 1229 1996 1254 nostro
2021 1248 2039 1253 ..
2063 1225 2214 1263 episcop»

1210 1278 1342 1307 Lucano
1360 1277 1482 1307 nostris
1495 1277 1615 1307 litteris
1632 1278 1667 1306 in
1684 1277 1849 1307 mandatis
1864 1282 1899 1306 ut
1916 1277 1997 1315 ipse.
2016 1277 2212 1315 premissum

1210 1334 1371 1361 statutum
1386 1330 1512 1360 faciens
1529 1330 1669 1360 firmiter
1687 1330 1868 1365 observari,
1887 1331 2032 1368 prefatos
2048 1331 2215 1361 Bonacur-

1210 1392 1295 1420 sum,
1310 1383 1456 1422 judicem
1475 1392 1511 1412 ac
1527 1382 1724 1413 tabelliones
1751 1383 2050 1413 excommunicatos
2073 1383 2214 1421 singulis

1210 1435 1327 1466 diebus
1357 1436 1534 1466 dominicis
1565 1440 1595 1466 et
1622 1435 1789 1475 festi[vis],
1818 1435 1957 1474 pulsatis
1986 1435 2154 1474 campanis
2185 1441 2215 1465 et

1209 1488 1356 1519 candelis
1373 1489 1533 1519 accensis.
1553 1488 1709 1528 pu[blice]
1733 1488 1908 1528 nun[tiari]
1929 1493 1959 1518 et
1981 1492 2136 1526 tanquam
2159 1498 2214 1518 ex-

1209 1541 1469 1572 communicatos
1492 1550 1597 1580 usque
1615 1540 1655 1571 ad
1671 1541 1935 1571 satisfactionem
1952 1540 2149 1578 condignam
2164 1541 2215 1570 sa-

1209 1595 1275 1625 ciat
1291 1594 1330 1624 ab
1347 1594 1501 1625 omnibus
1518 1594 1647 1625 evitari.
1665 1594 1932 1625 Contradictores
1951 1599 2010 1624 etc.
2031 1594 2104 1623 Dat.
2123 1593 2215 1623 Latet·-

1208 1649 1294 1683 rani,
1313 1648 1393 1678 XVI
1408 1647 1566 1678 kalendas
1583 1648 1674 1682 maii,
1693 1656 1780 1678 anno
1797 1647 2001 1677 duodecimo.
2022 1659 2033 1672 n

1244 1773 1344 1797 4256.
1362 1783 1394 1788 —-
1412 1769 1563 1803 Scriptum
1580 1772 1722 1802 estsuper
1738 1769 1791 1794 hoc
1806 1768 1889 1793 eidem
1906 1769 2025 1801 episcopo
2037 1770 2055 1794 ¹.

1280 1954 1395 1981 4252
1791 1951 1910 1981 Latran,
1926 1951 1959 1977 17
1974 1950 2050 1976 avril
2065 1949 2142 1976 1238.

1245 2015 1453 2044 Cantuariensi
1470 2014 1701 2048 archiepiscopo,
1718 2028 1749 2032 —
1767 2013 1817 2047 qui
1833 2012 2004 2046 aliquando.
2017 2020 2067 2046 per
2083 2011 2214 2039 Cantua-

1208 2065 1334 2092 riensem
1353 2063 1536 2098 provinciam
1555 2062 1712 2091 transiens.
1735 2071 1751 2088 a
1774 2061 1950 2095 quibusdam
1968 2069 2003 2087 ex
2024 2060 2215 2093 suffraganeis

1208 2113 1269 2140 suis
1283 2112 1501 2147 impediebatur
1517 2111 1674 2145 quominus
1691 2110 1859 2137 eorumdem
1882 2109 2131 2143 suffraganeorum
2147 2107 2216 2134 sub-

1208 2162 1295 2194 ditos,
1321 2161 1414 2195 ipsius
1440 2159 1654 2194 archiepiscopi
1680 2167 1820 2193 personae
1845 2159 1893 2184 vel
1918 2157 2051 2184 familiae
2073 2156 2214 2190 injuriam

1208 2211 1386 2242 inferentes,
1413 2208 1548 2236 cohibere
1572 2209 1699 2237 valeret.
1724 2221 1755 2225 —
1776 2207 1912 2239 indulget
1935 2208 1966 2232 ut
1990 2206 2056 2232 illos
2083 2205 2131 2239 qui
2158 2204 2214 2238 ipsi

1208 2260 1256 2286 vel
1278 2259 1371 2293 ipsius
1392 2257 1536 2289 familiae,
1559 2265 1608 2290 per
1629 2255 1764 2284 eamdem
1783 2254 1969 2289 provinciam
1994 2253 2152 2280 transitum
2173 2254 2215 2279 fa-

1208 2307 1366 2337 cientibus.
1383 2309 1434 2333 aut
1448 2314 1559 2333 moram
1577 2303 1816 2339 protrahentibus
1836 2303 1867 2330 in
1891 2303 1984 2337 ipsius
2000 2301 2215 2336 archiepiscopi

1209 2356 1361 2388 maneriis,
1378 2355 1520 2389 injuriam
1538 2353 1706 2387 irrogarint,
1725 2353 1815 2387 possit
1834 2352 1870 2379 ad
1886 2351 2017 2379 debitam
2036 2350 2215 2378 satisfactio-

1208 2413 1276 2432 nem
1290 2412 1430 2432 coercere.
1450 2417 1481 2422 -
1498 2404 1584 2435 (Rae.
1600 2402 1644 2434 19,
1662 2402 1682 2428 f.
1700 2401 1716 2428 6
1731 2404 1769 2433 r⁰;
1784 2409 1854 2428 anu.
1867 2400 1935 2431 XII,
1948 2408 1972 2426 c.
1988 2400 2046 2430 32.)

1251 2518 1264 2532 ι
1287 2528 1307 2534 ..
1328 2504 1547 2536 Cantuariensi
1565 2503 1800 2540 archiepiscopo.
1826 2501 1866 2530 In
1888 2499 1951 2529 hoc
1976 2499 2146 2538 potissime
2167 2515 2215 2527 -.

1208 2559 1283 2589 Dat.
1306 2557 1473 2592 Laterani,
1494 2556 1556 2586 XV
1571 2554 1730 2585 kalendas
1748 2552 1840 2589 maii,
1859 2561 1946 2582 anno
1971 2551 2173 2582 duodecimo.
2202 2563 2214 2577 n

1284 2741 1405 2770 4258
1789 2737 1909 2768 Latran,
1926 2735 1959 2762 16
1973 2735 2049 2762 avril
2067 2735 2146 2761 1238.

1247 2804 1346 2832 Priori
1366 2807 1395 2832 et
1416 2803 1574 2831 conventui
1600 2799 1863 2830 Cantuariensibus
1883 2797 2018 2825 concedit
2041 2802 2083 2824 ut.
2106 2811 2137 2815 —
2159 2804 2216 2822 non

1246 2925 1267 2949 l.
1287 2924 1463 2950 C'est-a-dtre
1478 2932 1483 2948 :
1501 2926 1631 2953 episcopo
1650 2924 1773 2946 Lucano.
