<?xml version="1.0" encoding="UTF-8"?>
<!DOCTYPE html PUBLIC "-//W3C//DTD XHTML 1.0 Transitional//EN"
    "http://www.w3.org/TR/xhtml1/DTD/xhtml1-transitional.dtd">
<html xmlns="http://www.w3.org/1999/xhtml" xml:lang="en" lang="en">
 <head>
  <title>
</title>
<meta http-equiv="Content-Type" content="text/html;charset=utf-8" />
  <meta name='ocr-system' content='tesseract 3.04.00' />
  <meta name='ocr-capabilities' content='ocr_page ocr_carea ocr_par ocr_line ocrx_word'/>
</head>
<body>
  <div class='ocr_page' id='page_1' title='image "./lesregistresdale02cathuoft_0186.png"; bbox 0 0 2423 3487; ppageno 0'>
   <div class='ocr_carea' id='block_1_1' title="bbox 151 266 2249 318">
    <p class='ocr_par' dir='ltr' id='par_1_1' title="bbox 151 266 2249 318">
     <span class='ocr_line' id='line_1_1' title="bbox 151 266 2249 318; baseline -0.007 -4"><span class='ocrx_word' id='word_1_1' title='bbox 151 284 204 314; x_wconf 83' lang='lat'>331</span> <span class='ocrx_word' id='word_1_2' title='bbox 707 316 710 318; x_wconf 45' lang='lat'>.</span> <span class='ocrx_word' id='word_1_3' title='bbox 875 275 1115 307; x_wconf 76' lang='lat' dir='ltr'>REGIsTREs</span> <span class='ocrx_word' id='word_1_4' title='bbox 1137 275 1192 304; x_wconf 87' lang='lat' dir='ltr'>DE</span> <span class='ocrx_word' id='word_1_5' title='bbox 1214 266 1438 306; x_wconf 80' lang='lat' dir='ltr'>GREGOIRE</span> <span class='ocrx_word' id='word_1_6' title='bbox 1460 276 1520 306; x_wconf 85' lang='lat' dir='ltr'>IX.</span> <span class='ocrx_word' id='word_1_7' title='bbox 1971 288 1977 292; x_wconf 94' lang='lat'>-</span> <span class='ocrx_word' id='word_1_8' title='bbox 2191 275 2249 307; x_wconf 74' lang='lat'>332</span> 
     </span>
    </p>
   </div>
   <div class='ocr_carea' id='block_1_2' title="bbox 151 342 1159 766">
    <p class='ocr_par' dir='ltr' id='par_1_2' title="bbox 151 342 1159 716">
     <span class='ocr_line' id='line_1_2' title="bbox 186 342 1158 380; baseline -0.009 -4"><span class='ocrx_word' id='word_1_9' title='bbox 186 349 230 376; x_wconf 75' lang='lat'>48.</span> <span class='ocrx_word' id='word_1_10' title='bbox 248 348 441 376; x_wconf 81' lang='lat' dir='ltr'>Decernimus</span> <span class='ocrx_word' id='word_1_11' title='bbox 455 347 544 373; x_wconf 85' lang='lat' dir='ltr'>etiam</span> <span class='ocrx_word' id='word_1_12' title='bbox 567 346 653 380; x_wconf 89' lang='lat' dir='ltr'>quod,</span> <span class='ocrx_word' id='word_1_13' title='bbox 668 346 692 372; x_wconf 85' lang='lat' dir='ltr'>si</span> <span class='ocrx_word' id='word_1_14' title='bbox 707 348 864 379; x_wconf 78' lang='lat' dir='ltr'><strong>paupertas</strong></span> <span class='ocrx_word' id='word_1_15' title='bbox 880 343 947 375; x_wconf 88' lang='lat' dir='ltr'>loci,</span> <span class='ocrx_word' id='word_1_16' title='bbox 964 343 1011 369; x_wconf 89' lang='lat' dir='ltr'>vel</span> <span class='ocrx_word' id='word_1_17' title='bbox 1026 342 1158 368; x_wconf 86' lang='lat' dir='ltr'>defectus</span> 
     </span>
     <span class='ocr_line' id='line_1_3' title="bbox 151 389 1158 430; baseline -0.009 -6"><span class='ocrx_word' id='word_1_18' title='bbox 151 398 273 429; x_wconf 72' lang='lat' dir='ltr'>ordinis,</span> <span class='ocrx_word' id='word_1_19' title='bbox 295 405 344 423; x_wconf 81' lang='lat' dir='ltr'>seu</span> <span class='ocrx_word' id='word_1_20' title='bbox 367 404 441 430; x_wconf 79' lang='lat' dir='ltr'>pena</span> <span class='ocrx_word' id='word_1_21' title='bbox 467 395 569 421; x_wconf 78' lang='lat' dir='ltr'><strong>delicti</strong></span> <span class='ocrx_word' id='word_1_22' title='bbox 591 395 644 420; x_wconf 86' lang='lat' dir='ltr'>hoc</span> <span class='ocrx_word' id='word_1_23' title='bbox 666 395 760 426; x_wconf 64' lang='lat' dir='ltr'>estoit,</span> <span class='ocrx_word' id='word_1_24' title='bbox 783 393 871 420; x_wconf 89' lang='lat' dir='ltr'>ut.de</span> <span class='ocrx_word' id='word_1_25' title='bbox 893 391 1011 419; x_wconf 85' lang='lat' dir='ltr'>sedibus</span> <span class='ocrx_word' id='word_1_26' title='bbox 1032 389 1158 424; x_wconf 86' lang='lat' dir='ltr'>propriis</span> 
     </span>
     <span class='ocr_line' id='line_1_4' title="bbox 153 437 1159 477; baseline -0.008 -5"><span class='ocrx_word' id='word_1_27' title='bbox 153 445 287 472; x_wconf 74' lang='lat' dir='ltr'>monaehi</span> <span class='ocrx_word' id='word_1_28' title='bbox 312 444 404 477; x_wconf 79' lang='lat' dir='ltr'>aliqui</span> <span class='ocrx_word' id='word_1_29' title='bbox 428 443 614 472; x_wconf 78' lang='lat' dir='ltr'>emittantur.</span> <span class='ocrx_word' id='word_1_30' title='bbox 638 441 758 468; x_wconf 82' lang='lat' dir='ltr'>abbates</span> <span class='ocrx_word' id='word_1_31' title='bbox 781 441 817 468; x_wconf 87' lang='lat' dir='ltr'>ad</span> <span class='ocrx_word' id='word_1_32' title='bbox 843 449 913 475; x_wconf 87' lang='lat' dir='ltr'>quos</span> <span class='ocrx_word' id='word_1_33' title='bbox 937 439 1025 466; x_wconf 86' lang='lat' dir='ltr'>misse</span> <span class='ocrx_word' id='word_1_34' title='bbox 1049 437 1159 465; x_wconf 78' lang='lat' dir='ltr'>fuerint</span> 
     </span>
     <span class='ocr_line' id='line_1_5' title="bbox 152 486 1158 527; baseline -0.007 -8"><span class='ocrx_word' id='word_1_35' title='bbox 152 501 272 527; x_wconf 77' lang='lat' dir='ltr'>persone</span> <span class='ocrx_word' id='word_1_36' title='bbox 285 491 465 525; x_wconf 82' lang='lat' dir='ltr'>hujusmodi,</span> <span class='ocrx_word' id='word_1_37' title='bbox 478 499 525 517; x_wconf 84' lang='lat' dir='ltr'>eas</span> <span class='ocrx_word' id='word_1_38' title='bbox 537 491 667 524; x_wconf 84' lang='lat' dir='ltr'>recipere</span> <span class='ocrx_word' id='word_1_39' title='bbox 679 498 735 517; x_wconf 89' lang='lat' dir='ltr'>non</span> <span class='ocrx_word' id='word_1_40' title='bbox 747 492 894 517; x_wconf 79' lang='lat' dir='ltr'>recusent.</span> <span class='ocrx_word' id='word_1_41' title='bbox 905 487 1047 522; x_wconf 82' lang='lat' dir='ltr'>quamdiu</span> <span class='ocrx_word' id='word_1_42' title='bbox 1056 486 1158 513; x_wconf 87' lang='lat' dir='ltr'>visita-</span> 
     </span>
     <span class='ocr_line' id='line_1_6' title="bbox 153 535 1157 572; baseline -0.006 -5"><span class='ocrx_word' id='word_1_43' title='bbox 153 541 264 567; x_wconf 86' lang='lat' dir='ltr'>toribus</span> <span class='ocrx_word' id='word_1_44' title='bbox 278 540 375 566; x_wconf 85' lang='lat' dir='ltr'>visum</span> <span class='ocrx_word' id='word_1_45' title='bbox 391 539 481 565; x_wconf 77' lang='lat' dir='ltr'>fuerit</span> <span class='ocrx_word' id='word_1_46' title='bbox 496 539 649 572; x_wconf 81' lang='lat' dir='ltr'>expedire;</span> <span class='ocrx_word' id='word_1_47' title='bbox 665 538 740 572; x_wconf 82' lang='lat' dir='ltr'>quod</span> <span class='ocrx_word' id='word_1_48' title='bbox 755 538 779 564; x_wconf 92' lang='lat' dir='ltr'>si</span> <span class='ocrx_word' id='word_1_49' title='bbox 793 546 840 564; x_wconf 86' lang='lat' dir='ltr'>eas</span> <span class='ocrx_word' id='word_1_50' title='bbox 854 537 984 571; x_wconf 87' lang='lat' dir='ltr'>recipere</span> <span class='ocrx_word' id='word_1_51' title='bbox 997 535 1157 566; x_wconf 86' lang='lat' dir='ltr'>noluerint,</span> 
     </span>
     <span class='ocr_line' id='line_1_7' title="bbox 153 587 1157 622; baseline -0.008 -6"><span class='ocrx_word' id='word_1_52' title='bbox 153 598 219 616; x_wconf 85' lang='lat' dir='ltr'>cum</span> <span class='ocrx_word' id='word_1_53' title='bbox 236 588 364 622; x_wconf 79' lang='lat' dir='ltr'>possint,</span> <span class='ocrx_word' id='word_1_54' title='bbox 385 595 426 613; x_wconf 76' lang='lat' dir='ltr'>eos</span> <span class='ocrx_word' id='word_1_55' title='bbox 445 595 497 613; x_wconf 78' lang='lat' dir='ltr'>essc</span> <span class='ocrx_word' id='word_1_56' title='bbox 516 587 687 612; x_wconf 75' lang='lat' dir='ltr'>derernimus</span> <span class='ocrx_word' id='word_1_57' title='bbox 703 587 866 612; x_wconf 74' lang='lat' dir='ltr'>auctoritate</span> <span class='ocrx_word' id='word_1_58' title='bbox 885 587 979 611; x_wconf 80' lang='lat' dir='ltr'>nostra</span> <span class='ocrx_word' id='word_1_59' title='bbox 998 590 1157 616; x_wconf 66' lang='lat' dir='ltr'>su.s·pensos;</span> 
     </span>
     <span class='ocr_line' id='line_1_8' title="bbox 151 632 1159 669; baseline -0.006 -7"><span class='ocrx_word' id='word_1_60' title='bbox 151 644 267 669; x_wconf 79' lang='lat' dir='ltr'>quorum</span> <span class='ocrx_word' id='word_1_61' title='bbox 285 636 494 666; x_wconf 75' lang='lat' dir='ltr'>absolutionem,</span> <span class='ocrx_word' id='word_1_62' title='bbox 511 643 573 661; x_wconf 83' lang='lat' dir='ltr'>cum</span> <span class='ocrx_word' id='word_1_63' title='bbox 589 635 783 667; x_wconf 78' lang='lat' dir='ltr'>satisfecerint.</span> <span class='ocrx_word' id='word_1_64' title='bbox 802 635 867 666; x_wconf 80' lang='lat' dir='ltr'>ipsis</span> <span class='ocrx_word' id='word_1_65' title='bbox 884 632 1072 659; x_wconf 74' lang='lat' dir='ltr'><em>visitatoribus</em></span> <span class='ocrx_word' id='word_1_66' title='bbox 1087 638 1159 657; x_wconf 79' lang='lat' dir='ltr'>com-</span> 
     </span>
     <span class='ocr_line' id='line_1_9' title="bbox 151 685 478 716; baseline -0.003 -6"><span class='ocrx_word' id='word_1_67' title='bbox 151 686 289 710; x_wconf 74' lang='lat' dir='ltr'>mittimus</span> <span class='ocrx_word' id='word_1_68' title='bbox 306 685 335 709; x_wconf 85' lang='lat' dir='ltr'>in</span> <span class='ocrx_word' id='word_1_69' title='bbox 349 685 478 716; x_wconf 74' lang='lat' dir='ltr'><em>presenti.</em></span> 
     </span>
    </p>

    <p class='ocr_par' dir='ltr' id='par_1_3' title="bbox 186 728 1159 766">
     <span class='ocr_line' id='line_1_10' title="bbox 186 728 1159 766; baseline -0.005 -7"><span class='ocrx_word' id='word_1_70' title='bbox 186 732 230 759; x_wconf 70' lang='lat'>49.</span> <span class='ocrx_word' id='word_1_71' title='bbox 246 732 382 763; x_wconf 77' lang='lat' dir='ltr'>Qualiter</span> <span class='ocrx_word' id='word_1_72' title='bbox 393 735 491 758; x_wconf 89' lang='lat' dir='ltr'>autem</span> <span class='ocrx_word' id='word_1_73' title='bbox 505 732 581 758; x_wconf 80' lang='lat' dir='ltr'>circ-a</span> <span class='ocrx_word' id='word_1_74' title='bbox 596 731 754 766; x_wconf 86' lang='lat' dir='ltr'>premissas</span> <span class='ocrx_word' id='word_1_75' title='bbox 766 739 903 765; x_wconf 88' lang='lat' dir='ltr'>personas</span> <span class='ocrx_word' id='word_1_76' title='bbox 915 729 1032 764; x_wconf 81' lang='lat' dir='ltr'>procedi</span> <span class='ocrx_word' id='word_1_77' title='bbox 1044 728 1159 759; x_wconf 85' lang='lat' dir='ltr'>debeat.</span> 
     </span>
    </p>
   </div>
   <div class='ocr_carea' id='block_1_3' title="bbox 150 776 1161 814">
    <p class='ocr_par' dir='ltr' id='par_1_4' title="bbox 150 776 1161 814">
     <span class='ocr_line' id='line_1_11' title="bbox 150 776 1161 814; baseline -0.005 -7"><span class='ocrx_word' id='word_1_78' title='bbox 150 782 181 808; x_wconf 91' lang='lat' dir='ltr'>in</span> <span class='ocrx_word' id='word_1_79' title='bbox 199 781 410 807; x_wconf 83' lang='lat' dir='ltr'>constitutione</span> <span class='ocrx_word' id='word_1_80' title='bbox 426 783 524 807; x_wconf 81' lang='lat' dir='ltr'>nostra</span> <span class='ocrx_word' id='word_1_81' title='bbox 541 788 628 814; x_wconf 88' lang='lat' dir='ltr'>super</span> <span class='ocrx_word' id='word_1_82' title='bbox 641 780 695 806; x_wconf 84' lang='lat' dir='ltr'>hoc</span> <span class='ocrx_word' id='word_1_83' title='bbox 715 787 808 813; x_wconf 87' lang='lat' dir='ltr'>nuper</span> <span class='ocrx_word' id='word_1_84' title='bbox 822 788 837 805; x_wconf 93' lang='lat' dir='ltr'>a</span> <span class='ocrx_word' id='word_1_85' title='bbox 856 778 940 805; x_wconf 88' lang='lat' dir='ltr'>nobis</span> <span class='ocrx_word' id='word_1_86' title='bbox 958 777 1048 810; x_wconf 88' lang='lat' dir='ltr'>edita,</span> <span class='ocrx_word' id='word_1_87' title='bbox 1065 776 1161 803; x_wconf 91' lang='lat' dir='ltr'>conti-</span> 
     </span>
    </p>
   </div>
   <div class='ocr_carea' id='block_1_4' title="bbox 150 824 1165 2570">
    <p class='ocr_par' dir='ltr' id='par_1_5' title="bbox 151 824 1162 953">
     <span class='ocr_line' id='line_1_12' title="bbox 151 824 1159 863; baseline -0.006 -7"><span class='ocrx_word' id='word_1_88' title='bbox 151 832 254 860; x_wconf 85' lang='lat' dir='ltr'>netur;</span> <span class='ocrx_word' id='word_1_89' title='bbox 272 837 359 863; x_wconf 86' lang='lat' dir='ltr'>quam</span> <span class='ocrx_word' id='word_1_90' title='bbox 383 828 419 855; x_wconf 88' lang='lat' dir='ltr'>ad</span> <span class='ocrx_word' id='word_1_91' title='bbox 438 829 585 855; x_wconf 80' lang='lat' dir='ltr'>cautelam</span> <span class='ocrx_word' id='word_1_92' title='bbox 609 827 741 852; x_wconf 71' lang='lat' dir='ltr'>duzz‘mus</span> <span class='ocrx_word' id='word_1_93' title='bbox 758 826 930 859; x_wconf 77' lang='lat' dir='ltr'>presentibus</span> <span class='ocrx_word' id='word_1_94' title='bbox 951 824 1159 855; x_wconf 83' lang='lat' dir='ltr'>inserendam;</span> 
     </span>
     <span class='ocr_line' id='line_1_13' title="bbox 151 873 1162 912; baseline -0.007 -7"><span class='ocrx_word' id='word_1_95' title='bbox 151 879 234 912; x_wconf 71' lang='lat' dir='ltr'>cnjus</span> <span class='ocrx_word' id='word_1_96' title='bbox 250 880 332 904; x_wconf 89' lang='lat' dir='ltr'>tenor</span> <span class='ocrx_word' id='word_1_97' title='bbox 348 877 417 904; x_wconf 88' lang='lat' dir='ltr'>talis</span> <span class='ocrx_word' id='word_1_98' title='bbox 435 879 477 903; x_wconf 80' lang='lat' dir='ltr'>est</span> <span class='ocrx_word' id='word_1_99' title='bbox 497 885 503 903; x_wconf 73' lang='grc' dir='ltr'><strong><em>ε</em></strong></span> <span class='ocrx_word' id='word_1_100' title='bbox 521 884 535 901; x_wconf 74' lang='grc' dir='ltr'>(ι</span> <span class='ocrx_word' id='word_1_101' title='bbox 551 876 597 903; x_wconf 81' lang='lat' dir='ltr'>Ne</span> <span class='ocrx_word' id='word_1_102' title='bbox 618 875 748 909; x_wconf 72' lang='lat' dir='ltr'>religiosi</span> <span class='ocrx_word' id='word_1_103' title='bbox 763 875 926 909; x_wconf 84' lang='lat' dir='ltr'>vagandi...</span> <span class='ocrx_word' id='word_1_104' title='bbox 945 873 1100 900; x_wconf 88' lang='lat' dir='ltr'>humiliter</span> <span class='ocrx_word' id='word_1_105' title='bbox 1115 881 1162 899; x_wconf 87' lang='lat' dir='ltr'>re-</span> 
     </span>
     <span class='ocr_line' id='line_1_14' title="bbox 151 928 403 953; baseline -0.008 -1"><span class='ocrx_word' id='word_1_106' title='bbox 151 935 165 952; x_wconf 82' lang='lat'>»</span> <span class='ocrx_word' id='word_1_107' title='bbox 185 929 341 953; x_wconf 83' lang='lat' dir='ltr'>vertantur</span> <span class='ocrx_word' id='word_1_108' title='bbox 353 928 371 952; x_wconf 91' lang='lat'>¹.</span> <span class='ocrx_word' id='word_1_109' title='bbox 390 933 403 950; x_wconf 87' lang='lat'>›)</span> 
     </span>
    </p>

    <p class='ocr_par' dir='ltr' id='par_1_6' title="bbox 185 969 1161 1004">
     <span class='ocr_line' id='line_1_15' title="bbox 185 969 1161 1004; baseline -0.007 -2"><span class='ocrx_word' id='word_1_110' title='bbox 185 975 229 1001; x_wconf 87' lang='lat'>50.</span> <span class='ocrx_word' id='word_1_111' title='bbox 244 975 383 1002; x_wconf 87' lang='lat' dir='ltr'>Predieta</span> <span class='ocrx_word' id='word_1_112' title='bbox 397 974 497 1001; x_wconf 87' lang='lat' dir='ltr'>omnia</span> <span class='ocrx_word' id='word_1_113' title='bbox 510 974 647 1000; x_wconf 81' lang='lat' dir='ltr'>volumus</span> <span class='ocrx_word' id='word_1_114' title='bbox 660 975 683 998; x_wconf 80' lang='lat' dir='ltr'>et</span> <span class='ocrx_word' id='word_1_115' title='bbox 699 972 823 998; x_wconf 71' lang='lat' dir='ltr'>‹lIstricte</span> <span class='ocrx_word' id='word_1_116' title='bbox 837 972 1005 1004; x_wconf 72' lang='lat' dir='ltr'>precipimus</span> <span class='ocrx_word' id='word_1_117' title='bbox 1023 970 1099 1004; x_wconf 87' lang='lat' dir='ltr'>quod</span> <span class='ocrx_word' id='word_1_118' title='bbox 1112 969 1161 996; x_wconf 91' lang='lat' dir='ltr'>ab-</span> 
     </span>
    </p>

    <p class='ocr_par' dir='ltr' id='par_1_7' title="bbox 150 1019 1165 1986">
     <span class='ocr_line' id='line_1_16' title="bbox 151 1019 1160 1058; baseline -0.007 -7"><span class='ocrx_word' id='word_1_119' title='bbox 151 1024 242 1057; x_wconf 87' lang='lat' dir='ltr'>bates,</span> <span class='ocrx_word' id='word_1_120' title='bbox 258 1026 285 1050; x_wconf 87' lang='lat' dir='ltr'>et</span> <span class='ocrx_word' id='word_1_121' title='bbox 299 1023 409 1058; x_wconf 87' lang='lat' dir='ltr'>priores</span> <span class='ocrx_word' id='word_1_122' title='bbox 426 1022 475 1057; x_wconf 87' lang='lat' dir='ltr'>qui</span> <span class='ocrx_word' id='word_1_123' title='bbox 492 1022 523 1049; x_wconf 90' lang='lat' dir='ltr'>in</span> <span class='ocrx_word' id='word_1_124' title='bbox 542 1022 602 1048; x_wconf 88' lang='lat' dir='ltr'>suis</span> <span class='ocrx_word' id='word_1_125' title='bbox 619 1021 752 1048; x_wconf 82' lang='lat' dir='ltr'>ecclesiis</span> <span class='ocrx_word' id='word_1_126' title='bbox 770 1020 922 1055; x_wconf 84' lang='lat' dir='ltr'>proprium</span> <span class='ocrx_word' id='word_1_127' title='bbox 943 1019 1080 1046; x_wconf 86' lang='lat' dir='ltr'>abbatem</span> <span class='ocrx_word' id='word_1_128' title='bbox 1102 1026 1160 1044; x_wconf 90' lang='lat' dir='ltr'>non</span> 
     </span>
     <span class='ocr_line' id='line_1_17' title="bbox 151 1067 1161 1105; baseline -0.007 -5"><span class='ocrx_word' id='word_1_129' title='bbox 151 1072 271 1105; x_wconf 84' lang='lat' dir='ltr'>habent,</span> <span class='ocrx_word' id='word_1_130' title='bbox 290 1072 401 1099; x_wconf 79' lang='lat' dir='ltr'>faciant</span> <span class='ocrx_word' id='word_1_131' title='bbox 416 1071 448 1098; x_wconf 89' lang='lat' dir='ltr'>in</span> <span class='ocrx_word' id='word_1_132' title='bbox 462 1071 523 1097; x_wconf 89' lang='lat' dir='ltr'>suis</span> <span class='ocrx_word' id='word_1_133' title='bbox 537 1069 735 1102; x_wconf 82' lang='lat' dir='ltr'>monasteriis,</span> <span class='ocrx_word' id='word_1_134' title='bbox 749 1069 843 1102; x_wconf 84' lang='lat' dir='ltr'>cellis,</span> <span class='ocrx_word' id='word_1_135' title='bbox 858 1067 1036 1095; x_wconf 74' lang='lat' dir='ltr'>obedientiis</span> <span class='ocrx_word' id='word_1_136' title='bbox 1048 1069 1077 1094; x_wconf 83' lang='lat' dir='ltr'>et</span> <span class='ocrx_word' id='word_1_137' title='bbox 1092 1067 1161 1094; x_wconf 89' lang='lat' dir='ltr'>aliis</span> 
     </span>
     <span class='ocr_line' id='line_1_18' title="bbox 151 1116 1160 1152; baseline -0.008 -4"><span class='ocrx_word' id='word_1_138' title='bbox 151 1121 223 1148; x_wconf 77' lang='lat' dir='ltr'>locis</span> <span class='ocrx_word' id='word_1_139' title='bbox 236 1121 293 1148; x_wconf 90' lang='lat' dir='ltr'>sibi</span> <span class='ocrx_word' id='word_1_140' title='bbox 307 1120 445 1152; x_wconf 89' lang='lat' dir='ltr'>subditis,</span> <span class='ocrx_word' id='word_1_141' title='bbox 458 1118 675 1146; x_wconf 77' lang='lat' dir='ltr'>inviolabiliter</span> <span class='ocrx_word' id='word_1_142' title='bbox 686 1118 851 1149; x_wconf 79' lang='lat' dir='ltr'>observari;</span> <span class='ocrx_word' id='word_1_143' title='bbox 869 1116 1001 1151; x_wconf 86' lang='lat' dir='ltr'>alioquin</span> <span class='ocrx_word' id='word_1_144' title='bbox 1015 1116 1049 1141; x_wconf 87' lang='lat' dir='ltr'>ab</span> <span class='ocrx_word' id='word_1_145' title='bbox 1061 1116 1160 1140; x_wconf 75' lang='lat' dir='ltr'>annni-</span> 
     </span>
     <span class='ocr_line' id='line_1_19' title="bbox 150 1165 1161 1196; baseline -0.006 0"><span class='ocrx_word' id='word_1_146' title='bbox 150 1169 364 1196; x_wconf 77' lang='lat' dir='ltr'>nistrationibus</span> <span class='ocrx_word' id='word_1_147' title='bbox 385 1176 411 1194; x_wconf 81' lang='lat' dir='ltr'>sc</span> <span class='ocrx_word' id='word_1_148' title='bbox 436 1169 561 1194; x_wconf 76' lang='lat' dir='ltr'>noverint</span> <span class='ocrx_word' id='word_1_149' title='bbox 583 1167 762 1194; x_wconf 79' lang='lat' dir='ltr'>amovendos.-</span> <span class='ocrx_word' id='word_1_150' title='bbox 787 1167 871 1193; x_wconf 67' lang='lat' dir='ltr'>salva</span> <span class='ocrx_word' id='word_1_151' title='bbox 895 1165 1110 1193; x_wconf 81' lang='lat' dir='ltr'>nichilominus</span> <span class='ocrx_word' id='word_1_152' title='bbox 1133 1166 1161 1191; x_wconf 90' lang='lat' dir='ltr'>et</span> 
     </span>
     <span class='ocr_line' id='line_1_20' title="bbox 150 1214 1159 1250; baseline -0.006 -4"><span class='ocrx_word' id='word_1_153' title='bbox 150 1222 267 1246; x_wconf 81' lang='lat' dir='ltr'>servata</span> <span class='ocrx_word' id='word_1_154' title='bbox 289 1226 351 1244; x_wconf 83' lang='lat' dir='ltr'>cum</span> <span class='ocrx_word' id='word_1_155' title='bbox 371 1217 504 1250; x_wconf 72' lang='lat' dir='ltr'>predictis</span> <span class='ocrx_word' id='word_1_156' title='bbox 528 1218 559 1242; x_wconf 79' lang='lat' dir='ltr'>in</span> <span class='ocrx_word' id='word_1_157' title='bbox 584 1216 722 1243; x_wconf 87' lang='lat' dir='ltr'>omnibus</span> <span class='ocrx_word' id='word_1_158' title='bbox 743 1216 821 1243; x_wconf 87' lang='lat' dir='ltr'>beati</span> <span class='ocrx_word' id='word_1_159' title='bbox 849 1214 1005 1242; x_wconf 78' lang='lat' dir='ltr'>Benedicti</span> <span class='ocrx_word' id='word_1_160' title='bbox 1029 1214 1159 1248; x_wconf 77' lang='lat' dir='ltr'>Regula,</span> 
     </span>
     <span class='ocr_line' id='line_1_21' title="bbox 151 1262 1161 1302; baseline -0.007 -7"><span class='ocrx_word' id='word_1_161' title='bbox 151 1277 237 1302; x_wconf 86' lang='lat' dir='ltr'>quam</span> <span class='ocrx_word' id='word_1_162' title='bbox 253 1267 359 1299; x_wconf 86' lang='lat' dir='ltr'>sciant,</span> <span class='ocrx_word' id='word_1_163' title='bbox 375 1266 514 1301; x_wconf 76' lang='lat' dir='ltr'>precipue</span> <span class='ocrx_word' id='word_1_164' title='bbox 528 1266 565 1292; x_wconf 91' lang='lat' dir='ltr'>ad</span> <span class='ocrx_word' id='word_1_165' title='bbox 579 1265 788 1292; x_wconf 75' lang='lat' dir='ltr'>correctionem</span> <span class='ocrx_word' id='word_1_166' title='bbox 804 1267 833 1291; x_wconf 84' lang='lat' dir='ltr'>et.</span> <span class='ocrx_word' id='word_1_167' title='bbox 848 1263 1089 1291; x_wconf 74' lang='lat' dir='ltr'>reformationem</span> <span class='ocrx_word' id='word_1_168' title='bbox 1104 1262 1161 1289; x_wconf 89' lang='lat' dir='ltr'>Or-</span> 
     </span>
     <span class='ocr_line' id='line_1_22' title="bbox 151 1315 603 1349; baseline -0.009 -5"><span class='ocrx_word' id='word_1_169' title='bbox 151 1317 242 1349; x_wconf 76' lang='lat' dir='ltr'>dinis,</span> <span class='ocrx_word' id='word_1_170' title='bbox 255 1325 284 1343; x_wconf 87' lang='lat' dir='ltr'>se</span> <span class='ocrx_word' id='word_1_171' title='bbox 298 1315 405 1343; x_wconf 90' lang='lat' dir='ltr'>habere</span> <span class='ocrx_word' id='word_1_172' title='bbox 419 1315 603 1349; x_wconf 82' lang='lat' dir='ltr'>magistram.</span> 
     </span>
     <span class='ocr_line' id='line_1_23' title="bbox 154 1359 1159 1398; baseline -0.007 -6"><span class='ocrx_word' id='word_1_173' title='bbox 154 1376 157 1378; x_wconf 63' lang='grc'>’</span> <span class='ocrx_word' id='word_1_174' title='bbox 186 1365 230 1392; x_wconf 84' lang='grc'>51.</span> <span class='ocrx_word' id='word_1_175' title='bbox 249 1364 436 1398; x_wconf 85' lang='lat' dir='ltr'>Precipimus</span> <span class='ocrx_word' id='word_1_176' title='bbox 452 1365 563 1395; x_wconf 81' lang='lat' dir='ltr'>autem,</span> <span class='ocrx_word' id='word_1_177' title='bbox 580 1362 611 1388; x_wconf 91' lang='lat' dir='ltr'>in</span> <span class='ocrx_word' id='word_1_178' title='bbox 628 1362 740 1389; x_wconf 87' lang='lat' dir='ltr'>virtute</span> <span class='ocrx_word' id='word_1_179' title='bbox 759 1361 943 1392; x_wconf 80' lang='lat' dir='ltr'>obedientie,</span> <span class='ocrx_word' id='word_1_180' title='bbox 965 1359 1040 1394; x_wconf 85' lang='lat' dir='ltr'>quod</span> <span class='ocrx_word' id='word_1_181' title='bbox 1059 1359 1159 1391; x_wconf 86' lang='lat' dir='ltr'>abbas,</span> 
     </span>
     <span class='ocr_line' id='line_1_24' title="bbox 150 1408 1161 1448; baseline -0.006 -8"><span class='ocrx_word' id='word_1_182' title='bbox 150 1415 198 1441; x_wconf 83' lang='lat' dir='ltr'>vel</span> <span class='ocrx_word' id='word_1_183' title='bbox 214 1414 304 1448; x_wconf 91' lang='lat' dir='ltr'>prior,</span> <span class='ocrx_word' id='word_1_184' title='bbox 319 1413 343 1439; x_wconf 88' lang='lat' dir='ltr'>si</span> <span class='ocrx_word' id='word_1_185' title='bbox 357 1412 462 1439; x_wconf 88' lang='lat' dir='ltr'>absens</span> <span class='ocrx_word' id='word_1_186' title='bbox 477 1411 565 1438; x_wconf 84' lang='lat' dir='ltr'>fuerit</span> <span class='ocrx_word' id='word_1_187' title='bbox 579 1411 679 1443; x_wconf 82' lang='lat' dir='ltr'>abbas,</span> <span class='ocrx_word' id='word_1_188' title='bbox 697 1411 755 1444; x_wconf 83' lang='lat' dir='ltr'>legi</span> <span class='ocrx_word' id='word_1_189' title='bbox 772 1410 861 1436; x_wconf 86' lang='lat' dir='ltr'>faciat</span> <span class='ocrx_word' id='word_1_190' title='bbox 873 1412 901 1436; x_wconf 84' lang='lat' dir='ltr'>et</span> <span class='ocrx_word' id='word_1_191' title='bbox 914 1408 1021 1443; x_wconf 80' lang='lat' dir='ltr'>exponi</span> <span class='ocrx_word' id='word_1_192' title='bbox 1036 1408 1161 1442; x_wconf 87' lang='lat' dir='ltr'>diligen-</span> 
     </span>
     <span class='ocr_line' id='line_1_25' title="bbox 151 1459 1160 1495; baseline -0.008 -5"><span class='ocrx_word' id='word_1_193' title='bbox 151 1466 194 1490; x_wconf 91' lang='lat' dir='ltr'>ter</span> <span class='ocrx_word' id='word_1_194' title='bbox 209 1461 382 1495; x_wconf 76' lang='lat' dir='ltr'>supradictus</span> <span class='ocrx_word' id='word_1_195' title='bbox 398 1461 604 1486; x_wconf 71' lang='lat' dir='ltr'>constitutiones</span> <span class='ocrx_word' id='word_1_196' title='bbox 621 1460 652 1486; x_wconf 92' lang='lat' dir='ltr'>in</span> <span class='ocrx_word' id='word_1_197' title='bbox 671 1460 816 1494; x_wconf 84' lang='lat' dir='ltr'>capitulo,</span> <span class='ocrx_word' id='word_1_198' title='bbox 834 1462 877 1486; x_wconf 88' lang='lat' dir='ltr'>ter</span> <span class='ocrx_word' id='word_1_199' title='bbox 895 1459 926 1486; x_wconf 88' lang='lat' dir='ltr'>in</span> <span class='ocrx_word' id='word_1_200' title='bbox 945 1466 1032 1490; x_wconf 87' lang='lat' dir='ltr'>anno,</span> <span class='ocrx_word' id='word_1_201' title='bbox 1050 1464 1160 1490; x_wconf 63' lang='lat' dir='ltr'>congra-</span> 
     </span>
     <span class='ocr_line' id='line_1_26' title="bbox 150 1507 1162 1544; baseline -0.004 -7"><span class='ocrx_word' id='word_1_202' title='bbox 150 1513 222 1544; x_wconf 77' lang='lat' dir='ltr'>qatis</span> <span class='ocrx_word' id='word_1_203' title='bbox 237 1511 386 1543; x_wconf 50' lang='lat' dir='ltr'>fratribus</span> <span class='ocrx_word' id='word_1_204' title='bbox 399 1519 429 1536; x_wconf 84' lang='lat' dir='ltr'>IN</span> <span class='ocrx_word' id='word_1_205' title='bbox 442 1518 587 1537; x_wconf 57' lang='lat' dir='ltr'>enas-rme</span> <span class='ocrx_word' id='word_1_206' title='bbox 598 1509 740 1536; x_wconf 85' lang='lat' dir='ltr'>videlicet</span> <span class='ocrx_word' id='word_1_207' title='bbox 751 1508 931 1536; x_wconf 84' lang='lat' dir='ltr'>Nativitatis</span> <span class='ocrx_word' id='word_1_208' title='bbox 942 1507 1075 1539; x_wconf 87' lang='lat' dir='ltr'>Domini,</span> <span class='ocrx_word' id='word_1_209' title='bbox 1088 1507 1162 1534; x_wconf 82' lang='lat' dir='ltr'>Pas-</span> 
     </span>
     <span class='ocr_line' id='line_1_27' title="bbox 151 1556 1162 1592; baseline -0.006 -4"><span class='ocrx_word' id='word_1_210' title='bbox 151 1562 205 1588; x_wconf 84' lang='lat' dir='ltr'>che</span> <span class='ocrx_word' id='word_1_211' title='bbox 226 1559 478 1591; x_wconf 76' lang='lat' dir='ltr'>ResurrectioniS,</span> <span class='ocrx_word' id='word_1_212' title='bbox 498 1562 527 1586; x_wconf 86' lang='lat' dir='ltr'>et</span> <span class='ocrx_word' id='word_1_213' title='bbox 543 1558 768 1592; x_wconf 87' lang='lat' dir='ltr'>Assumptionis</span> <span class='ocrx_word' id='word_1_214' title='bbox 788 1557 872 1584; x_wconf 86' lang='lat' dir='ltr'>beate</span> <span class='ocrx_word' id='word_1_215' title='bbox 894 1556 1038 1591; x_wconf 72' lang='lat' dir='ltr'>Virginis.</span> <span class='ocrx_word' id='word_1_216' title='bbox 1062 1556 1162 1583; x_wconf 83' lang='lat' dir='ltr'>Abbas</span> 
     </span>
     <span class='ocr_line' id='line_1_28' title="bbox 152 1605 1163 1641; baseline -0.004 -5"><span class='ocrx_word' id='word_1_217' title='bbox 152 1618 221 1636; x_wconf 85' lang='lat' dir='ltr'>vero</span> <span class='ocrx_word' id='word_1_218' title='bbox 238 1610 291 1635; x_wconf 85' lang='lat' dir='ltr'>hec</span> <span class='ocrx_word' id='word_1_219' title='bbox 309 1608 410 1635; x_wconf 83' lang='lat' dir='ltr'>onmia</span> <span class='ocrx_word' id='word_1_220' title='bbox 423 1607 583 1641; x_wconf 78' lang='lat' dir='ltr'>diligenter</span> <span class='ocrx_word' id='word_1_221' title='bbox 603 1607 737 1634; x_wconf 75' lang='lat' dir='ltr'>observet</span> <span class='ocrx_word' id='word_1_222' title='bbox 758 1608 786 1633; x_wconf 92' lang='lat' dir='ltr'>et</span> <span class='ocrx_word' id='word_1_223' title='bbox 809 1606 846 1633; x_wconf 87' lang='lat' dir='ltr'>ab</span> <span class='ocrx_word' id='word_1_224' title='bbox 866 1605 934 1632; x_wconf 87' lang='lat' dir='ltr'>aliis</span> <span class='ocrx_word' id='word_1_225' title='bbox 956 1605 1045 1632; x_wconf 85' lang='lat' dir='ltr'>faciat</span> <span class='ocrx_word' id='word_1_226' title='bbox 1064 1605 1163 1632; x_wconf 84' lang='lat' dir='ltr'>obser-</span> 
     </span>
     <span class='ocr_line' id='line_1_29' title="bbox 153 1655 1163 1692; baseline -0.004 -7"><span class='ocrx_word' id='word_1_227' title='bbox 153 1659 235 1691; x_wconf 81' lang='lat' dir='ltr'>vari;</span> <span class='ocrx_word' id='word_1_228' title='bbox 252 1658 396 1692; x_wconf 87' lang='lat' dir='ltr'>alioquin,</span> <span class='ocrx_word' id='word_1_229' title='bbox 413 1657 438 1683; x_wconf 85' lang='lat' dir='ltr'>si</span> <span class='ocrx_word' id='word_1_230' title='bbox 452 1665 539 1691; x_wconf 87' lang='lat' dir='ltr'>super</span> <span class='ocrx_word' id='word_1_231' title='bbox 557 1657 616 1683; x_wconf 83' lang='lat' dir='ltr'>hiis</span> <span class='ocrx_word' id='word_1_232' title='bbox 632 1656 784 1690; x_wconf 81' lang='lat' dir='ltr'>negligens</span> <span class='ocrx_word' id='word_1_233' title='bbox 800 1657 927 1681; x_wconf 70' lang='lat' dir='ltr'>inventus</span> <span class='ocrx_word' id='word_1_234' title='bbox 944 1655 1044 1688; x_wconf 88' lang='lat' dir='ltr'>fuerit,</span> <span class='ocrx_word' id='word_1_235' title='bbox 1062 1663 1163 1681; x_wconf 87' lang='lat' dir='ltr'>secun-</span> 
     </span>
     <span class='ocr_line' id='line_1_30' title="bbox 153 1703 1164 1740; baseline -0.006 -5"><span class='ocrx_word' id='word_1_236' title='bbox 153 1708 224 1735; x_wconf 89' lang='lat' dir='ltr'>dum</span> <span class='ocrx_word' id='word_1_237' title='bbox 245 1705 487 1740; x_wconf 76' lang='lat' dir='ltr'>transgressionis</span> <span class='ocrx_word' id='word_1_238' title='bbox 508 1714 558 1731; x_wconf 91' lang='lat' dir='ltr'>sue</span> <span class='ocrx_word' id='word_1_239' title='bbox 583 1706 631 1732; x_wconf 88' lang='lat' dir='ltr'>vel</span> <span class='ocrx_word' id='word_1_240' title='bbox 654 1704 836 1739; x_wconf 87' lang='lat' dir='ltr'>negligentie</span> <span class='ocrx_word' id='word_1_241' title='bbox 860 1704 1036 1738; x_wconf 74' lang='lat' dir='ltr'>qualitatem</span> <span class='ocrx_word' id='word_1_242' title='bbox 1063 1703 1164 1730; x_wconf 86' lang='lat' dir='ltr'>taliter</span> 
     </span>
     <span class='ocr_line' id='line_1_31' title="bbox 153 1752 1163 1792; baseline -0.005 -8"><span class='ocrx_word' id='word_1_243' title='bbox 153 1757 305 1792; x_wconf 85' lang='lat' dir='ltr'>puniatur,</span> <span class='ocrx_word' id='word_1_244' title='bbox 320 1755 396 1790; x_wconf 85' lang='lat' dir='ltr'>quod</span> <span class='ocrx_word' id='word_1_245' title='bbox 410 1763 487 1789; x_wconf 88' lang='lat' dir='ltr'>pena</span> <span class='ocrx_word' id='word_1_246' title='bbox 502 1755 585 1781; x_wconf 88' lang='lat' dir='ltr'>illius</span> <span class='ocrx_word' id='word_1_247' title='bbox 603 1755 641 1781; x_wconf 91' lang='lat' dir='ltr'>sit</span> <span class='ocrx_word' id='word_1_248' title='bbox 659 1755 728 1781; x_wconf 85' lang='lat' dir='ltr'>aliis</span> <span class='ocrx_word' id='word_1_249' title='bbox 744 1754 774 1780; x_wconf 91' lang='lat' dir='ltr'>in</span> <span class='ocrx_word' id='word_1_250' title='bbox 791 1754 972 1788; x_wconf 78' lang='lat' dir='ltr'>exemplum.</span> <span class='ocrx_word' id='word_1_251' title='bbox 995 1753 1046 1785; x_wconf 81' lang='lat' dir='ltr'>Et,</span> <span class='ocrx_word' id='word_1_252' title='bbox 1064 1752 1088 1779; x_wconf 86' lang='lat' dir='ltr'>si</span> <span class='ocrx_word' id='word_1_253' title='bbox 1105 1754 1163 1779; x_wconf 87' lang='lat' dir='ltr'>for-</span> 
     </span>
     <span class='ocr_line' id='line_1_32' title="bbox 152 1801 1165 1839; baseline -0.005 -7"><span class='ocrx_word' id='word_1_254' title='bbox 152 1814 216 1839; x_wconf 85' lang='lat' dir='ltr'>san,</span> <span class='ocrx_word' id='word_1_255' title='bbox 233 1805 329 1839; x_wconf 84' lang='lat' dir='ltr'>culpis</span> <span class='ocrx_word' id='word_1_256' title='bbox 344 1804 405 1831; x_wconf 87' lang='lat' dir='ltr'>suis</span> <span class='ocrx_word' id='word_1_257' title='bbox 419 1803 616 1837; x_wconf 74' lang='lat' dir='ltr'>exigentibus,</span> <span class='ocrx_word' id='word_1_258' title='bbox 629 1803 766 1830; x_wconf 77' lang='lat' dir='ltr'>abbatem</span> <span class='ocrx_word' id='word_1_259' title='bbox 780 1802 819 1829; x_wconf 83' lang='lat' dir='ltr'>ab</span> <span class='ocrx_word' id='word_1_260' title='bbox 828 1801 1101 1829; x_wconf 80' lang='lat' dir='ltr'>amministratione</span> <span class='ocrx_word' id='word_1_261' title='bbox 1112 1809 1165 1828; x_wconf 87' lang='lat' dir='ltr'>sua</span> 
     </span>
     <span class='ocr_line' id='line_1_33' title="bbox 152 1849 1164 1889; baseline -0.007 -7"><span class='ocrx_word' id='word_1_262' title='bbox 152 1854 310 1889; x_wconf 86' lang='lat' dir='ltr'>contigerit</span> <span class='ocrx_word' id='word_1_263' title='bbox 325 1853 468 1886; x_wconf 84' lang='lat' dir='ltr'>amoveri,</span> <span class='ocrx_word' id='word_1_264' title='bbox 484 1853 566 1880; x_wconf 90' lang='lat' dir='ltr'>nulla</span> <span class='ocrx_word' id='word_1_265' title='bbox 580 1853 606 1879; x_wconf 89' lang='lat' dir='ltr'>ei</span> <span class='ocrx_word' id='word_1_266' title='bbox 620 1852 788 1886; x_wconf 85' lang='lat' dir='ltr'>aliquorum</span> <span class='ocrx_word' id='word_1_267' title='bbox 804 1851 975 1878; x_wconf 87' lang='lat' dir='ltr'>reddituum</span> <span class='ocrx_word' id='word_1_268' title='bbox 995 1850 1045 1877; x_wconf 86' lang='lat' dir='ltr'>fiat</span> <span class='ocrx_word' id='word_1_269' title='bbox 1063 1849 1164 1884; x_wconf 75' lang='lat' dir='ltr'>provi-</span> 
     </span>
     <span class='ocr_line' id='line_1_34' title="bbox 151 1898 1161 1936; baseline -0.005 -6"><span class='ocrx_word' id='word_1_270' title='bbox 151 1904 205 1936; x_wconf 88' lang='lat' dir='ltr'>sio,</span> <span class='ocrx_word' id='word_1_271' title='bbox 222 1903 272 1929; x_wconf 88' lang='lat' dir='ltr'>sed</span> <span class='ocrx_word' id='word_1_272' title='bbox 288 1903 319 1929; x_wconf 93' lang='lat' dir='ltr'>in</span> <span class='ocrx_word' id='word_1_273' title='bbox 334 1903 388 1929; x_wconf 81' lang='lat' dir='ltr'>hoe</span> <span class='ocrx_word' id='word_1_274' title='bbox 403 1901 502 1936; x_wconf 84' lang='lat' dir='ltr'>potius</span> <span class='ocrx_word' id='word_1_275' title='bbox 518 1901 611 1936; x_wconf 86' lang='lat' dir='ltr'>ipsius</span> <span class='ocrx_word' id='word_1_276' title='bbox 625 1901 725 1928; x_wconf 86' lang='lat' dir='ltr'>anime</span> <span class='ocrx_word' id='word_1_277' title='bbox 739 1900 941 1935; x_wconf 78' lang='lat' dir='ltr'>provideatur,</span> <span class='ocrx_word' id='word_1_278' title='bbox 962 1902 995 1925; x_wconf 87' lang='lat' dir='ltr'>ut</span> <span class='ocrx_word' id='word_1_279' title='bbox 1014 1898 1161 1926; x_wconf 81' lang='lat' dir='ltr'>salubrem</span> 
     </span>
     <span class='ocr_line' id='line_1_35' title="bbox 151 1949 671 1986; baseline -0.01 -6"><span class='ocrx_word' id='word_1_280' title='bbox 151 1954 218 1986; x_wconf 83' lang='lat' dir='ltr'>agat</span> <span class='ocrx_word' id='word_1_281' title='bbox 232 1950 429 1986; x_wconf 82' lang='lat' dir='ltr'>penitentiam</span> <span class='ocrx_word' id='word_1_282' title='bbox 444 1949 480 1976; x_wconf 89' lang='lat' dir='ltr'>de</span> <span class='ocrx_word' id='word_1_283' title='bbox 494 1949 671 1976; x_wconf 81' lang='lat' dir='ltr'>commissis.</span> 
     </span>
    </p>

    <p class='ocr_par' dir='ltr' id='par_1_8' title="bbox 151 1995 1164 2517">
     <span class='ocr_line' id='line_1_36' title="bbox 187 1995 1162 2034; baseline -0.004 -8"><span class='ocrx_word' id='word_1_284' title='bbox 187 1999 231 2027; x_wconf 83' lang='lat'>52.</span> <span class='ocrx_word' id='word_1_285' title='bbox 249 1999 438 2034; x_wconf 88' lang='lat' dir='ltr'>Precipimus</span> <span class='ocrx_word' id='word_1_286' title='bbox 456 2001 571 2031; x_wconf 89' lang='lat' dir='ltr'>autem,</span> <span class='ocrx_word' id='word_1_287' title='bbox 593 1998 646 2025; x_wconf 89' lang='lat' dir='ltr'>sub</span> <span class='ocrx_word' id='word_1_288' title='bbox 662 1997 910 2025; x_wconf 84' lang='lat' dir='ltr'>interminatione</span> <span class='ocrx_word' id='word_1_289' title='bbox 930 1996 1029 2023; x_wconf 83' lang='lat' dir='ltr'>divini</span> <span class='ocrx_word' id='word_1_290' title='bbox 1044 1995 1162 2030; x_wconf 83' lang='lat' dir='ltr'>judieii,</span> 
     </span>
     <span class='ocr_line' id='line_1_37' title="bbox 151 2044 1161 2082; baseline -0.005 -6"><span class='ocrx_word' id='word_1_291' title='bbox 151 2052 184 2076; x_wconf 88' lang='lat' dir='ltr'>ut</span> <span class='ocrx_word' id='word_1_292' title='bbox 204 2048 324 2075; x_wconf 84' lang='lat' dir='ltr'>abbates</span> <span class='ocrx_word' id='word_1_293' title='bbox 345 2048 394 2082; x_wconf 86' lang='lat' dir='ltr'>qui</span> <span class='ocrx_word' id='word_1_294' title='bbox 414 2047 544 2081; x_wconf 88' lang='lat' dir='ltr'>capitulo</span> <span class='ocrx_word' id='word_1_295' title='bbox 565 2046 743 2081; x_wconf 84' lang='lat' dir='ltr'>provinciali</span> <span class='ocrx_word' id='word_1_296' title='bbox 762 2054 813 2080; x_wconf 90' lang='lat' dir='ltr'>pro</span> <span class='ocrx_word' id='word_1_297' title='bbox 834 2048 966 2079; x_wconf 85' lang='lat' dir='ltr'>tempore</span> <span class='ocrx_word' id='word_1_298' title='bbox 986 2044 1161 2078; x_wconf 86' lang='lat' dir='ltr'>prefuerint,</span> 
     </span>
     <span class='ocr_line' id='line_1_38' title="bbox 151 2093 1163 2131; baseline -0.005 -7"><span class='ocrx_word' id='word_1_299' title='bbox 151 2097 230 2124; x_wconf 87' lang='lat' dir='ltr'>viros</span> <span class='ocrx_word' id='word_1_300' title='bbox 246 2096 420 2131; x_wconf 73' lang='lat' dir='ltr'>prudentes,v</span> <span class='ocrx_word' id='word_1_301' title='bbox 433 2095 580 2129; x_wconf 80' lang='lat' dir='ltr'>providos,</span> <span class='ocrx_word' id='word_1_302' title='bbox 595 2097 623 2121; x_wconf 89' lang='lat' dir='ltr'>et</span> <span class='ocrx_word' id='word_1_303' title='bbox 639 2094 779 2121; x_wconf 87' lang='lat' dir='ltr'>timentes</span> <span class='ocrx_word' id='word_1_304' title='bbox 791 2094 898 2126; x_wconf 88' lang='lat' dir='ltr'>Deum,</span> <span class='ocrx_word' id='word_1_305' title='bbox 913 2093 943 2119; x_wconf 91' lang='lat' dir='ltr'>in</span> <span class='ocrx_word' id='word_1_306' title='bbox 956 2093 1019 2127; x_wconf 86' lang='lat' dir='ltr'>ipso</span> <span class='ocrx_word' id='word_1_307' title='bbox 1032 2093 1163 2127; x_wconf 88' lang='lat' dir='ltr'>capitulo</span> 
     </span>
     <span class='ocr_line' id='line_1_39' title="bbox 152 2141 1163 2180; baseline -0.005 -8"><span class='ocrx_word' id='word_1_308' title='bbox 152 2145 331 2180; x_wconf 78' lang='lat' dir='ltr'>provinciali</span> <span class='ocrx_word' id='word_1_309' title='bbox 358 2144 527 2171; x_wconf 74' lang='lat' dir='ltr'>visitatores</span> <span class='ocrx_word' id='word_1_310' title='bbox 552 2143 729 2175; x_wconf 75' lang='lat' dir='ltr'>instituant,</span> <span class='ocrx_word' id='word_1_311' title='bbox 753 2142 804 2177; x_wconf 88' lang='lat' dir='ltr'>qui</span> <span class='ocrx_word' id='word_1_312' title='bbox 831 2150 933 2169; x_wconf 90' lang='lat' dir='ltr'>omnes</span> <span class='ocrx_word' id='word_1_313' title='bbox 957 2141 1106 2173; x_wconf 81' lang='lat' dir='ltr'>abbatias,</span> <span class='ocrx_word' id='word_1_314' title='bbox 1135 2143 1163 2167; x_wconf 90' lang='lat' dir='ltr'>et</span> 
     </span>
     <span class='ocr_line' id='line_1_40' title="bbox 152 2189 1162 2229; baseline -0.004 -9"><span class='ocrx_word' id='word_1_315' title='bbox 152 2194 299 2229; x_wconf 81' lang='lat' dir='ltr'>prioratus</span> <span class='ocrx_word' id='word_1_316' title='bbox 315 2192 435 2219; x_wconf 82' lang='lat' dir='ltr'>abbates</span> <span class='ocrx_word' id='word_1_317' title='bbox 452 2192 583 2226; x_wconf 89' lang='lat' dir='ltr'>proprios</span> <span class='ocrx_word' id='word_1_318' title='bbox 599 2200 656 2218; x_wconf 91' lang='lat' dir='ltr'>non</span> <span class='ocrx_word' id='word_1_319' title='bbox 674 2191 827 2224; x_wconf 86' lang='lat' dir='ltr'>habentes,</span> <span class='ocrx_word' id='word_1_320' title='bbox 844 2191 976 2224; x_wconf 87' lang='lat' dir='ltr'>ejusdem</span> <span class='ocrx_word' id='word_1_321' title='bbox 997 2189 1162 2224; x_wconf 70' lang='lat' dir='ltr'>provincie,</span> 
     </span>
     <span class='ocr_line' id='line_1_41' title="bbox 152 2239 1164 2273; baseline -0.004 -5"><span class='ocrx_word' id='word_1_322' title='bbox 152 2242 277 2269; x_wconf 80' lang='lat' dir='ltr'>visitent</span> <span class='ocrx_word' id='word_1_323' title='bbox 291 2241 369 2267; x_wconf 86' lang='lat' dir='ltr'>infra</span> <span class='ocrx_word' id='word_1_324' title='bbox 390 2249 513 2273; x_wconf 88' lang='lat' dir='ltr'>annum,</span> <span class='ocrx_word' id='word_1_325' title='bbox 531 2243 559 2267; x_wconf 88' lang='lat' dir='ltr'>et</span> <span class='ocrx_word' id='word_1_326' title='bbox 578 2240 740 2267; x_wconf 85' lang='lat' dir='ltr'>secundum</span> <span class='ocrx_word' id='word_1_327' title='bbox 762 2241 839 2267; x_wconf 86' lang='lat' dir='ltr'>hanc</span> <span class='ocrx_word' id='word_1_328' title='bbox 859 2239 1077 2266; x_wconf 84' lang='lat' dir='ltr'>ordinationem</span> <span class='ocrx_word' id='word_1_329' title='bbox 1096 2246 1164 2265; x_wconf 91' lang='lat' dir='ltr'>nos-</span> 
     </span>
     <span class='ocr_line' id='line_1_42' title="bbox 152 2287 1164 2322; baseline -0.005 -4"><span class='ocrx_word' id='word_1_330' title='bbox 152 2294 229 2318; x_wconf 83' lang='lat' dir='ltr'>tram</span> <span class='ocrx_word' id='word_1_331' title='bbox 255 2291 285 2317; x_wconf 92' lang='lat' dir='ltr'>in</span> <span class='ocrx_word' id='word_1_332' title='bbox 309 2289 488 2317; x_wconf 85' lang='lat' dir='ltr'>correctione</span> <span class='ocrx_word' id='word_1_333' title='bbox 514 2291 542 2315; x_wconf 88' lang='lat' dir='ltr'>et</span> <span class='ocrx_word' id='word_1_334' title='bbox 569 2289 780 2315; x_wconf 80' lang='lat' dir='ltr'>reformatione</span> <span class='ocrx_word' id='word_1_335' title='bbox 802 2287 973 2322; x_wconf 85' lang='lat' dir='ltr'>procedant,</span> <span class='ocrx_word' id='word_1_336' title='bbox 1000 2289 1028 2313; x_wconf 89' lang='lat' dir='ltr'>et</span> <span class='ocrx_word' id='word_1_337' title='bbox 1053 2295 1086 2313; x_wconf 83' lang='lat' dir='ltr'>ea</span> <span class='ocrx_word' id='word_1_338' title='bbox 1108 2295 1164 2320; x_wconf 85' lang='lat' dir='ltr'>que</span> 
     </span>
     <span class='ocr_line' id='line_1_43' title="bbox 152 2335 1164 2373; baseline -0.006 -6"><span class='ocrx_word' id='word_1_339' title='bbox 152 2339 305 2368; x_wconf 86' lang='lat' dir='ltr'>emendari</span> <span class='ocrx_word' id='word_1_340' title='bbox 325 2337 521 2373; x_wconf 85' lang='lat' dir='ltr'>preceperint,</span> <span class='ocrx_word' id='word_1_341' title='bbox 535 2337 589 2364; x_wconf 89' lang='lat' dir='ltr'>sub</span> <span class='ocrx_word' id='word_1_342' title='bbox 605 2337 713 2371; x_wconf 81' lang='lat' dir='ltr'>sigillis</span> <span class='ocrx_word' id='word_1_343' title='bbox 732 2336 793 2363; x_wconf 87' lang='lat' dir='ltr'>suis</span> <span class='ocrx_word' id='word_1_344' title='bbox 813 2336 844 2363; x_wconf 90' lang='lat' dir='ltr'>in</span> <span class='ocrx_word' id='word_1_345' title='bbox 863 2335 990 2369; x_wconf 85' lang='lat' dir='ltr'>singulis</span> <span class='ocrx_word' id='word_1_346' title='bbox 1005 2335 1164 2362; x_wconf 77' lang='lat' dir='ltr'>dimittant</span> 
     </span>
     <span class='ocr_line' id='line_1_44' title="bbox 152 2383 1163 2420; baseline -0.007 -4"><span class='ocrx_word' id='word_1_347' title='bbox 152 2388 351 2419; x_wconf 85' lang='lat' dir='ltr'>monasteriis,</span> <span class='ocrx_word' id='word_1_348' title='bbox 366 2390 395 2414; x_wconf 90' lang='lat' dir='ltr'>et</span> <span class='ocrx_word' id='word_1_349' title='bbox 408 2387 509 2414; x_wconf 88' lang='lat' dir='ltr'>eadem</span> <span class='ocrx_word' id='word_1_350' title='bbox 522 2388 671 2420; x_wconf 88' lang='lat' dir='ltr'>reportent</span> <span class='ocrx_word' id='word_1_351' title='bbox 683 2385 719 2412; x_wconf 89' lang='lat' dir='ltr'>ad</span> <span class='ocrx_word' id='word_1_352' title='bbox 736 2384 886 2419; x_wconf 87' lang='lat' dir='ltr'>sequentis</span> <span class='ocrx_word' id='word_1_353' title='bbox 897 2384 969 2411; x_wconf 84' lang='lat' dir='ltr'>anni</span> <span class='ocrx_word' id='word_1_354' title='bbox 986 2383 1163 2418; x_wconf 87' lang='lat' dir='ltr'>capitulum,</span> 
     </span>
     <span class='ocr_line' id='line_1_45' title="bbox 151 2432 1164 2466; baseline -0.008 -1"><span class='ocrx_word' id='word_1_355' title='bbox 151 2437 296 2465; x_wconf 84' lang='lat' dir='ltr'>tradenda</span> <span class='ocrx_word' id='word_1_356' title='bbox 312 2435 527 2463; x_wconf 86' lang='lat' dir='ltr'>substituendis</span> <span class='ocrx_word' id='word_1_357' title='bbox 547 2434 763 2466; x_wconf 74' lang='lat' dir='ltr'>visitatoribus,</span> <span class='ocrx_word' id='word_1_358' title='bbox 785 2435 818 2460; x_wconf 88' lang='lat' dir='ltr'>ut</span> <span class='ocrx_word' id='word_1_359' title='bbox 834 2433 876 2460; x_wconf 87' lang='lat' dir='ltr'>sic</span> <span class='ocrx_word' id='word_1_360' title='bbox 892 2432 1026 2459; x_wconf 85' lang='lat' dir='ltr'>omnium</span> <span class='ocrx_word' id='word_1_361' title='bbox 1046 2440 1164 2458; x_wconf 88' lang='lat' dir='ltr'>monas-</span> 
     </span>
     <span class='ocr_line' id='line_1_46' title="bbox 152 2481 966 2517; baseline -0.01 -3"><span class='ocrx_word' id='word_1_362' title='bbox 152 2487 293 2514; x_wconf 88' lang='lat' dir='ltr'>teriorum</span> <span class='ocrx_word' id='word_1_363' title='bbox 310 2485 479 2513; x_wconf 88' lang='lat' dir='ltr'>obedientia</span> <span class='ocrx_word' id='word_1_364' title='bbox 494 2484 542 2510; x_wconf 67' lang='lat' dir='ltr'>vel</span> <span class='ocrx_word' id='word_1_365' title='bbox 559 2482 752 2517; x_wconf 78' lang='lat' dir='ltr'>transgressio</span> <span class='ocrx_word' id='word_1_366' title='bbox 765 2481 966 2514; x_wconf 79' lang='lat' dir='ltr'>comprobetur.</span> 
     </span>
    </p>

    <p class='ocr_par' dir='ltr' id='par_1_9' title="bbox 187 2526 543 2570">
     <span class='ocr_line' id='line_1_47' title="bbox 187 2526 543 2570; baseline -0.017 -8"><span class='ocrx_word' id='word_1_367' title='bbox 187 2535 230 2562; x_wconf 82' lang='lat'>53.</span> <span class='ocrx_word' id='word_1_368' title='bbox 246 2534 345 2570; x_wconf 85' lang='lat' dir='ltr'>[Deest</span> <span class='ocrx_word' id='word_1_369' title='bbox 363 2534 392 2560; x_wconf 89' lang='lat' dir='ltr'>in</span> <span class='ocrx_word' id='word_1_370' title='bbox 409 2531 453 2567; x_wconf 75' lang='lat'>.4.]</span> <span class='ocrx_word' id='word_1_371' title='bbox 541 2526 543 2528; x_wconf 74' lang='grc'><strong>’</strong></span> 
     </span>
    </p>
   </div>
   <div class='ocr_carea' id='block_1_5' title="bbox 153 2680 1162 2758">
    <p class='ocr_par' dir='ltr' id='par_1_10' title="bbox 153 2680 1162 2758">
     <span class='ocr_line' id='line_1_48' title="bbox 188 2680 1162 2708; baseline -0.01 0"><span class='ocrx_word' id='word_1_372' title='bbox 188 2680 231 2708; x_wconf 62' lang='grc'>54.</span> <span class='ocrx_word' id='word_1_373' title='bbox 249 2681 294 2708; x_wconf 81' lang='lat' dir='ltr'>DE</span> <span class='ocrx_word' id='word_1_374' title='bbox 312 2685 495 2706; x_wconf 74' lang='lat' dir='ltr'><strong>MONIALIBL‘S</strong></span> <span class='ocrx_word' id='word_1_375' title='bbox 514 2685 614 2704; x_wconf 70' lang='lat' dir='ltr'><strong>AL&#39;TEM</strong></span> <span class='ocrx_word' id='word_1_376' title='bbox 637 2683 781 2702; x_wconf 77' lang='lat' dir='ltr'>PREDICTA</span> <span class='ocrx_word' id='word_1_377' title='bbox 803 2682 898 2701; x_wconf 67' lang='lat' dir='ltr'>OMNIA</span> <span class='ocrx_word' id='word_1_378' title='bbox 917 2680 1095 2700; x_wconf 75' lang='lat' dir='ltr'>PRECiPIMUS</span> <span class='ocrx_word' id='word_1_379' title='bbox 1110 2680 1162 2699; x_wconf 83' lang='lat'><em>013-</em></span> 
     </span>
     <span class='ocr_line' id='line_1_49' title="bbox 153 2728 1114 2758; baseline -0.012 0"><span class='ocrx_word' id='word_1_380' title='bbox 153 2738 283 2758; x_wconf 69' lang='lat' dir='ltr'>SERVARI</span> <span class='ocrx_word' id='word_1_381' title='bbox 297 2734 455 2755; x_wconf 65' lang='lat' dir='ltr'>SECUNDUM</span> <span class='ocrx_word' id='word_1_382' title='bbox 469 2734 546 2755; x_wconf 71' lang='lat' dir='ltr'><strong>QUOD</strong></span> <span class='ocrx_word' id='word_1_383' title='bbox 562 2733 664 2752; x_wconf 78' lang='lat' dir='ltr'>EORUM</span> <span class='ocrx_word' id='word_1_384' title='bbox 680 2731 767 2751; x_wconf 81' lang='lat' dir='ltr'><strong>SEXL&#39;I</strong></span> <span class='ocrx_word' id='word_1_385' title='bbox 783 2730 908 2750; x_wconf 79' lang='lat' dir='ltr'>POTERIT</span> <span class='ocrx_word' id='word_1_386' title='bbox 922 2729 1080 2748; x_wconf 65' lang='lat' dir='ltr'><strong>ADAPTARL</strong></span> <span class='ocrx_word' id='word_1_387' title='bbox 1100 2728 1114 2745; x_wconf 84' lang='lat'>))</span> 
     </span>
    </p>
   </div>
   <div class='ocr_carea' id='block_1_6' title="bbox 1275 339 2250 377">
    <p class='ocr_par' dir='ltr' id='par_1_11' title="bbox 1275 339 2250 377">
     <span class='ocr_line' id='line_1_50' title="bbox 1275 339 2250 377; baseline 0.003 -10"><span class='ocrx_word' id='word_1_388' title='bbox 1275 339 1320 367; x_wconf 70' lang='lat'>48.</span> <span class='ocrx_word' id='word_1_389' title='bbox 1337 341 1532 369; x_wconf 79' lang='lat' dir='ltr'>Decor-nimus</span> <span class='ocrx_word' id='word_1_390' title='bbox 1546 343 1636 370; x_wconf 85' lang='lat' dir='ltr'>etiam</span> <span class='ocrx_word' id='word_1_391' title='bbox 1652 343 1743 376; x_wconf 88' lang='lat' dir='ltr'>quod,</span> <span class='ocrx_word' id='word_1_392' title='bbox 1760 343 1785 369; x_wconf 82' lang='lat' dir='ltr'>si</span> <span class='ocrx_word' id='word_1_393' title='bbox 1801 344 1958 377; x_wconf 88' lang='lat' dir='ltr'>paupertas</span> <span class='ocrx_word' id='word_1_394' title='bbox 1972 343 2039 376; x_wconf 86' lang='lat' dir='ltr'>loci,</span> <span class='ocrx_word' id='word_1_395' title='bbox 2053 343 2102 370; x_wconf 79' lang='lat' dir='ltr'>vel</span> <span class='ocrx_word' id='word_1_396' title='bbox 2117 343 2250 371; x_wconf 84' lang='lat' dir='ltr'>defectus</span> 
     </span>
    </p>
   </div>
   <div class='ocr_carea' id='block_1_7' title="bbox 1228 388 2250 427">
    <p class='ocr_par' dir='ltr' id='par_1_12' title="bbox 1228 388 2250 427">
     <span class='ocr_line' id='line_1_51' title="bbox 1228 388 2250 427; baseline 0.004 -13"><span class='ocrx_word' id='word_1_397' title='bbox 1228 388 1363 427; x_wconf 7' lang='lat' dir='ltr'>gordinis,</span> <span class='ocrx_word' id='word_1_398' title='bbox 1383 397 1433 416; x_wconf 86' lang='lat' dir='ltr'>seu</span> <span class='ocrx_word' id='word_1_399' title='bbox 1451 398 1527 424; x_wconf 87' lang='lat' dir='ltr'>pena</span> <span class='ocrx_word' id='word_1_400' title='bbox 1548 390 1651 417; x_wconf 85' lang='lat' dir='ltr'>delicti</span> <span class='ocrx_word' id='word_1_401' title='bbox 1668 391 1722 417; x_wconf 86' lang='lat' dir='ltr'>hoc</span> <span class='ocrx_word' id='word_1_402' title='bbox 1737 391 1862 423; x_wconf 72' lang='lat' dir='ltr'>coeeyerit,</span> <span class='ocrx_word' id='word_1_403' title='bbox 1880 392 1912 417; x_wconf 90' lang='lat' dir='ltr'>ut</span> <span class='ocrx_word' id='word_1_404' title='bbox 1933 390 1970 417; x_wconf 87' lang='lat' dir='ltr'>de</span> <span class='ocrx_word' id='word_1_405' title='bbox 1989 390 2108 418; x_wconf 88' lang='lat' dir='ltr'>sedibus</span> <span class='ocrx_word' id='word_1_406' title='bbox 2123 391 2250 425; x_wconf 84' lang='lat' dir='ltr'>propriis</span> 
     </span>
    </p>
   </div>
   <div class='ocr_carea' id='block_1_8' title="bbox 1240 437 2251 666">
    <p class='ocr_par' dir='ltr' id='par_1_13' title="bbox 1240 437 2251 666">
     <span class='ocr_line' id='line_1_52' title="bbox 1242 437 2250 472; baseline 0.003 -10"><span class='ocrx_word' id='word_1_407' title='bbox 1242 437 1379 464; x_wconf 86' lang='lat' dir='ltr'>monachi</span> <span class='ocrx_word' id='word_1_408' title='bbox 1404 438 1498 472; x_wconf 88' lang='lat' dir='ltr'>aliqui</span> <span class='ocrx_word' id='word_1_409' title='bbox 1519 438 1706 470; x_wconf 86' lang='lat' dir='ltr'>emittantur,</span> <span class='ocrx_word' id='word_1_410' title='bbox 1731 438 1852 465; x_wconf 86' lang='lat' dir='ltr'>abbates</span> <span class='ocrx_word' id='word_1_411' title='bbox 1873 438 1911 465; x_wconf 89' lang='lat' dir='ltr'>ad</span> <span class='ocrx_word' id='word_1_412' title='bbox 1935 446 2006 472; x_wconf 86' lang='lat' dir='ltr'>quos</span> <span class='ocrx_word' id='word_1_413' title='bbox 2029 438 2118 466; x_wconf 86' lang='lat' dir='ltr'>misse</span> <span class='ocrx_word' id='word_1_414' title='bbox 2138 438 2250 466; x_wconf 83' lang='lat' dir='ltr'>fuerint</span> 
     </span>
     <span class='ocr_line' id='line_1_53' title="bbox 1241 486 2251 521; baseline 0.003 -10"><span class='ocrx_word' id='word_1_415' title='bbox 1241 493 1363 518; x_wconf 87' lang='lat' dir='ltr'>persone</span> <span class='ocrx_word' id='word_1_416' title='bbox 1377 486 1558 519; x_wconf 81' lang='lat' dir='ltr'>hujusmodi.</span> <span class='ocrx_word' id='word_1_417' title='bbox 1574 495 1621 513; x_wconf 86' lang='lat' dir='ltr'>eas</span> <span class='ocrx_word' id='word_1_418' title='bbox 1637 486 1767 521; x_wconf 90' lang='lat' dir='ltr'>recipere</span> <span class='ocrx_word' id='word_1_419' title='bbox 1783 495 1840 513; x_wconf 89' lang='lat' dir='ltr'>non</span> <span class='ocrx_word' id='word_1_420' title='bbox 1857 490 2002 520; x_wconf 85' lang='lat' dir='ltr'>recusent,</span> <span class='ocrx_word' id='word_1_421' title='bbox 2020 487 2163 521; x_wconf 86' lang='lat' dir='ltr'>quamdiu</span> <span class='ocrx_word' id='word_1_422' title='bbox 2175 487 2251 514; x_wconf 83' lang='lat' dir='ltr'>visi-</span> 
     </span>
     <span class='ocr_line' id='line_1_54' title="bbox 1241 533 2251 569; baseline 0 -9"><span class='ocrx_word' id='word_1_423' title='bbox 1241 533 1385 561; x_wconf 87' lang='lat' dir='ltr'>tatoribus</span> <span class='ocrx_word' id='word_1_424' title='bbox 1401 534 1499 561; x_wconf 83' lang='lat' dir='ltr'>visum</span> <span class='ocrx_word' id='word_1_425' title='bbox 1514 535 1603 562; x_wconf 84' lang='lat' dir='ltr'>fuerit</span> <span class='ocrx_word' id='word_1_426' title='bbox 1617 535 1765 569; x_wconf 79' lang='lat' dir='ltr'>expedire,</span> <span class='ocrx_word' id='word_1_427' title='bbox 1781 536 1838 560; x_wconf 84' lang='lat' dir='ltr'>nisi</span> <span class='ocrx_word' id='word_1_428' title='bbox 1851 535 1918 560; x_wconf 79' lang='lat' dir='ltr'>tales</span> <span class='ocrx_word' id='word_1_429' title='bbox 1933 535 2050 568; x_wconf 80' lang='lat' dir='ltr'>suerint,</span> <span class='ocrx_word' id='word_1_430' title='bbox 2068 535 2140 568; x_wconf 78' lang='lat' dir='ltr'>quod</span> <span class='ocrx_word' id='word_1_431' title='bbox 2155 542 2251 561; x_wconf 80' lang='lat' dir='ltr'>eorum</span> 
     </span>
     <span class='ocr_line' id='line_1_55' title="bbox 1240 583 2250 618; baseline 0.004 -11"><span class='ocrx_word' id='word_1_432' title='bbox 1240 583 1408 607; x_wconf 82' lang='lat' dir='ltr'>conversatio</span> <span class='ocrx_word' id='word_1_433' title='bbox 1424 590 1479 608; x_wconf 78' lang='lat' dir='ltr'>non</span> <span class='ocrx_word' id='word_1_434' title='bbox 1494 584 1579 616; x_wconf 81' lang='lat' dir='ltr'>possit</span> <span class='ocrx_word' id='word_1_435' title='bbox 1593 584 1651 608; x_wconf 79' lang='lat' dir='ltr'>sine</span> <span class='ocrx_word' id='word_1_436' title='bbox 1665 584 1747 615; x_wconf 63' lang='lat' dir='ltr'>,erm-i</span> <span class='ocrx_word' id='word_1_437' title='bbox 1761 583 1890 609; x_wconf 80' lang='lat' dir='ltr'>scandalo</span> <span class='ocrx_word' id='word_1_438' title='bbox 1912 584 2028 609; x_wconf 78' lang='lat' dir='ltr'>tolerari</span> <span class='ocrx_word' id='word_1_439' title='bbox 2035 591 2042 614; x_wconf 78' lang='grc'>,-</span> <span class='ocrx_word' id='word_1_440' title='bbox 2064 583 2139 618; x_wconf 87' lang='lat' dir='ltr'>quod</span> <span class='ocrx_word' id='word_1_441' title='bbox 2157 583 2182 611; x_wconf 90' lang='lat' dir='ltr'>si</span> <span class='ocrx_word' id='word_1_442' title='bbox 2202 591 2250 611; x_wconf 81' lang='lat' dir='ltr'>eas</span> 
     </span>
     <span class='ocr_line' id='line_1_56' title="bbox 1242 630 2213 666; baseline 0.001 -10"><span class='ocrx_word' id='word_1_443' title='bbox 1242 630 1371 664; x_wconf 86' lang='lat' dir='ltr'>recipere</span> <span class='ocrx_word' id='word_1_444' title='bbox 1384 631 1545 664; x_wconf 89' lang='lat' dir='ltr'>noluerint,</span> <span class='ocrx_word' id='word_1_445' title='bbox 1559 640 1626 658; x_wconf 90' lang='lat' dir='ltr'>cum</span> <span class='ocrx_word' id='word_1_446' title='bbox 1638 631 1761 666; x_wconf 80' lang='lat' dir='ltr'>possint,</span> <span class='ocrx_word' id='word_1_447' title='bbox 1777 638 1826 664; x_wconf 79' lang='lat' dir='ltr'>per</span> <span class='ocrx_word' id='word_1_448' title='bbox 1836 632 1992 657; x_wconf 76' lang='lat' dir='ltr'>visitatores</span> <span class='ocrx_word' id='word_1_449' title='bbox 2003 631 2213 664; x_wconf 83' lang='lat' dir='ltr'>compellantur.</span> 
     </span>
    </p>
   </div>
   <div class='ocr_carea' id='block_1_9' title="bbox 1242 726 2251 907">
    <p class='ocr_par' dir='ltr' id='par_1_14' title="bbox 1242 726 2251 907">
     <span class='ocr_line' id='line_1_57' title="bbox 1276 726 2250 763; baseline 0.001 -9"><span class='ocrx_word' id='word_1_450' title='bbox 1276 726 1320 753; x_wconf 72' lang='lat'>4⁹.</span> <span class='ocrx_word' id='word_1_451' title='bbox 1335 727 1471 758; x_wconf 85' lang='lat' dir='ltr'>Qualiter</span> <span class='ocrx_word' id='word_1_452' title='bbox 1484 731 1582 755; x_wconf 86' lang='lat' dir='ltr'>autem</span> <span class='ocrx_word' id='word_1_453' title='bbox 1595 728 1671 755; x_wconf 85' lang='lat' dir='ltr'>eirca</span> <span class='ocrx_word' id='word_1_454' title='bbox 1687 728 1845 762; x_wconf 83' lang='lat' dir='ltr'>premissas</span> <span class='ocrx_word' id='word_1_455' title='bbox 1857 736 1995 762; x_wconf 84' lang='lat' dir='ltr'>personas</span> <span class='ocrx_word' id='word_1_456' title='bbox 2007 728 2123 763; x_wconf 87' lang='lat' dir='ltr'>procedi</span> <span class='ocrx_word' id='word_1_457' title='bbox 2135 728 2250 761; x_wconf 82' lang='lat' dir='ltr'>debeat,</span> 
     </span>
     <span class='ocr_line' id='line_1_58' title="bbox 1242 775 2251 811; baseline 0.002 -10"><span class='ocrx_word' id='word_1_458' title='bbox 1242 775 1273 801; x_wconf 91' lang='lat' dir='ltr'>in</span> <span class='ocrx_word' id='word_1_459' title='bbox 1290 775 1501 802; x_wconf 86' lang='lat' dir='ltr'>constitutione</span> <span class='ocrx_word' id='word_1_460' title='bbox 1517 779 1615 803; x_wconf 87' lang='lat' dir='ltr'>nostra</span> <span class='ocrx_word' id='word_1_461' title='bbox 1630 784 1717 811; x_wconf 85' lang='lat' dir='ltr'>super</span> <span class='ocrx_word' id='word_1_462' title='bbox 1736 777 1789 803; x_wconf 88' lang='lat' dir='ltr'>hoc</span> <span class='ocrx_word' id='word_1_463' title='bbox 1805 784 1898 811; x_wconf 90' lang='lat' dir='ltr'>nuper</span> <span class='ocrx_word' id='word_1_464' title='bbox 1913 785 1929 804; x_wconf 86' lang='lat' dir='ltr'>a</span> <span class='ocrx_word' id='word_1_465' title='bbox 1949 776 2033 803; x_wconf 85' lang='lat' dir='ltr'>nobis</span> <span class='ocrx_word' id='word_1_466' title='bbox 2049 776 2140 810; x_wconf 86' lang='lat' dir='ltr'>edita,</span> <span class='ocrx_word' id='word_1_467' title='bbox 2155 776 2251 803; x_wconf 88' lang='lat' dir='ltr'>conti-</span> 
     </span>
     <span class='ocr_line' id='line_1_59' title="bbox 1242 824 2250 857; baseline 0.002 -7"><span class='ocrx_word' id='word_1_468' title='bbox 1242 825 1344 855; x_wconf 85' lang='lat' dir='ltr'>netur;</span> <span class='ocrx_word' id='word_1_469' title='bbox 1362 832 1449 857; x_wconf 86' lang='lat' dir='ltr'>quam</span> <span class='ocrx_word' id='word_1_470' title='bbox 1472 824 1508 850; x_wconf 89' lang='lat' dir='ltr'>ad</span> <span class='ocrx_word' id='word_1_471' title='bbox 1530 825 1676 852; x_wconf 85' lang='lat' dir='ltr'>cautelam</span> <span class='ocrx_word' id='word_1_472' title='bbox 1696 825 1866 857; x_wconf 78' lang='lat' dir='ltr'>presentibus</span> <span class='ocrx_word' id='word_1_473' title='bbox 1888 824 2020 850; x_wconf 67' lang='lat' dir='ltr'>duximus</span> <span class='ocrx_word' id='word_1_474' title='bbox 2045 824 2250 856; x_wconf 81' lang='lat' dir='ltr'>inserendam;</span> 
     </span>
     <span class='ocr_line' id='line_1_60' title="bbox 1243 871 2081 907; baseline 0 -9"><span class='ocrx_word' id='word_1_475' title='bbox 1243 871 1326 905; x_wconf 85' lang='lat' dir='ltr'>cujus</span> <span class='ocrx_word' id='word_1_476' title='bbox 1340 871 1516 907; x_wconf 80' lang='lat' dir='ltr'>teno1·[ete.,</span> <span class='ocrx_word' id='word_1_477' title='bbox 1534 873 1610 899; x_wconf 89' lang='lat' dir='ltr'>utin</span> <span class='ocrx_word' id='word_1_478' title='bbox 1628 875 1659 905; x_wconf 87' lang='grc' dir='ltr'>Λ,</span> <span class='ocrx_word' id='word_1_479' title='bbox 1677 881 1768 907; x_wconf 90' lang='lat' dir='ltr'>usque</span> <span class='ocrx_word' id='word_1_480' title='bbox 1785 871 1804 907; x_wconf 69' lang='grc' dir='ltr'>ε]</span> <span class='ocrx_word' id='word_1_481' title='bbox 1821 880 1835 898; x_wconf 88' lang='lat'>&lt;‹</span> <span class='ocrx_word' id='word_1_482' title='bbox 1852 875 2049 900; x_wconf 73' lang='lat' dir='ltr'>revertantur.</span> <span class='ocrx_word' id='word_1_483' title='bbox 2067 880 2081 898; x_wconf 84' lang='grc'>))</span> 
     </span>
    </p>
   </div>
   <div class='ocr_carea' id='block_1_10' title="bbox 1243 968 2252 1052">
    <p class='ocr_par' dir='ltr' id='par_1_15' title="bbox 1243 968 2252 1052">
     <span class='ocr_line' id='line_1_61' title="bbox 1277 968 2251 1004; baseline 0.001 -9"><span class='ocrx_word' id='word_1_484' title='bbox 1277 968 1321 995; x_wconf 84' lang='lat'>50.</span> <span class='ocrx_word' id='word_1_485' title='bbox 1337 969 1475 995; x_wconf 88' lang='lat' dir='ltr'>Predicta</span> <span class='ocrx_word' id='word_1_486' title='bbox 1489 969 1590 996; x_wconf 84' lang='lat' dir='ltr'>omnia</span> <span class='ocrx_word' id='word_1_487' title='bbox 1603 969 1740 996; x_wconf 71' lang='lat' dir='ltr'>volumus</span> <span class='ocrx_word' id='word_1_488' title='bbox 1755 969 1830 1003; x_wconf 88' lang='lat' dir='ltr'>quod</span> <span class='ocrx_word' id='word_1_489' title='bbox 1844 969 1975 1002; x_wconf 82' lang='lat' dir='ltr'>abbates,</span> <span class='ocrx_word' id='word_1_490' title='bbox 1990 971 2018 997; x_wconf 86' lang='lat' dir='ltr'>et</span> <span class='ocrx_word' id='word_1_491' title='bbox 2034 969 2144 1004; x_wconf 87' lang='lat' dir='ltr'>priores</span> <span class='ocrx_word' id='word_1_492' title='bbox 2158 969 2251 1004; x_wconf 87' lang='lat' dir='ltr'>quiin</span> 
     </span>
     <span class='ocr_line' id='line_1_62' title="bbox 1243 1016 2252 1052; baseline 0.002 -9"><span class='ocrx_word' id='word_1_493' title='bbox 1243 1016 1302 1043; x_wconf 89' lang='lat' dir='ltr'>suis</span> <span class='ocrx_word' id='word_1_494' title='bbox 1323 1017 1455 1044; x_wconf 90' lang='lat' dir='ltr'>eeclesiis</span> <span class='ocrx_word' id='word_1_495' title='bbox 1471 1017 1623 1052; x_wconf 88' lang='lat' dir='ltr'>proprium</span> <span class='ocrx_word' id='word_1_496' title='bbox 1642 1017 1778 1044; x_wconf 82' lang='lat' dir='ltr'>abbatem</span> <span class='ocrx_word' id='word_1_497' title='bbox 1800 1026 1858 1044; x_wconf 89' lang='lat' dir='ltr'>non</span> <span class='ocrx_word' id='word_1_498' title='bbox 1874 1017 1995 1051; x_wconf 87' lang='lat' dir='ltr'>habent,</span> <span class='ocrx_word' id='word_1_499' title='bbox 2017 1018 2129 1045; x_wconf 85' lang='lat' dir='ltr'>faciant</span> <span class='ocrx_word' id='word_1_500' title='bbox 2143 1017 2176 1045; x_wconf 90' lang='lat' dir='ltr'>in</span> <span class='ocrx_word' id='word_1_501' title='bbox 2191 1017 2252 1045; x_wconf 87' lang='lat' dir='ltr'>suis</span> 
     </span>
    </p>
   </div>
   <div class='ocr_carea' id='block_1_11' title="bbox 1243 1064 2298 1100">
    <p class='ocr_par' dir='ltr' id='par_1_16' title="bbox 1243 1064 2298 1100">
     <span class='ocr_line' id='line_1_63' title="bbox 1243 1064 2298 1100; baseline 0.003 -9"><span class='ocrx_word' id='word_1_502' title='bbox 1243 1065 1441 1098; x_wconf 88' lang='lat' dir='ltr'>monasteriis,</span> <span class='ocrx_word' id='word_1_503' title='bbox 1459 1065 1553 1098; x_wconf 80' lang='lat' dir='ltr'>cellis,</span> <span class='ocrx_word' id='word_1_504' title='bbox 1569 1065 1747 1093; x_wconf 84' lang='lat' dir='ltr'>obedientiis</span> <span class='ocrx_word' id='word_1_505' title='bbox 1761 1069 1789 1094; x_wconf 85' lang='lat' dir='ltr'>et</span> <span class='ocrx_word' id='word_1_506' title='bbox 1804 1066 1872 1093; x_wconf 88' lang='lat' dir='ltr'>aliis</span> <span class='ocrx_word' id='word_1_507' title='bbox 1889 1066 1960 1093; x_wconf 90' lang='lat' dir='ltr'>locis</span> <span class='ocrx_word' id='word_1_508' title='bbox 1973 1066 2031 1093; x_wconf 83' lang='lat' dir='ltr'>sibi</span> <span class='ocrx_word' id='word_1_509' title='bbox 2049 1066 2188 1100; x_wconf 84' lang='lat' dir='ltr'>subditis,</span> <span class='ocrx_word' id='word_1_510' title='bbox 2203 1066 2252 1094; x_wconf 87' lang='lat' dir='ltr'>in-</span> <span class='ocrx_word' id='word_1_511' title='bbox 2294 1064 2298 1067; x_wconf 60' lang='grc'><em>’</em></span> 
     </span>
    </p>
   </div>
   <div class='ocr_carea' id='block_1_12' title="bbox 1242 1114 2282 1734">
    <p class='ocr_par' dir='ltr' id='par_1_17' title="bbox 1242 1114 2254 1344">
     <span class='ocr_line' id='line_1_64' title="bbox 1243 1114 2254 1148; baseline 0.001 -8"><span class='ocrx_word' id='word_1_512' title='bbox 1243 1114 1426 1141; x_wconf 80' lang='lat' dir='ltr'>violabiliter</span> <span class='ocrx_word' id='word_1_513' title='bbox 1441 1114 1605 1147; x_wconf 86' lang='lat' dir='ltr'>observari;</span> <span class='ocrx_word' id='word_1_514' title='bbox 1623 1114 1756 1148; x_wconf 79' lang='lat' dir='ltr'>alioquin</span> <span class='ocrx_word' id='word_1_515' title='bbox 1769 1115 1923 1140; x_wconf 75' lang='lat' dir='ltr'>visitatores</span> <span class='ocrx_word' id='word_1_516' title='bbox 1940 1116 2153 1147; x_wconf 62' lang='lat' dir='ltr'>transgressores</span> <span class='ocrx_word' id='word_1_517' title='bbox 2167 1121 2254 1147; x_wconf 75' lang='lat' dir='ltr'>reyn—</span> 
     </span>
     <span class='ocr_line' id='line_1_65' title="bbox 1244 1162 2253 1197; baseline 0.004 -10"><span class='ocrx_word' id='word_1_518' title='bbox 1244 1162 1342 1195; x_wconf 83' lang='lat' dir='ltr'>tarint,</span> <span class='ocrx_word' id='word_1_519' title='bbox 1369 1164 1523 1196; x_wconf 61' lang='lat' dir='ltr'>punimus,</span> <span class='ocrx_word' id='word_1_520' title='bbox 1545 1166 1569 1189; x_wconf 82' lang='lat' dir='ltr'>et</span> <span class='ocrx_word' id='word_1_521' title='bbox 1590 1163 1714 1196; x_wconf 81' lang='lat' dir='ltr'>predicta</span> <span class='ocrx_word' id='word_1_522' title='bbox 1729 1164 1835 1196; x_wconf 82' lang='lat' dir='ltr'>saciant</span> <span class='ocrx_word' id='word_1_523' title='bbox 1851 1164 2005 1197; x_wconf 77' lang='lat' dir='ltr'>observari;</span> <span class='ocrx_word' id='word_1_524' title='bbox 2020 1165 2104 1191; x_wconf 73' lang='lat' dir='ltr'>salva</span> <span class='ocrx_word' id='word_1_525' title='bbox 2123 1164 2253 1191; x_wconf 89' lang='lat' dir='ltr'>nichilo-</span> 
     </span>
     <span class='ocr_line' id='line_1_66' title="bbox 1242 1211 2251 1247; baseline 0.001 -9"><span class='ocrx_word' id='word_1_526' title='bbox 1242 1211 1342 1238; x_wconf 86' lang='lat' dir='ltr'>minus</span> <span class='ocrx_word' id='word_1_527' title='bbox 1354 1215 1382 1239; x_wconf 88' lang='lat' dir='ltr'>et</span> <span class='ocrx_word' id='word_1_528' title='bbox 1395 1214 1513 1239; x_wconf 85' lang='lat' dir='ltr'>servata</span> <span class='ocrx_word' id='word_1_529' title='bbox 1526 1213 1556 1238; x_wconf 86' lang='lat' dir='ltr'>in</span> <span class='ocrx_word' id='word_1_530' title='bbox 1570 1212 1701 1245; x_wconf 80' lang='lat' dir='ltr'>predictis</span> <span class='ocrx_word' id='word_1_531' title='bbox 1716 1212 1854 1239; x_wconf 88' lang='lat' dir='ltr'>omnibus</span> <span class='ocrx_word' id='word_1_532' title='bbox 1867 1212 1945 1240; x_wconf 88' lang='lat' dir='ltr'>beati</span> <span class='ocrx_word' id='word_1_533' title='bbox 1957 1212 2114 1240; x_wconf 86' lang='lat' dir='ltr'>Benedicti</span> <span class='ocrx_word' id='word_1_534' title='bbox 2127 1213 2251 1247; x_wconf 80' lang='lat' dir='ltr'>Regula,</span> 
     </span>
     <span class='ocr_line' id='line_1_67' title="bbox 1243 1261 2253 1296; baseline 0.002 -10"><span class='ocrx_word' id='word_1_535' title='bbox 1243 1269 1331 1294; x_wconf 85' lang='lat' dir='ltr'>quam</span> <span class='ocrx_word' id='word_1_536' title='bbox 1345 1261 1452 1294; x_wconf 85' lang='lat' dir='ltr'>sciant,</span> <span class='ocrx_word' id='word_1_537' title='bbox 1470 1261 1608 1296; x_wconf 84' lang='lat' dir='ltr'>precipue</span> <span class='ocrx_word' id='word_1_538' title='bbox 1623 1262 1660 1289; x_wconf 88' lang='lat' dir='ltr'>ad</span> <span class='ocrx_word' id='word_1_539' title='bbox 1672 1262 1883 1289; x_wconf 84' lang='lat' dir='ltr'>correctionem</span> <span class='ocrx_word' id='word_1_540' title='bbox 1898 1264 1926 1289; x_wconf 88' lang='lat' dir='ltr'>et</span> <span class='ocrx_word' id='word_1_541' title='bbox 1942 1262 2183 1290; x_wconf 81' lang='lat' dir='ltr'>reformationem</span> <span class='ocrx_word' id='word_1_542' title='bbox 2195 1261 2253 1289; x_wconf 82' lang='lat' dir='ltr'>Or-</span> 
     </span>
     <span class='ocr_line' id='line_1_68' title="bbox 1242 1309 1694 1344; baseline 0.004 -9"><span class='ocrx_word' id='word_1_543' title='bbox 1242 1309 1333 1342; x_wconf 89' lang='lat' dir='ltr'>dinis,</span> <span class='ocrx_word' id='word_1_544' title='bbox 1348 1318 1378 1336; x_wconf 84' lang='lat' dir='ltr'>se</span> <span class='ocrx_word' id='word_1_545' title='bbox 1392 1309 1498 1337; x_wconf 87' lang='lat' dir='ltr'>habere</span> <span class='ocrx_word' id='word_1_546' title='bbox 1510 1310 1694 1344; x_wconf 80' lang='lat' dir='ltr'>magistram.</span> 
     </span>
    </p>

    <p class='ocr_par' dir='ltr' id='par_1_18' title="bbox 1242 1358 2282 1734">
     <span class='ocr_line' id='line_1_69' title="bbox 1278 1358 2282 1396; baseline 0.002 -12"><span class='ocrx_word' id='word_1_547' title='bbox 1278 1358 1322 1384; x_wconf 78' lang='lat'>5¹.</span> <span class='ocrx_word' id='word_1_548' title='bbox 1344 1359 1531 1393; x_wconf 86' lang='lat' dir='ltr'>Precipimus</span> <span class='ocrx_word' id='word_1_549' title='bbox 1547 1362 1661 1391; x_wconf 83' lang='lat' dir='ltr'>autem,</span> <span class='ocrx_word' id='word_1_550' title='bbox 1681 1359 1712 1386; x_wconf 90' lang='lat' dir='ltr'>in</span> <span class='ocrx_word' id='word_1_551' title='bbox 1732 1359 1844 1386; x_wconf 78' lang='lat' dir='ltr'>virtute</span> <span class='ocrx_word' id='word_1_552' title='bbox 1862 1359 2044 1392; x_wconf 83' lang='lat' dir='ltr'>obedientie,</span> <span class='ocrx_word' id='word_1_553' title='bbox 2059 1359 2135 1394; x_wconf 88' lang='lat' dir='ltr'>quod</span> <span class='ocrx_word' id='word_1_554' title='bbox 2151 1358 2252 1392; x_wconf 81' lang='lat' dir='ltr'>abbas,</span> <span class='ocrx_word' id='word_1_555' title='bbox 2279 1393 2282 1396; x_wconf 31' lang='grc' dir='ltr'>Ι</span> 
     </span>
     <span class='ocr_line' id='line_1_70' title="bbox 1242 1406 2254 1441; baseline 0 -8"><span class='ocrx_word' id='word_1_556' title='bbox 1242 1407 1291 1433; x_wconf 77' lang='lat' dir='ltr'>vel</span> <span class='ocrx_word' id='word_1_557' title='bbox 1314 1406 1403 1440; x_wconf 86' lang='lat' dir='ltr'>prior,</span> <span class='ocrx_word' id='word_1_558' title='bbox 1426 1407 1451 1433; x_wconf 92' lang='lat' dir='ltr'>si</span> <span class='ocrx_word' id='word_1_559' title='bbox 1467 1406 1572 1434; x_wconf 82' lang='lat' dir='ltr'>absens</span> <span class='ocrx_word' id='word_1_560' title='bbox 1592 1407 1682 1434; x_wconf 85' lang='lat' dir='ltr'>fuerit</span> <span class='ocrx_word' id='word_1_561' title='bbox 1705 1407 1804 1440; x_wconf 83' lang='lat' dir='ltr'>abbas,</span> <span class='ocrx_word' id='word_1_562' title='bbox 1831 1407 1888 1441; x_wconf 83' lang='lat' dir='ltr'>legi</span> <span class='ocrx_word' id='word_1_563' title='bbox 1905 1407 1996 1434; x_wconf 84' lang='lat' dir='ltr'>faciat</span> <span class='ocrx_word' id='word_1_564' title='bbox 2013 1409 2042 1434; x_wconf 87' lang='lat' dir='ltr'>et</span> <span class='ocrx_word' id='word_1_565' title='bbox 2061 1406 2169 1441; x_wconf 80' lang='lat' dir='ltr'>exponi</span> <span class='ocrx_word' id='word_1_566' title='bbox 2184 1406 2254 1433; x_wconf 91' lang='lat' dir='ltr'>dili-</span> 
     </span>
     <span class='ocr_line' id='line_1_71' title="bbox 1244 1454 2254 1490; baseline 0 -8"><span class='ocrx_word' id='word_1_567' title='bbox 1244 1457 1345 1490; x_wconf 84' lang='lat' dir='ltr'>genter</span> <span class='ocrx_word' id='word_1_568' title='bbox 1366 1456 1527 1488; x_wconf 83' lang='lat' dir='ltr'>supradz&#39;cta</span> <span class='ocrx_word' id='word_1_569' title='bbox 1548 1457 1645 1481; x_wconf 81' lang='lat' dir='ltr'>omnia</span> <span class='ocrx_word' id='word_1_570' title='bbox 1666 1455 1698 1482; x_wconf 91' lang='lat' dir='ltr'>in</span> <span class='ocrx_word' id='word_1_571' title='bbox 1721 1456 1862 1490; x_wconf 83' lang='lat' dir='ltr'>capitulo,</span> <span class='ocrx_word' id='word_1_572' title='bbox 1886 1458 1931 1482; x_wconf 89' lang='lat' dir='ltr'>ter</span> <span class='ocrx_word' id='word_1_573' title='bbox 1951 1455 1981 1482; x_wconf 93' lang='lat' dir='ltr'>in</span> <span class='ocrx_word' id='word_1_574' title='bbox 2003 1463 2090 1489; x_wconf 88' lang='lat' dir='ltr'>anno,</span> <span class='ocrx_word' id='word_1_575' title='bbox 2111 1454 2254 1482; x_wconf 78' lang='lat' dir='ltr'>videlicet</span> 
     </span>
     <span class='ocr_line' id='line_1_72' title="bbox 1244 1503 2253 1537; baseline -0.001 -6"><span class='ocrx_word' id='word_1_576' title='bbox 1244 1513 1336 1532; x_wconf 73' lang='lat' dir='ltr'>INFRA</span> <span class='ocrx_word' id='word_1_577' title='bbox 1364 1512 1496 1531; x_wconf 63' lang='lat' dir='ltr'>oeTAvas</span> <span class='ocrx_word' id='word_1_578' title='bbox 1520 1512 1735 1532; x_wconf 75' lang='lat' dir='ltr'><strong>FESTIVITATUM</strong></span> <span class='ocrx_word' id='word_1_579' title='bbox 1761 1504 1942 1531; x_wconf 79' lang='lat' dir='ltr'>Nativitatis</span> <span class='ocrx_word' id='word_1_580' title='bbox 1971 1504 2109 1537; x_wconf 88' lang='lat' dir='ltr'>Domini,</span> <span class='ocrx_word' id='word_1_581' title='bbox 2138 1503 2253 1531; x_wconf 83' lang='lat' dir='ltr'>Pasohe</span> 
     </span>
     <span class='ocr_line' id='line_1_73' title="bbox 1245 1551 2254 1587; baseline -0.002 -7"><span class='ocrx_word' id='word_1_582' title='bbox 1245 1552 1491 1585; x_wconf 85' lang='lat' dir='ltr'>Resurrectionis,</span> <span class='ocrx_word' id='word_1_583' title='bbox 1513 1555 1541 1579; x_wconf 89' lang='lat' dir='ltr'>et</span> <span class='ocrx_word' id='word_1_584' title='bbox 1563 1552 1785 1587; x_wconf 86' lang='lat' dir='ltr'>Assumptionis</span> <span class='ocrx_word' id='word_1_585' title='bbox 1806 1552 1890 1580; x_wconf 87' lang='lat' dir='ltr'>beate</span> <span class='ocrx_word' id='word_1_586' title='bbox 1905 1552 2050 1586; x_wconf 82' lang='lat' dir='ltr'>Virginis.</span> <span class='ocrx_word' id='word_1_587' title='bbox 2068 1551 2168 1579; x_wconf 88' lang='lat' dir='ltr'>Abbas</span> <span class='ocrx_word' id='word_1_588' title='bbox 2183 1558 2254 1578; x_wconf 76' lang='lat' dir='ltr'>vero</span> 
     </span>
     <span class='ocr_line' id='line_1_74' title="bbox 1246 1599 2254 1635; baseline -0.002 -7"><span class='ocrx_word' id='word_1_589' title='bbox 1246 1602 1299 1628; x_wconf 82' lang='lat' dir='ltr'>hec</span> <span class='ocrx_word' id='word_1_590' title='bbox 1322 1601 1423 1628; x_wconf 87' lang='lat' dir='ltr'>omnia</span> <span class='ocrx_word' id='word_1_591' title='bbox 1447 1601 1607 1635; x_wconf 87' lang='lat' dir='ltr'>diligenter</span> <span class='ocrx_word' id='word_1_592' title='bbox 1636 1601 1770 1628; x_wconf 83' lang='lat' dir='ltr'>observet</span> <span class='ocrx_word' id='word_1_593' title='bbox 1792 1603 1821 1628; x_wconf 92' lang='lat' dir='ltr'>et</span> <span class='ocrx_word' id='word_1_594' title='bbox 1843 1601 1880 1628; x_wconf 86' lang='lat' dir='ltr'>ab</span> <span class='ocrx_word' id='word_1_595' title='bbox 1904 1601 1972 1628; x_wconf 87' lang='lat' dir='ltr'>aliis</span> <span class='ocrx_word' id='word_1_596' title='bbox 1992 1600 2138 1633; x_wconf 77' lang='lat' dir='ltr'>ditiyenter</span> <span class='ocrx_word' id='word_1_597' title='bbox 2163 1599 2254 1627; x_wconf 81' lang='lat' dir='ltr'>faciat</span> 
     </span>
     <span class='ocr_line' id='line_1_75' title="bbox 1244 1647 2253 1685; baseline -0.003 -8"><span class='ocrx_word' id='word_1_598' title='bbox 1244 1650 1409 1683; x_wconf 83' lang='lat' dir='ltr'>observari;</span> <span class='ocrx_word' id='word_1_599' title='bbox 1428 1650 1572 1684; x_wconf 84' lang='lat' dir='ltr'>alioquin,</span> <span class='ocrx_word' id='word_1_600' title='bbox 1593 1650 1617 1677; x_wconf 88' lang='lat' dir='ltr'>si</span> <span class='ocrx_word' id='word_1_601' title='bbox 1635 1658 1722 1685; x_wconf 89' lang='lat' dir='ltr'>super</span> <span class='ocrx_word' id='word_1_602' title='bbox 1735 1650 1794 1677; x_wconf 86' lang='lat' dir='ltr'>hiis</span> <span class='ocrx_word' id='word_1_603' title='bbox 1810 1649 1961 1684; x_wconf 83' lang='lat' dir='ltr'>negligens</span> <span class='ocrx_word' id='word_1_604' title='bbox 1978 1649 2078 1682; x_wconf 85' lang='lat' dir='ltr'>fuerit,</span> <span class='ocrx_word' id='word_1_605' title='bbox 2090 1647 2253 1675; x_wconf 85' lang='lat' dir='ltr'>secundum</span> 
     </span>
     <span class='ocr_line' id='line_1_76' title="bbox 1245 1697 2180 1734; baseline -0.003 -8"><span class='ocrx_word' id='word_1_606' title='bbox 1245 1699 1486 1733; x_wconf 84' lang='lat' dir='ltr'>transgressionis</span> <span class='ocrx_word' id='word_1_607' title='bbox 1502 1707 1553 1726; x_wconf 87' lang='lat' dir='ltr'>sue</span> <span class='ocrx_word' id='word_1_608' title='bbox 1569 1697 1647 1734; x_wconf 85' lang='lat' dir='ltr'>[etc.,</span> <span class='ocrx_word' id='word_1_609' title='bbox 1664 1701 1697 1726; x_wconf 89' lang='lat' dir='ltr'>ut</span> <span class='ocrx_word' id='word_1_610' title='bbox 1712 1699 1743 1726; x_wconf 90' lang='lat' dir='ltr'>in</span> <span class='ocrx_word' id='word_1_611' title='bbox 1761 1699 1792 1732; x_wconf 76' lang='lat' dir='ltr'>A.</span> <span class='ocrx_word' id='word_1_612' title='bbox 1807 1707 1898 1733; x_wconf 83' lang='lat' dir='ltr'>usque</span> <span class='ocrx_word' id='word_1_613' title='bbox 1916 1697 1935 1733; x_wconf 92' lang='lat'>:]</span> <span class='ocrx_word' id='word_1_614' title='bbox 1952 1698 1987 1725; x_wconf 90' lang='lat' dir='ltr'>de</span> <span class='ocrx_word' id='word_1_615' title='bbox 2003 1697 2180 1725; x_wconf 82' lang='lat' dir='ltr'>commissis,</span> 
     </span>
    </p>
   </div>
   <div class='ocr_carea' id='block_1_13' title="bbox 1246 1986 2255 2169">
    <p class='ocr_par' dir='ltr' id='par_1_19' title="bbox 1246 1986 2255 2169">
     <span class='ocr_line' id='line_1_77' title="bbox 1281 1986 2255 2022; baseline 0 -8"><span class='ocrx_word' id='word_1_616' title='bbox 1281 1987 1324 2014; x_wconf 84' lang='lat'>52.</span> <span class='ocrx_word' id='word_1_617' title='bbox 1345 1988 1532 2022; x_wconf 85' lang='lat' dir='ltr'>Precipimus</span> <span class='ocrx_word' id='word_1_618' title='bbox 1551 1990 1661 2018; x_wconf 81' lang='lat' dir='ltr'>autem.</span> <span class='ocrx_word' id='word_1_619' title='bbox 1683 1986 1736 2014; x_wconf 91' lang='lat' dir='ltr'>sub</span> <span class='ocrx_word' id='word_1_620' title='bbox 1751 1987 1997 2014; x_wconf 85' lang='lat' dir='ltr'>interminatione</span> <span class='ocrx_word' id='word_1_621' title='bbox 2016 1987 2114 2014; x_wconf 81' lang='lat' dir='ltr'>divini</span> <span class='ocrx_word' id='word_1_622' title='bbox 2135 1987 2255 2022; x_wconf 82' lang='lat' dir='ltr'>judieii,</span> 
     </span>
     <span class='ocr_line' id='line_1_78' title="bbox 1246 2035 2254 2071; baseline 0 -7"><span class='ocrx_word' id='word_1_623' title='bbox 1246 2039 1278 2064; x_wconf 90' lang='lat' dir='ltr'>ut</span> <span class='ocrx_word' id='word_1_624' title='bbox 1291 2036 1412 2064; x_wconf 80' lang='lat' dir='ltr'>abbates</span> <span class='ocrx_word' id='word_1_625' title='bbox 1430 2036 1480 2070; x_wconf 89' lang='lat' dir='ltr'>qui</span> <span class='ocrx_word' id='word_1_626' title='bbox 1499 2036 1629 2070; x_wconf 82' lang='lat' dir='ltr'>capitulo</span> <span class='ocrx_word' id='word_1_627' title='bbox 1648 2036 1827 2070; x_wconf 81' lang='lat' dir='ltr'>provinciali</span> <span class='ocrx_word' id='word_1_628' title='bbox 1848 2044 1900 2070; x_wconf 91' lang='lat' dir='ltr'>pro</span> <span class='ocrx_word' id='word_1_629' title='bbox 1925 2038 2056 2070; x_wconf 87' lang='lat' dir='ltr'>tempore</span> <span class='ocrx_word' id='word_1_630' title='bbox 2077 2035 2254 2071; x_wconf 81' lang='lat' dir='ltr'>prefuerint,</span> 
     </span>
     <span class='ocr_line' id='line_1_79' title="bbox 1246 2083 2254 2120; baseline 0 -9"><span class='ocrx_word' id='word_1_631' title='bbox 1246 2085 1325 2113; x_wconf 90' lang='lat' dir='ltr'>viros</span> <span class='ocrx_word' id='word_1_632' title='bbox 1338 2085 1508 2120; x_wconf 86' lang='lat' dir='ltr'>prudentes,</span> <span class='ocrx_word' id='word_1_633' title='bbox 1522 2086 1546 2110; x_wconf 86' lang='lat' dir='ltr'>et</span> <span class='ocrx_word' id='word_1_634' title='bbox 1559 2084 1707 2119; x_wconf 78' lang='lat' dir='ltr'>providos,</span> <span class='ocrx_word' id='word_1_635' title='bbox 1725 2087 1753 2111; x_wconf 87' lang='lat' dir='ltr'>et</span> <span class='ocrx_word' id='word_1_636' title='bbox 1767 2084 1906 2112; x_wconf 88' lang='lat' dir='ltr'>timentes</span> <span class='ocrx_word' id='word_1_637' title='bbox 1919 2085 2014 2112; x_wconf 91' lang='lat' dir='ltr'>Deum</span> <span class='ocrx_word' id='word_1_638' title='bbox 2030 2083 2109 2119; x_wconf 83' lang='lat' dir='ltr'>[etc.,</span> <span class='ocrx_word' id='word_1_639' title='bbox 2125 2087 2159 2112; x_wconf 88' lang='lat' dir='ltr'>ut</span> <span class='ocrx_word' id='word_1_640' title='bbox 2173 2084 2205 2111; x_wconf 90' lang='lat' dir='ltr'>in</span> <span class='ocrx_word' id='word_1_641' title='bbox 2221 2085 2254 2116; x_wconf 76' lang='lat' dir='ltr'>A,</span> 
     </span>
     <span class='ocr_line' id='line_1_80' title="bbox 1246 2124 2111 2169; baseline -0.003 -8"><span class='ocrx_word' id='word_1_642' title='bbox 1246 2142 1338 2169; x_wconf 84' lang='lat' dir='ltr'>usque</span> <span class='ocrx_word' id='word_1_643' title='bbox 1355 2132 1374 2168; x_wconf 90' lang='lat'>:]</span> <span class='ocrx_word' id='word_1_644' title='bbox 1387 2133 1557 2160; x_wconf 84' lang='lat' dir='ltr'>obedientia</span> <span class='ocrx_word' id='word_1_645' title='bbox 1569 2134 1617 2160; x_wconf 85' lang='lat' dir='ltr'>vel</span> <span class='ocrx_word' id='word_1_646' title='bbox 1630 2133 1823 2166; x_wconf 83' lang='lat' dir='ltr'>transgressio</span> <span class='ocrx_word' id='word_1_647' title='bbox 1838 2135 1980 2166; x_wconf 81' lang='lat' dir='ltr'>appareat.</span> <span class='ocrx_word' id='word_1_648' title='bbox 2110 2124 2111 2127; x_wconf 32' lang='lat'>¹</span> 
     </span>
    </p>
   </div>
   <div class='ocr_carea' id='block_1_14' title="bbox 1246 2523 2257 2601">
    <p class='ocr_par' dir='ltr' id='par_1_20' title="bbox 1246 2523 2257 2601">
     <span class='ocr_line' id='line_1_81' title="bbox 1281 2523 2256 2553; baseline 0.001 -4"><span class='ocrx_word' id='word_1_649' title='bbox 1281 2523 1324 2550; x_wconf 84' lang='grc'>53.</span> <span class='ocrx_word' id='word_1_650' title='bbox 1343 2523 1524 2552; x_wconf 81' lang='lat' dir='ltr'>CUJUSLIBET</span> <span class='ocrx_word' id='word_1_651' title='bbox 1536 2531 1636 2550; x_wconf 75' lang='lat' dir='ltr'>AUTEM</span> <span class='ocrx_word' id='word_1_652' title='bbox 1649 2531 1810 2550; x_wconf 82' lang='lat' dir='ltr'>PROVINCIE</span> <span class='ocrx_word' id='word_1_653' title='bbox 1825 2530 2018 2550; x_wconf 70' lang='lat' dir='ltr'><strong>VlSlTATORES</strong></span> <span class='ocrx_word' id='word_1_654' title='bbox 2034 2531 2070 2550; x_wconf 85' lang='lat' dir='ltr'>DE</span> <span class='ocrx_word' id='word_1_655' title='bbox 2085 2530 2256 2553; x_wconf 75' lang='lat' dir='ltr'>QUlNQUEN-</span> 
     </span>
     <span class='ocr_line' id='line_1_82' title="bbox 1246 2578 2257 2601; baseline -0.001 -2"><span class='ocrx_word' id='word_1_656' title='bbox 1246 2580 1297 2599; x_wconf 76' lang='lat' dir='ltr'>Nlo</span> <span class='ocrx_word' id='word_1_657' title='bbox 1311 2580 1342 2599; x_wconf 89' lang='lat' dir='ltr'>IN</span> <span class='ocrx_word' id='word_1_658' title='bbox 1358 2579 1590 2601; x_wconf 78' lang='lat' dir='ltr'><strong>QUINQUENNIUM</strong></span> <span class='ocrx_word' id='word_1_659' title='bbox 1612 2579 1699 2599; x_wconf 87' lang='lat' dir='ltr'>NOBIS</span> <span class='ocrx_word' id='word_1_660' title='bbox 1715 2579 1903 2598; x_wconf 78' lang='lat' dir='ltr'>RESCRIBANT</span> <span class='ocrx_word' id='word_1_661' title='bbox 1918 2579 1954 2598; x_wconf 77' lang='grc' dir='ltr'>ΕΑ</span> <span class='ocrx_word' id='word_1_662' title='bbox 1968 2578 2025 2601; x_wconf 75' lang='lat' dir='ltr'>QUE</span> <span class='ocrx_word' id='word_1_663' title='bbox 2041 2579 2257 2599; x_wconf 79' lang='lat' dir='ltr'>CORREXERINT</span> 
     </span>
    </p>
   </div>
   <div class='ocr_carea' id='block_1_15' title="bbox 1247 2627 1733 2704">
    <p class='ocr_par' dir='ltr' id='par_1_21' title="bbox 1247 2627 1733 2704">
     <span class='ocr_line' id='line_1_83' title="bbox 1247 2627 1733 2648; baseline -0.006 0"><span class='ocrx_word' id='word_1_664' title='bbox 1247 2629 1281 2648; x_wconf 80' lang='lat' dir='ltr'>ET</span> <span class='ocrx_word' id='word_1_665' title='bbox 1294 2629 1478 2648; x_wconf 67' lang='lat' dir='ltr'>STATUEmNT</span> <span class='ocrx_word' id='word_1_666' title='bbox 1493 2628 1700 2648; x_wconf 75' lang='lat' dir='ltr'>OBSERVANDA.</span> <span class='ocrx_word' id='word_1_667' title='bbox 1719 2627 1733 2645; x_wconf 70' lang='lat'>1)</span> 
     </span>
     <span class='ocr_line' id='line_1_84' title="bbox 1281 2667 1548 2704; baseline -0.004 -8"><span class='ocrx_word' id='word_1_668' title='bbox 1281 2669 1324 2696; x_wconf 70' lang='lat'>54.</span> <span class='ocrx_word' id='word_1_669' title='bbox 1343 2668 1443 2704; x_wconf 90' lang='lat' dir='ltr'>[Deest</span> <span class='ocrx_word' id='word_1_670' title='bbox 1458 2669 1489 2696; x_wconf 87' lang='lat' dir='ltr'>in</span> <span class='ocrx_word' id='word_1_671' title='bbox 1508 2667 1548 2703; x_wconf 87' lang='lat' dir='ltr'>B.]</span> 
     </span>
    </p>
   </div>
   <div class='ocr_carea' id='block_1_16' title="bbox 150 2825 2256 2910">
    <p class='ocr_par' dir='ltr' id='par_1_22' title="bbox 150 2825 2256 2910">
     <span class='ocr_line' id='line_1_85' title="bbox 184 2825 2256 2866; baseline -0.006 -4"><span class='ocrx_word' id='word_1_672' title='bbox 184 2840 204 2863; x_wconf 89' lang='lat'>1.</span> <span class='ocrx_word' id='word_1_673' title='bbox 222 2839 272 2863; x_wconf 88' lang='lat' dir='ltr'>Cet</span> <span class='ocrx_word' id='word_1_674' title='bbox 287 2838 391 2865; x_wconf 78' lang='lat' dir='ltr'>article,</span> <span class='ocrx_word' id='word_1_675' title='bbox 409 2844 462 2866; x_wconf 85' lang='lat' dir='ltr'>que</span> <span class='ocrx_word' id='word_1_676' title='bbox 479 2842 549 2859; x_wconf 88' lang='lat' dir='ltr'>nous</span> <span class='ocrx_word' id='word_1_677' title='bbox 565 2841 685 2864; x_wconf 75' lang='lat' dir='ltr'>croyons</span> <span class='ocrx_word' id='word_1_678' title='bbox 701 2833 799 2856; x_wconf 82' lang='lat' dir='ltr'>inutile</span> <span class='ocrx_word' id='word_1_679' title='bbox 815 2831 983 2862; x_wconf 78' lang='lat' dir='ltr'>d&#39;imprimer</span> <span class='ocrx_word' id='word_1_680' title='bbox 999 2830 1084 2859; x_wconf 81' lang='lat' dir='ltr'>ainsi,</span> <span class='ocrx_word' id='word_1_681' title='bbox 1101 2831 1141 2853; x_wconf 81' lang='lat' dir='ltr'>est</span> <span class='ocrx_word' id='word_1_682' title='bbox 1157 2829 1183 2852; x_wconf 83' lang='lat' dir='ltr'>la</span> <span class='ocrx_word' id='word_1_683' title='bbox 1199 2827 1397 2858; x_wconf 82' lang='lat' dir='ltr'>reproduction</span> <span class='ocrx_word' id='word_1_684' title='bbox 1414 2827 1546 2851; x_wconf 82' lang='lat' dir='ltr'>textuelle</span> <span class='ocrx_word' id='word_1_685' title='bbox 1561 2827 1594 2850; x_wconf 84' lang='lat' dir='ltr'>de</span> <span class='ocrx_word' id='word_1_686' title='bbox 1610 2829 1726 2857; x_wconf 56' lang='lat' dir='ltr'>Deerat„</span> <span class='ocrx_word' id='word_1_687' title='bbox 1742 2827 1787 2851; x_wconf 89' lang='lat' dir='ltr'>lib.</span> <span class='ocrx_word' id='word_1_688' title='bbox 1805 2826 1857 2857; x_wconf 88' lang='lat'>111,</span> <span class='ocrx_word' id='word_1_689' title='bbox 1874 2826 1907 2850; x_wconf 79' lang='lat' dir='ltr'>tit</span> <span class='ocrx_word' id='word_1_690' title='bbox 1932 2832 2016 2856; x_wconf 77' lang='lat' dir='ltr'>xxxx,</span> <span class='ocrx_word' id='word_1_691' title='bbox 2033 2833 2055 2850; x_wconf 88' lang='lat' dir='ltr'>c.</span> <span class='ocrx_word' id='word_1_692' title='bbox 2072 2825 2118 2855; x_wconf 75' lang='lat'>243</span> <span class='ocrx_word' id='word_1_693' title='bbox 2133 2827 2168 2850; x_wconf 80' lang='lat' dir='ltr'>cf.</span> <span class='ocrx_word' id='word_1_694' title='bbox 2185 2825 2256 2850; x_wconf 71' lang='lat' dir='ltr'>Por—</span> 
     </span>
     <span class='ocr_line' id='line_1_86' title="bbox 150 2871 1342 2910; baseline -0.011 -2"><span class='ocrx_word' id='word_1_695' title='bbox 150 2889 238 2908; x_wconf 73' lang='lat' dir='ltr'>THAST</span> <span class='ocrx_word' id='word_1_696' title='bbox 253 2882 322 2910; x_wconf 79' lang='lat'>9651,</span> <span class='ocrx_word' id='word_1_697' title='bbox 337 2884 363 2905; x_wconf 89' lang='lat' dir='ltr'>et</span> <span class='ocrx_word' id='word_1_698' title='bbox 379 2881 527 2904; x_wconf 64' lang='lat' dir='ltr'>Marrfflnu</span> <span class='ocrx_word' id='word_1_699' title='bbox 543 2885 578 2903; x_wconf 70' lang='lat' dir='ltr'>DE</span> <span class='ocrx_word' id='word_1_700' title='bbox 596 2879 692 2906; x_wconf 63' lang='lat' dir='ltr'>Panis,</span> <span class='ocrx_word' id='word_1_701' title='bbox 709 2879 811 2900; x_wconf 76' lang='lat' dir='ltr'>Chr-on.</span> <span class='ocrx_word' id='word_1_702' title='bbox 830 2877 905 2904; x_wconf 61' lang='lat' dir='ltr'>maj„</span> <span class='ocrx_word' id='word_1_703' title='bbox 922 2874 1228 2903; x_wconf 61' lang='lat' dir='ltr'>t.&#39;x*1‚2x‹1‹1itamenta,</span> <span class='ocrx_word' id='word_1_704' title='bbox 1245 2879 1270 2902; x_wconf 85' lang='lat' dir='ltr'>p.</span> <span class='ocrx_word' id='word_1_705' title='bbox 1287 2871 1342 2896; x_wconf 76' lang='lat'>245.</span> 
     </span>
    </p>
   </div>
   <div class='ocr_carea' id='block_1_17' title="bbox 182 2919 1095 2951">
    <p class='ocr_par' dir='ltr' id='par_1_23' title="bbox 182 2919 1095 2951">
     <span class='ocr_line' id='line_1_87' title="bbox 182 2919 1095 2951; baseline -0.013 0"><span class='ocrx_word' id='word_1_706' title='bbox 182 2928 205 2951; x_wconf 68' lang='lat'>³2.</span> <span class='ocrx_word' id='word_1_707' title='bbox 222 2927 242 2951; x_wconf 93' lang='lat' dir='ltr'>Il</span> <span class='ocrx_word' id='word_1_708' title='bbox 259 2927 314 2950; x_wconf 77' lang='lat' dir='ltr'>faut</span> <span class='ocrx_word' id='word_1_709' title='bbox 332 2925 529 2949; x_wconf 84' lang='lat' dir='ltr'>ccrtaincment</span> <span class='ocrx_word' id='word_1_710' title='bbox 546 2922 676 2946; x_wconf 72' lang='lat' dir='ltr'>restitues</span> <span class='ocrx_word' id='word_1_711' title='bbox 693 2929 698 2945; x_wconf 92' lang='lat'>:</span> <span class='ocrx_word' id='word_1_712' title='bbox 717 2929 728 2943; x_wconf 72' lang='grc' dir='ltr'>(ι</span> <span class='ocrx_word' id='word_1_713' title='bbox 745 2921 916 2950; x_wconf 76' lang='lat' dir='ltr'>reyulariter</span> <span class='ocrx_word' id='word_1_714' title='bbox 929 2919 1065 2948; x_wconf 79' lang='lat' dir='ltr'>puniant.</span> <span class='ocrx_word' id='word_1_715' title='bbox 1084 2925 1095 2939; x_wconf 90' lang='lat'>»</span> 
     </span>
    </p>
   </div>
   <div class='ocr_carea' id='block_1_18' title="bbox 2288 0 2423 3487">
    <p class='ocr_par' dir='ltr' id='par_1_24' title="bbox 2288 0 2423 3487">
     <span class='ocr_line' id='line_1_88' title="bbox 2288 0 2423 3487; baseline 0 0"><span class='ocrx_word' id='word_1_716' title='bbox 2288 0 2423 3487; x_wconf 95' lang='lat' dir='ltr'> </span> 
     </span>
    </p>
   </div>
  </div>
 </body>
</html>
