2423 3487
166 287 224 317 423
892 280 1131 310 REGISTRES
1153 281 1208 310 DE
1231 273 1453 311 GREGOIRE
1476 282 1535 311 lx.
2208 284 2266 313 424

171 352 260 387 possit
279 350 394 382 habere,
411 350 453 376 ita
469 349 544 382 quod
561 356 675 382 semper
692 348 753 381 ipse
771 347 825 374 sub
840 347 1009 374 obedientia
1031 347 1173 374 consistat

174 400 303 428 abbatis,
326 399 484 432 injungens
504 396 702 422 nihilominus
721 395 880 422 conventui
900 396 1031 429 ejusdem
1056 404 1173 422 monas-

171 448 238 475 terii
251 451 281 474 ut
296 455 346 481 per
362 446 534 473 electionem
553 445 724 471 canonicam
741 443 797 470 sibi
814 444 988 478 provideant
1002 444 1037 470 de
1052 452 1174 478 persona

170 498 273 523 idonea
289 496 318 522 in
336 498 491 529 pastorem.
508 509 539 512 -—
554 494 640 525 (REG.
658 492 702 522 18,
720 494 739 519 t.
757 493 808 519 17⁶2
822 495 860 525 r⁰;
877 501 946 519 ann.
962 493 1001 520 X.
1022 502 1046 519 c.
1063 493 1138 523 137.)

212 610 222 621 u
249 620 266 625 ..
292 598 425 633 episcopo
447 595 652 624 Corentrensi.
682 593 830 623 Dilectus
853 593 942 623 filius
967 595 1002 624 T.
1028 612 1075 622 —.
1100 595 1173 623 Dat.

170 650 283 680 Reate,
305 649 354 677 ΙΙΙ
371 647 445 676 idus
459 647 547 685 julii.
567 655 653 676 anno
668 646 805 676 decimo.
826 659 837 672 n

240 834 360 861 8216
751 832 851 864 Terni,
866 831 1102 865 1‘fjuillet1‘236.

206 894 436 928 Archiopisoopo
451 893 619 920 Trevirensi
638 893 759 919 mandat
773 896 917 926 quatenus
930 893 1045 920 abbatis
1062 902 1175 920 monas-

170 944 238 971 terii
259 943 361 969 Sancti
380 941 570 968 Willibrordi
590 941 829 975 Epternacensis,
851 941 1017 968 dubitantis
1035 950 1072 969 an
1091 950 1175 968 cano-

172 993 237 1019 nice
252 992 355 1018 suisset
372 991 401 1017 in
416 990 551 1017 abbatem
569 990 736 1022 institutus,
754 990 893 1023 quoniam
913 993 981 1017 ante
1000 991 1174 1017 electionem

170 1041 205 1067 de
228 1041 290 1074 ipso
314 1041 433 1071 fat-tam,
455 1039 664 1073 professionem
688 1047 745 1064 non
770 1040 888 1071 fecerat,
913 1039 1075 1065 cessionem
1100 1039 1175 1065 reei-

171 1090 244 1124 piat,
266 1091 304 1121 et,
321 1089 345 1114 si
367 1088 553 1122 postmodum
572 1087 699 1114 utilitati
717 1087 790 1114 dieti
807 1087 978 1114 monasterii
999 1088 1109 1114 viderit
1125 1096 1176 1114 ex—

171 1136 281 1172 pedire,
299 1137 434 1163 eumdem
455 1137 604 1171 praedicto
621 1136 798 1163 monasterio
813 1136 963 1170 praeficiat
977 1137 1007 1163 in
1027 1136 1174 1163 abbatem.

170 1186 464 1219 —(Rm.18,f.172
478 1189 521 1217 v⁰3
539 1194 608 1211 ann.
623 1185 662 1216 X,
678 1194 702 1211 c.
720 1185 795 1216 138.)

211 1301 223 1315 (t
242 1313 260 1317 ..
277 1288 502 1324 archiepiscopo
521 1287 704 1316 Trecerensi.
720 1287 765 1316 Ex
779 1290 870 1324 parte
887 1286 999 1316 dilecti
1013 1286 1075 1315 filii
1088 1310 1106 1315 ..
1124 1287 1176 1316 ah-

167 1341 254 1370 batis
267 1340 380 1370 Sancti
392 1338 629 1377 Willibro[r]di
642 1339 910 1377 Epternacensis,
927 1339 1054 1369 ordinis
1071 1340 1178 1369 sancti

168 1393 352 1427 Benedicti,
366 1397 421 1422 tue
438 1392 590 1427 diocesis,
610 1392 733 1421 nostris
749 1392 813 1421 suit
829 1392 967 1421 auribus
985 1392 1177 1422 intimatum

169 1446 267 1485 quod,
288 1445 366 1476 olim
384 1445 499 1475 eodem
517 1444 720 1475 monasterio
741 1444 870 1474 abbatis
892 1445 1056 1483 regimine
1075 1445 1177 1475 desti-

169 1503 250 1534 tuto,
269 1508 344 1529 eum
360 1502 542 1528 conventus
559 1498 718 1537 ejusdem,
736 1498 824 1528 inter
840 1507 922 1537 quos
938 1499 1047 1528 fuerat
1062 1499 1178 1528 lauda-

169 1552 283 1582 biliter
299 1556 524 1587 conversatus,
544 1552 579 1580 in
597 1551 748 1581 abbatem
767 1560 864 1581 suum
881 1552 1038 1582 canonice
1057 1557 1177 1582 etcon-

169 1605 312 1635 corditer
346 1604 528 1642 elegerunt.
562 1604 643 1640 Sed,
675 1608 853 1643 antequam
883 1605 953 1644 ejus
985 1614 1083 1643 super
1116 1605 1177 1635 1100

170 1658 423 1688 confirmaretur
450 1657 567 1687 electio
583 1681 588 1692 ,
617 1657 677 1686 tibi
702 1657 767 1686 fuit
798 1661 913 1695 sponte
943 1659 1117 1688 confessus
1143 1667 1178 1688 se

170 1710 412 1748 professionem
437 1709 584 1748 aliquam
603 1718 668 1739 non
689 1710 827 1745 fecisse,
852 1714 888 1739 tu
910 1719 1006 1746 vero,
1029 1710 1090 1740 hoc
1112 1720 1178 1741 non

171 1763 339 1797 obstante,
362 1772 436 1792 eum
459 1762 593 1792 interim
615 1762 742 1792 faciens
764 1762 911 1800 profiteri
935 1767 966 1793 et
983 1763 1179 1794 electionem

171 1816 209 1846 de
227 1816 297 1854 ipso
315 1816 435 1845 factam
456 1816 674 1847 confirmans,
702 1815 766 1844 sibi
790 1815 912 1845 duxisti
936 1816 1178 1847 benedictionis

170 1878 292 1898 munus
309 1869 517 1907 postmodum
533 1868 802 1906 impendendum,
816 1868 990 1898 attendens
1007 1869 1094 1908 quod
1105 1878 1179 1899 con-

171 1931 251 1960 grue
268 1922 306 1951 de
324 1922 430 1959 ipsius
447 1930 586 1959 persona
600 1922 701 1951 statui
719 1921 865 1960 ejusdem
882 1923 1076 1952 monasterii
1092 1926 1179 1961 pote-

171 1979 221 2004 rat
248 1974 434 2013 provideri;
465 1974 588 2013 sicque,
612 1975 876 2013 030111031051115
902 1976 1097 2005 monasterii
1122 1985 1179 2014 per

172 2033 313 2067 quatuor
331 2037 435 2057 annos
453 2032 483 2057 et
500 2027 642 2065 amplius
657 2028 958 2058 amministratione
970 2029 1177 2066 perfunctus,

172 2082 218 2110 ibi
232 2081 338 2111 adhuc
351 2081 450 2111 etiam
464 2081 699 2111 amministrat.
712 2082 847 2115 Verum,
861 2082 940 2120 quia
951 2082 1079 2111 dubitat
1093 2082 1180 2121 quod

172 2135 283 2165 taliter
299 2143 364 2164 non
382 2135 525 2172 potuerit
542 2134 673 2164 instit-ui
692 2135 726 2163 in
751 2134 913 2169 abbatem,
932 2135 1032 2165 saluti
1049 2145 1107 2166 sue
1124 2145 1180 2166 su-

173 2197 230 2226 per
246 2188 306 2217 hoc
323 2187 417 2225 petiit
434 2196 492 2225 per
507 2187 624 2217 Sedem
648 2187 871 2225 Apostolicam
893 2188 1072 2225 provideri.
1092 2189 1180 2225 Quo-

175 2241 262 2270 circa
279 2240 474 2269 mandamus
491 2244 665 2278 quatenus,
685 2240 712 2269 si
731 2245 779 2270 est
794 2240 851 2275 ita,
870 2241 1054 2271 cessionem
1074 2242 1180 2280 ipsius

173 2293 339 2332 recipiens
357 2293 427 2322 vice
445 2298 570 2327 nostra,
591 2293 619 2322 si
636 2293 843 2330 postmodum
859 2293 998 2323 utilitati
1017 2294 1095 2324 dicti
1111 2305 1181 2325 1110-

173 2346 313 2375 nasterii
330 2345 482 2383 expedire
498 2345 638 2379 videris,
658 2346 798 2375 eundem
817 2346 963 2383 predicto
979 2349 1180 2378 monasterio

173 2398 325 2436 proficias
342 2398 376 2426 in
393 2401 567 2435 pastorem.
594 2398 666 2426 Dat.
692 2398 898 2433 interamne,
917 2398 1070 2428 kalendis
1091 2399 1179 2438 julii,

173 2450 385 2488 pontificatus
405 2450 509 2479 nostri
528 2458 613 2479 anno
631 2450 768 2479 decimo.
790 2462 802 2475 >³

246 2635 361 2662 3217
763 2634 852 2666 Hieti,
870 2634 902 2660 15
918 2634 1017 2667 juillet
1031 2636 1109 2662 1238.

211 2696 442 2730 Archicpiseopo
458 2696 622 2722 Turonensi
637 2698 664 2722 et
677 2696 816 2729 magistro
830 2696 980 2730 Stephano
994 2697 1029 2723 de
1040 2697 1181 2733 Arenjisl,

176 2744 317 2771 canonico
332 2744 560 2775 Cenonmnensi,
574 2744 694 2770 mandat
710 2747 864 2777 quatenus,
880 2745 909 2770 in
923 2753 1009 2771 causa
1021 2754 1094 2779 quae
1106 2747 1184 2774 iuter

178 2792 351 2825 Robertum,
370 2794 510 2818 rect-:wem
528 2793 658 2826 capellae
674 2793 783 2819 Beatae
794 2793 908 2819 Mariae
922 2793 957 2819 dc
970 2794 1098 2821 Feritatc
1115 2796 1183 2822 Ber-

176 2841 280 2873 nardi,
304 2843 332 2867 et
357 2840 527 2874 episcopum
553 2840 806 2868 Cenomanensem
833 2850 919 2876 super
944 2843 1045 2869 eadem
1070 2845 1184 2878 capella

176 2889 358 2921 vertebatur,
377 2889 581 2923 procedentes,
604 2889 628 2915 si
649 2889 759 2916 dictam
782 2891 926 2923 capellam
948 2899 1047 2917 curam
1068 2892 1183 2919 anima-

177 2945 241 2963 rum
266 2945 322 2964 non
351 2936 457 2963 habere
483 2937 660 2970 constiterit,
689 2938 825 2964 eumdem
850 2941 992 2965 rectorem
1018 2947 1104 2973 super
1132 2941 1185 2967 illa

1256 350 1358 374 contra
1371 347 1589 381 indulgentiam
1608 349 1800 383 apostolicam
1818 358 1874 376 non
1891 350 2067 384 permittant
2088 350 2260 382 molestari;

1255 395 1389 429 alioquin
1406 396 1546 423 beneficio
1565 397 1641 431 quod
1662 400 1726 431 post
1748 398 1859 425 dictam
1883 400 2028 432 capellam
2051 399 2083 425 in
2104 398 2262 433 Bajocensi

1256 443 1383 471 dioecesi
1399 448 1558 479 receperat,
1574 446 1685 472 faciant
1702 455 1767 473 eum
1785 455 1846 473 esse
1862 450 2045 474 contentum.
2062 462 2093 466 -—
2110 448 2196 480 (Rae.
2216 447 2262 480 18,

1257 493 1276 519 f.
1292 493 1343 519 172
1354 496 1398 525 v⁰;
1411 501 1480 520 ann.
1491 494 1530 526 X,
1543 494 1649 526 c.139;
1668 510 1699 512 —
1713 495 1846 523 Monam
1863 496 1942 528 1191,
1960 497 1980 522 f.
1998 496 2054 527 89.)

1300 614 1312 627 «
1334 624 1355 630 ..
1380 602 1605 640 archiepiscopo
1631 603 1801 632 Turonensz'
1823 608 1847 632 el
1874 605 2020 640 magistro
2041 603 2213 640 Stephano!
2230 603 2266 632 de

1257 654 1407 693 Aren[is],
1440 656 1588 684 canonico
1613 656 1845 685 Cenomanensi.
1869 656 1997 686 Dilecto
2018 655 2087 686 filio
2106 656 2262 691 Roberto‚

1258 707 1499 745 crucesignato,
1524 712 1648 737 rectore
1667 708 1791 746 capelle
1812 709 1912 738 Beate
1932 709 2035 739 Marie
2057 709 2096 739 de
2119 709 2264 739 Feritate

1259 759 1432 794 Bernardi,
1450 760 1712 790 Cenomanensis
1729 761 1888 795 diocesis,
1908 761 2004 791 nobis
2020 761 2167 791 innotuit
2184 761 2267 790 inti-

1258 816 1379 847 mante,
1399 812 1494 851 quod,
1513 821 1586 842 cum
1605 813 1687 851 ipse,
1706 813 1839 843 obtenta
1855 813 1977 843 dudum
1995 823 2013 843 a
2030 814 2113 844 Sede
2129 814 2266 852 Aposto-

1257 864 1322 894 lica
1338 865 1557 902 indulgentia,
1575 870 1609 895 ut
1631 875 1705 895 cum
1722 866 1847 904 capella
1863 867 1944 904 ipsa,
1965 875 2029 896 non
2046 866 2188 897 habente
2207 875 2265 896 cu-

1258 926 1329 946 ram
1345 917 1548 952 animarum,
1566 923 1676 956 posset
1692 919 1829 948 unicum
1845 919 2051 957 parrochiale
2064 919 2266 949 beneficium

1258 969 1418 1005 retinere,
1443 970 1471 999 si
1491 970 1555 1000 sibi
1576 971 1734 1000 canonice
1755 972 1971 1006 conferretur,
1994 972 2040 1001 ita
2062 972 2149 1010 quod
2168 972 2203 1001 in
2227 980 2267 1002 eo

1259 1021 1475 1051 residentiam
1498 1023 1621 1053 faceret
1647 1023 1863 1061 personalem,
1891 1024 2098 1062 postmodum
2123 1023 2207 1053 illud
2230 1024 2266 1053 in

1259 1075 1434 1114 Bajocensi
1453 1080 1624 1106 assecutus
1642 1081 1729 1106 esset
1747 1076 1903 1112 diocesi2,
1924 1077 2010 1115 quod
2031 1077 2087 1107 diu
2103 1086 2178 1107 cum
2193 1077 2268 1115 ipsa.

1260 1128 1332 1158 sine
1350 1128 1408 1158 lite
1424 1128 1581 1166 possedit,
1599 1129 1800 1159 venerabilis
1817 1130 1920 1159 frater
1940 1134 2052 1160 noster
2067 1153 2086 1158 ..
2105 1130 2269 1160 Cenoma-

1260 1180 1375 1210 nensis
1401 1180 1591 1218 episcopus‚
1616 1181 1882 1218 crucesignatus,
1913 1181 2110 1211 diocesanus
2141 1181 2265 1219 ipsius,

1260 1233 1325 1263 sibi
1356 1233 1478 1269 movit,
1512 1235 1624 1271 [super
1649 1235 1698 1271 eo]
1728 1234 1814 1272 quod
1840 1235 1969 1272 prefata
1998 1234 2124 1272 capella
2149 1234 2269 1273 hujus-

1260 1286 1349 1316 modi
1379 1295 1491 1315 curam
1521 1286 1669 1321 haberet,
1703 1291 1735 1316 ct
1763 1296 1821 1324 per
1850 1286 1911 1316 hoc
1941 1291 2028 1317 esset
2057 1287 2129 1325 ipsa
2155 1287 2270 1326 priva-

1261 1343 1331 1374 tus,
1365 1339 1400 1368 in
1428 1348 1488 1369 sua
1517 1341 1685 1377 presentia
1715 1340 1935 1378 questionem.
1964 1340 2128 1378 Cumque,
2158 1349 2269 1375 coram

1261 1401 1299 1422 eo
1326 1392 1413 1422 dicta
1439 1392 1613 1431 questione
1640 1393 1819 1431 pendente,
1849 1393 2089 1423 nichilominus
2114 1393 2154 1423 ad
2179 1393 2271 1423 ordi-

1261 1454 1331 1481 nes,
1355 1446 1395 1475 ad
1420 1446 1526 1484 ipsius
1554 1446 1678 1484 capelle
1706 1446 1855 1481 titulum,
1876 1446 1992 1476 citaret
2015 1446 2172 1482 eundem,
2196 1447 2269 1485 ipse

1261 1503 1328 1529 tam
1349 1499 1389 1529 ab
1418 1508 1455 1529 eo
1481 1508 1580 1538 quam
1603 1499 1642 1528 ab
1666 1499 1843 1529 Hamerico
1865 1499 1966 1529 Odart
1991 1503 2022 1529 et
2048 1499 2267 1538 Laur[entio]‚

1261 1553 1431 1583 canonicis
1456 1553 1780 1588 Cenomanensibus,
1805 1553 1926 1591 quibus
1951 1553 1992 1582 ad
2017 1553 2164 1583 rationes
2189 1561 2269 1583 suas

1262 1606 1444 1636 audiendas
1472 1606 1683 1636 commiserat
1710 1606 1798 1636 vices
1830 1615 1922 1641 suas,
1950 1605 2125 1636 humiliter
2154 1610 2270 1644 postu-

1261 1659 1342 1688 lavit
1371 1663 1422 1694 ut,
1455 1668 1492 1689 ex
1522 1668 1586 1698 quo
1618 1668 1693 1689 eum
1723 1659 1896 1697 episcopus
1923 1659 2052 1689 ratione
2077 1658 2201 1697 capelle
2228 1658 2291 1688 ad'

1262 1711 1396 1742 ordines
1426 1711 1656 1750 compellebat,
1686 1712 1812 1750 prefate
1840 1711 2008 1750 questioni
2038 1711 2271 1749 supersederet

1262 1764 1409 1799 omnino,
1425 1763 1487 1799 vel,
1503 1764 1606 1794 donec
1618 1768 1789 1802 appareret
1806 1773 1877 1794 eam
1895 1763 1994 1793 talem
2006 1773 2119 1794 curam
2132 1764 2268 1800 hahere,

1263 1817 1349 1855 quod
1369 1817 1440 1855 ipse
1463 1817 1615 1855 negabat,
1635 1817 1768 1855 penitus
1786 1817 1826 1846 ab
1844 1817 1904 1846 hac
1925 1817 2094 1847 coactione
2110 1821 2268 1854 cessaret,

1262 1871 1438 1909 presertim
1456 1879 1529 1900 cum
1547 1870 1607 1900 hec
1623 1870 1687 1900 duo
1708 1870 1795 1900 inter
1818 1879 1852 1899 se
1877 1871 2043 1900 contraria
2064 1870 2269 1906 viderentur,

1263 1923 1351 1962 quod
1367 1922 1491 1961 capella
1508 1932 1583 1952 eum
1599 1923 1764 1960 privatum
1779 1927 1953 1958 assereret,
1972 1928 2003 1953 et
2018 1923 2128 1961 ipsum
2145 1923 2185 1952 ad
2197 1923 2270 1962 ejus

1263 1975 1398 2005 titulum
1420 1976 1606 2011 ordinaret,
1630 1984 1689 2005 nec
1714 1975 1801 2005 idem
1821 1975 1969 2004 ordinari
1986 1980 2155 2005 recusaret
2170 1976 2211 2005 ad
2228 1975 2272 2005 il-

1263 2028 1340 2064 lam,
1359 2029 1387 2058 si
1407 2037 1478 2058 eam
1497 2032 1608 2066 posset
1629 2037 1701 2057 cum
1726 2027 1790 2057 alio
1813 2028 1974 2057 beneficio
1992 2028 2153 2063 retinere,
2175 2031 2273 2066 prout

1264 2081 1329 2111 sibi
1346 2091 1363 2111 a
1380 2081 1463 2112 Sede
1486 2080 1676 2119 Apostolica
1693 2085 1741 2110 est
1764 2080 1942 2110 indultum.
1962 2080 2036 2115 Sed,
2055 2080 2133 2119 quia
2150 2080 2274 2118 prefati

1264 2134 1432 2164 auditores
1449 2138 1479 2164 et
1495 2134 1583 2164 idem
1600 2134 1773 2172 episcopus
1788 2143 1862 2163 eum
1879 2133 2058 2172 superbiis
2072 2134 2186 2164 audire
2198 2142 2274 2164 con-

1265 2192 1315 2216 tra
1336 2187 1504 2226 justitiam
1534 2187 1744 2222 recusabant,
1774 2191 1921 2216 nostram
1949 2186 2041 2216 duxit
2067 2186 2274 2216 audientiam

1265 2240 1517 2278 appellandum3
1550 2244 1582 2269 at
1610 2240 1698 2270 idem
1724 2239 1913 2278 episcopus,
1944 2239 2165 2277 appellatione
2194 2248 2274 2270 con-

1264 2297 1398 2331 tempta,
1419 2301 1596 2330 gravamen
1616 2292 1801 2330 gravamini
1819 2292 2056 2329 superaddens,
2074 2292 2194 2330 ipsum,
2215 2301 2274 2330 ap-

1264 2345 1477 2384 pellationem
1497 2345 1718 2383 personaliter
1736 2348 2002 2383 prosequentem,
2028 2344 2116 2374 dicta
2134 2344 2272 2382 capella,

1264 2398 1479 2437 pretermisso
1505 2398 1591 2436 juris
1622 2398 1756 2433 ordine,
1785 2397 1950 2435 spoliavit.
1982 2397 2112 2436 Adjecit
2141 2405 2274 2436 quoque

1265 2451 1405 2481 clericus
1429 2450 1640 2488 supradictus
1659 2450 1746 2488 quod
1768 2454 1984 2479 memoratam
2000 2449 2176 2487 capellam,
2194 2458 2275 2479 con-

1265 2503 1415 2533 stitutam
1429 2503 1517 2532 infra
1532 2503 1691 2533 terminos
1703 2502 1875 2542 cujusdam
1888 2501 2107 2540 parrochialis
2120 2501 2273 2538 ecclesie,

1266 2556 1307 2586 ad
1320 2556 1414 2595 cujus
1431 2555 1619 2585 subsidium
1634 2555 1829 2593 proponitur
1846 2554 1951 2584 fuisse
1965 2554 2113 2591 fundata,
2128 2555 2185 2592 [et]
2202 2553 2276 2584 nul-

1265 2609 1342 2643 lam,
1359 2608 1566 2638 fundationis
1584 2612 1740 2646 tempore,
1756 2608 1944 2637 animarum
1958 2616 2072 2636 curam
2082 2606 2274 2643 habentem,

1266 2661 1354 2691 idem
1380 2661 1443 2690 suit
1470 2670 1528 2699 per
1555 2662 1638 2691 boue
1667 2660 1824 2690 memorie
1855 2683 1874 2688 ..
1903 2659 2171 2697 predecessorem
2195 2659 2276 2689 dicti

1267 2714 1413 2752 episcopi
1436 2719 1466 2743 et
1490 2719 1665 2752 patronum
1689 2713 1837 2752 ejusdem
1862 2713 2010 2750 adeptus,
2028 2712 2076 2747 de
2100 2721 2179 2742 cura
2200 2721 2276 2750 pre-

1302 2859 1322 2882 1.
1337 2860 1477 2888 Stephano
1494 2866 1527 2882 en
1544 2859 1714 2887 manchctte;
1736 2861 1763 2882 S.
1782 2865 1815 2880 en
1836 2857 1977 2886 rubrique.

1299 2903 1322 2926 2.
1340 2902 1376 2926 Le
1390 2906 1464 2926 texte
1481 2903 1517 2926 du
1538 2903 1664 2932 Registre
1685 2906 1726 2926 est.
1747 2909 1752 2925 :
1772 2911 1782 2923 (ι
1804 2909 1836 2925 eo
1857 2900 2031 2931 postmodum
2053 2900 2120 2923 illud
2143 2901 2171 2923 in
2193 2900 2278 2931 Bajo-

1269 2947 1345 2970 censi
1362 2950 1488 2970 assecuto
1506 2947 1608 2970 diocesi
1628 2955 1648 2976 κ,
1666 2953 1695 2969 ce
1710 2946 1755 2975 qui
1772 2946 1854 2968 laissa
1871 2953 1882 2967 u
1897 2945 1955 2975 ipse
1972 2952 1983 2966 1)
1998 2950 2061 2968 sans
2077 2945 2169 2968 verbe.
