2423 3487
127 299 190 325 1231
843 291 1080 321 nlilits't‘fflsss
1104 290 1157 318 DE
1180 284 1401 320 GREGOERE
1427 292 1482 320 lx.
2140 288 2210 318 123‘2

122 372 180 388 ram
199 361 427 388 ccclesias-ticam
443 360 610 393 compellat.
630 373 660 376 —
677 359 762 389 (Rau.
780 358 854 384 19.1·.
871 358 902 383 74
919 360 956 387 r⁰;
971 365 1039 382 ann.
1054 356 1121 386 XII,

121 420 144 435 υ,
161 411 206 435 iul
223 418 228 438 2
248 424 277 426 —
294 410 475 435 noemam}
491 407 565 434 740.)

162 523 173 535 a
202 532 218 537 .,
242 509 340 536 abbati
370 510 476 535 Sam-le
507 507 647 541 Genorcfe
675 506 868 533 Parisiensix.
901 504 982 534 Cum
1011 503 1123 532 dilecti

122 562 180 590 tilii
197 579 244 589 —.
273 562 342 589 Dat.
372 560 533 589 Laterani.
564 558 714 587 kalendis
739 558 860 589 martii,
888 566 974 585 anno
1000 555 1123 585 duode-

122 616 216 645 cuno.
239 628 249 639 »ι

191 785 309 812 4ἵ44
664 783 784 813 Latran,
801 782 834 807 26
852 781 958 807 tevrier
974 780 1052 806 1239.

157 847 385 880 Ar‹·lnie1:·iscopo
402 845 575 872 Eboracensi
598 844 718 870 mandat
737 849 880 876 quatenus
903 851 1019 869 eausam
1043 850 1125 867 exor—

124 901 181 923 tam
201 897 277 922 inter
289 895 424 921 abbatem
440 897 676 926 conventumquc
691 892 861 918 monasterii
878 891 979 917 Sancti
996 890 1126 916 Michae-

124 946 159 971 lis
177 945 206 971 in
226 944 358 970 l‘ericulo
377 942 479 971 Maris,
500 950 533 967 ex
549 949 607 967 una
630 945 721 974 parte,
739 943 766 966 et
787 940 945 966 umbertum
963 939 1124 970 Marmion,

125 994 262 1023 militem,
280 991 471 1019 Eboracensis
487 990 642 1018 dioecesis,
660 998 694 1015 cx
711 991 818 1019 altera,
838 997 924 1022 super
944 988 1074 1014 manerio
1090 988 1126 1014 de

124 1043 193 1068 wat
210 1045 253 1073 (z
267 1042 382 1070 Wam),
400 1041 429 1066 in
448 1040 547 1065 eadem
567 1039 692 1065 diuet-esi
709 1039 775 1069 sito,
793 1038 867 1071 quod
882 1038 972 1064 iidem
990 1037 1078 1064 abbas
1098 1040 1126 1063 et

122 1094 282 1116 conventus
299 1089 392 1115 eidem
414 1088 588 1114 monasterio
604 1087 693 1113 tuisse
708 1087 778 1113 olim
795 1095 810 1112 a
826 1086 934 1112 comite
950 1085 1125 1112 Britanniae

121 1140 260 1165 collatum
273 1137 421 1167 dicebant,
438 1136 604 1170 praedictus
619 1144 686 1162 vero
700 1135 785 1161 miles
799 1135 833 1161 ad
849 1135 998 1168 seipsum,
1013 1134 1125 1160 ratione

122 1188 218 1214 uxoris
233 1195 310 1218 suae,
328 1189 468 1219 spen-tare.
487 1200 518 1202 —
529 1193 601 1217 quae
619 1192 704 1209 causa
719 1183 772 1209 sub
788 1183 893 1209 abbate
903 1183 1046 1217 praedicti
1064 1191 1125 1208 mo-

122 1236 241 1261 nasterii
260 1234 374 1261 abbatis
396 1239 465 1259 tunc
484 1233 638 1258 existentis
664 1232 881 1265 praedecessore
904 1240 959 1257 non
980 1233 1124 1264 potuerat,

120 1285 196 1311 sicut
222 1292 274 1309 nee
297 1283 448 1313 debuerat,
472 1290 521 1315 per
542 1282 673 1307 ducllum
701 1280 866 1311 terminari,
892 1294 922 1297 —
946 1280 1125 1306 sufficienter

120 1333 294 1359 instructam
321 1332 356 1357 ad
381 1330 574 1364 apostolicum
602 1338 724 1355 examen
752 1329 916 1360 remittant,
941 1328 1125 1363 praefigendo

121 1381 252 1415 partibus
272 1380 431 1405 terminum
456 1378 684 1412 peremptorium
708 1380 936 1411 competentem,
954 1385 1009 1411 quo
1029 1385 1078 1411 per
1096 1385 1126 1403 se

121 1431 166 1456 vel
189 1437 238 1463 prr
260 1432 459 1462 procuratores
481 1427 598 1453 idoneos
621 1435 717 1452 coram
740 1427 802 1459 ipso
826 1434 901 1460 papa
924 1430 1124 1459 compareant.

123 1493 148 1496 μ
169 1479 254 1508 (Itan.
278 1477 320 1508 19,
347 1477 366 1502 f.
389 1477 421 1502 74
442 1480 478 1507 1³⁰,
503 1484 571 1501 ann.
595 1476 662 1507 XII,
685 1484 709 1501 c.
735 1475 805 1506 402ς
831 1489 861 1492 ——
885 1474 1017 1501 Moru-:Ati
1046 1474 1125 1506 1192,

123 1528 140 1553 f.
159 1528 233 1557 273.)

164 1641 175 1653 «ι
196 1650 216 1655 ..
238 1628 460 1665 archiepiscopo
483 1627 672 1655 Eboraccnsi.
698 1625 974 1662 Significantibus
997 1625 1128 1655 dilectis

123 1680 201 1709 filiis
223 1703 241 1708 ..
260 1680 375 1709 abbate
390 1684 420 1709 et
436 1683 598 1708 conventu
616 1678 810 1708 monasterii
825 1678 937 1707 Sancti
956 1678 1128 1707 Michaelis

123 1734 160 1763 de
180 1733 328 1763 Periculo
346 1733 456 1763 Maris,
478 1732 572 1761 nobis
589 1731 842 1769 innotuitquod,
860 1740 934 1760 cum
946 1731 1024 1760 olim
1042 1731 1128 1761 clare

123 1786 279 1815 memorie
297 1809 315 1813 ..
334 1795 441 1815 comcs
460 1784 646 1814 Brittannie
664 1784 850 1813 manerium
867 1783 905 1813 de
920 1784 1009 1818 wat,
1028 1784 1129 1813 situm

123 1840 155 1868 in
174 1839 372 1869 Eboracensi
394 1838 528 1871 diocesi,
557 1838 661 1867 eidem
690 1837 892 1866 monasterio
917 1837 1049 1874 pietatis
1077 1838 1129 1866 in-

126 1893 209 1921 tuitu
226 1891 602 1929 contulisset,illudque,
622 1890 897 1919 confirmantibus
915 1890 979 1919 sibi
996 1890 1128 1927 regibus

124 1945 252 1981 Anglie,
272 1954 287 1973 a
307 1949 449 1982 tempore
467 1944 559 1981 cujus
573 1952 637 1972 non
651 1948 737 1972 extat
753 1943 911 1972 memoria
925 1951 1027 1981 usque
1042 1952 1129 1972 nunc

124 1999 256 2035 paciticc
276 1997 481 2035 possederint
504 2002 533 2026 et
557 1997 679 2035 quiete.
701 2005 736 2025 ac
758 1996 839 2025 duos
859 2005 988 2034 semper
1004 1996 1129 2025 babue-

124 2050 189 2078 rint
213 2049 389 2078 monachos
413 2049 445 2077 in
466 2049 578 2078 eodem
598 2059 604 2077 :
631 2049 794 2078 Robertus
816 2049 990 2082 Marmion,
1020 2048 1126 2078 miles.

123 2102 340 2131 Eboracensis
356 2102 508 2134 diocesis,
527 2102 713 2131 manerium
738 2101 847 2138 ipsum
871 2101 909 2130 ad
932 2110 977 2135 se,
1002 2101 1128 2131 ratione

126 2155 268 2184 ..uxoris
285 2164 354 2189 sue,
368 2154 451 2183 falso
468 2159 613 2192 spectare
626 2163 820 2191 proponens,
839 2162 936 2192 super
951 2154 1010 2183 hoc
1027 2164 1129 2192 quon-

124 2209 196 2237 dam
226 2231 243 2236 ..
271 2208 420 2237 abbatem
448 2208 594 2246 ejusdem
626 2207 832 2239 monasterii,
862 2207 1128 2245 predecessorem

125 2261 252 2289 abbatis
269 2260 416 2298 predicti,
441 2269 550 2289 coram
567 2260 745 2289 karissimo
762 2260 797 2288 in
817 2259 950 2290 Christo
968 2260 1035 2289 tilio
1052 2269 1129 2289 nos-

127 2318 173 2341 tro
192 2312 345 2342 ..illustri
364 2322 437 2350 rege
455 2312 573 2350 Anglie
590 2313 669 2342 iecit
684 2312 723 2341 ad
736 2312 900 2351 judicium
917 2313 1056 2342 evocari.
1072 2313 1128 2343 Co-

127 2376 193 2395 ram
212 2375 274 2403 quo
287 2366 392 2395 dictus
406 2366 511 2400 miles,
530 2366 762 2395 deficientibus
775 2365 851 2396 aliis
865 2365 1126 2403 probationibus,

125 2419 210 2457 quod
229 2419 389 2456 prefatum
407 2419 591 2448 manerium
605 2419 790 2456 pertinebat
804 2418 843 2447 ad
860 2427 943 2454 eum,
965 2427 998 2448 se
1016 2419 1129 2456 proba-

125 2477 232 2499 turum
250 2471 368 2500 obtulit
380 2481 436 2508 per
448 2471 609 2505 duellum,
625 2472 712 2509 quod
730 2472 880 2509 protinus
897 2472 1004 2500 dictus
1018 2472 1128 2509 prede-

123 2534 242 2554 cessor.
259 2529 412 2561 tanquam
431 2524 567 2562 simplex
585 2529 615 2553 et
628 2525 714 2563 juris
727 2525 874 2561 ignarus,
889 2533 953 2553 uon
969 2525 1129 2563 requisito

122 2578 173 2606 sui
191 2581 370 2606 conventus
391 2586 564 2608 consensu,
590 2586 789 2616 quamquam
812 2577 893 2607 alias
916 2578 1128 2608 defensiones

121 2630 266 2663 liaberet,
285 2630 462 2659 indiscrete
485 2630 596 2660 subire
620 2630 783 2668 promisit.
807 2630 956 2668 Cumque
984 2635 1128 2668 postmo-

120 2683 206 2717 dum,
227 2683 312 2711 dicto
329 2682 432 2711 milite
450 2688 671 2720 congregante
689 2683 729 2712 ad
749 2683 857 2712 locum
875 2684 1068 2712 certaminis
1088 2684 1127 2713 ab

121 2736 232 2765 eodem
249 2744 323 2772 rege
348 2736 496 2773 partibus
520 2736 724 2774 deputatum,
747 2736 995 2766 multitudinem
1020 2746 1127 2766 arma-

120 2795 236 2822 torum,
257 2789 427 2827 utriusque
445 2789 572 2827 pugiles
590 2790 677 2819 inter
698 2799 732 2819 se
755 2790 951 2828 aliquandiu
970 2790 1126 2820 dimicas-

120 2848 202 2871 sent.
228 2846 257 2871 et
280 2842 385 2879 ipsius
414 2842 530 2871 militis
559 2842 650 2879 pugil
682 2842 783 2872 semel
812 2848 842 2871 et
872 2842 993 2871 iterum
1026 2843 1126 2872 suerit

119 2895 263 2933 dejectus
281 2894 320 2923 ad
338 2899 457 2923 terram
478 2904 484 2922 :
504 2895 581 2933 quia
598 2904 672 2932 pars
690 2895 796 2932 ipsius
820 2894 949 2929 militis,
971 2896 1125 2933 quotiens

120 2948 224 2976 dictus
242 2946 331 2984 pugil
348 2947 592 2981 succumbebat,
612 2948 732 2977 totiens
752 2947 913 2977 violenter
931 2947 1125 2977 sublevabat

1205 355 1356 390 eundem,
1377 356 1614 386 nichilominus
1636 361 1774 386 mortem
1795 356 1892 386 dictis
1919 356 2029 385 abbati
2053 360 2083 385 et
2106 355 2211 393 pugili

1205 408 1447 443 comminando,
1471 409 1680 447 supradictus
1707 409 1929 446 predecessor,
1959 418 1996 439 ex
2022 408 2211 447 hujusmodi

1205 460 1314 490 duello
1331 466 1482 491 metucns
1500 470 1565 490 non
1591 461 1697 491 solum
1723 462 2013 500 irregularitatem,
2042 461 2100 491 sed
2124 470 2211 490 mor-

1206 516 1269 541 tem
1287 513 1468 547 incurrere,
1488 514 1526 543 ad
1540 514 1721 552 predictum
1734 515 1926 544 certaminis
1940 514 2048 544 locum
2060 514 2210 545 accessit.

1206 570 1236 595 et
1252 566 1299 594 ibi
1316 575 1373 603 per
1384 566 1480 596 talem
1494 571 1628 601 metum,
1643 568 1699 605 qui
1713 567 1829 597 cadere
1842 568 1946 605 potuit
1964 576 2028 597 non
2045 566 2212 596 immerito

1206 618 1239 647 in
1268 624 1484 653 constantem,
1519 621 1723 650 renuntiavit
1753 620 1883 659 publice
1908 621 1975 660 juri
2007 629 2084 655 suo3
2117 620 2212 658 cujus

1207 672 1488 701 renuntiationem
1505 672 1601 702 miles
1619 673 1688 710 ipse
1714 673 1887 704 admittere
1906 673 2023 708 noluit,
2051 673 2129 707 nisi,
2148 672 2212 716 sub

1207 727 1355 761 pretextu
1367 724 1457 762 pacis
1470 729 1499 753 et
1510 725 1772 762 compositionis.
1786 726 1962 764 quamdam
1976 726 2114 763 pecunie
2127 734 2212 754 sum-

1207 785 1292 805 mam
1310 777 1402 814 prius
1423 778 1583 815 reciperet
1601 778 1640 807 ab
1671 778 1795 808 eodem.
1820 779 1928 815 Quare
1951 779 2029 808 dicti
2056 779 2156 808 abbas
2182 783 2213 808 et.

1207 834 1388 859 conventus
1409 830 1502 859 nobis
1524 830 1697 860 humiliter
1716 831 1943 869 supplicarunt
1965 836 2010 866 ut,
2039 840 2112 860 cum
2138 831 2214 860 talis

1209 882 1423 916 renuntiatio,
1442 888 1631 921 presumpta
1651 884 1723 913 sine
1740 893 1903 914 consensu
1928 889 2121 918 conventus,
2148 893 2212 913 non

1208 934 1323 964 debeat
1351 935 1482 973 dejure
1510 940 1629 971 tenere,
1664 946 1720 974 pro
1748 946 1812 975 qua
1844 937 1942 966 etiam
1975 937 2213 966 monasterium

1208 988 1432 1025 supradictum
1451 989 1599 1018 noscitur
1616 989 1795 1019 enormiter
1811 999 1882 1019 esse
1903 989 2021 1023 lesum,
2044 989 2214 1027 providere

1208 1050 1306 1078 super
1322 1041 1383 1070 hoc
1403 1041 1662 1071 misericorditer
1685 1051 1889 1072 curaremus.
1914 1043 1999 1079 Quia
2022 1051 2098 1072 vero
2119 1042 2214 1071 nobis

1208 1102 1272 1123 non
1290 1094 1439 1123 constitit
1457 1094 1495 1124 de
1514 1095 1699 1132 premissis,
1725 1095 1921 1124 mandamus
1941 1099 2116 1133 quatenus,
2142 1104 2214 1133 par-

1208 1146 1320 1185 [tibus]
1339 1147 1563 1186 con[vocatis],
1586 1148 1737 1186 inquiras
1761 1157 1860 1186 super
1878 1148 2050 1186 premissis
2073 1147 2215 1185 diligen-

1208 1199 1273 1228 tius
1291 1200 1475 1231 veritatem,
1490 1204 1520 1229 et
1535 1209 1669 1229 causam
1685 1200 1790 1238 ipsam
1803 1201 2007 1231 sufficienter
2019 1201 2215 1230 instructam

1207 1253 1246 1281 ad
1262 1258 1407 1282 nostram
1426 1253 1627 1291 presentiam
1646 1253 1815 1283 remittere
1837 1262 1902 1282 non
1926 1258 2114 1291 postponas,
2141 1262 2216 1291 pre-

1208 1305 1294 1344 fi[xo]
1319 1306 1495 1345 pai-[tibus]
1524 1306 1689 1345 t[ermino]
1712 1306 1956 1345 peremp[tori0]
1979 1306 2213 1346 com[petenti],

1208 1368 1271 1397 quo
1290 1368 1402 1396 perse
1435 1359 1483 1388 vel
1510 1368 1567 1397 per
1597 1359 1850 1398 procu[rat0res]
1882 1359 2042 1398 ido[neos]
2071 1360 2216 1399 com[pa-

1207 1411 1312 1450 ream]
1330 1411 1464 1451 co[ram]
1483 1412 1590 1447 nobis,
1611 1413 1772 1452 ju[stam],
1791 1412 1913 1452 dan[te]
1932 1413 2109 1452 D0[1nino],
2140 1422 2216 1443 sen-

1208 1464 1370 1504 [tentiam]
1406 1466 1614 1504 re[cepture].
1651 1467 1721 1495 Dat.
1763 1466 1929 1501 Laterani,
1961 1467 2027 1496 1111
2057 1465 2216 1496 kalendas

1209 1518 1330 1553 martii,
1350 1527 1436 1548 anno
1454 1519 1658 1548 duodecimo.
1677 1531 1688 1545 ι)

1280 1703 1399 1730 ιηειε
1712 1695 1714 1697 ’
1755 1705 1875 1736 Latran,
1894 1705 1926 1731 19
1943 1705 2051 1731 fex-rm
2067 1705 2145 1731 1239.

1244 1766 1354 1792 Abbati
1378 1766 1479 1791 Sancti
1503 1765 1662 1792 Michaelis
1680 1766 1781 1792 Pisani
1798 1767 1920 1793 mandat
1936 1770 2091 1800 quatenus,
2109 1781 2139 1784 —
2158 1775 2220 1792 mo-

1211 1815 1314 1841 nachis
1328 1818 1356 1841 et
1372 1815 1520 1841 conversis
1542 1815 1711 1841 monasterii
1735 1815 1847 1842 Montis
1872 1816 1995 1844 Christi.
2016 1816 2065 1849 qui
2082 1816 2217 1842 abbatem

1210 1872 1295 1897 quem
1328 1863 1421 1889 eidem
1456 1864 1632 1890 monasterio
1659 1864 1735 1897 prior
1759 1864 1997 1891 Camaldulensis
2028 1866 2218 1898 praefecerat,

1210 1912 1317 1938 exinde
1331 1913 1464 1938 recedere
1480 1913 1695 1946 compulerant,
1710 1913 1746 1939 ab
1760 1913 1859 1939 eodem
1879 1913 2056 1939 monasterio
2069 1913 2175 1939 amotis
2191 1915 2220 1939 et

1210 1961 1240 1987 in
1253 1961 1321 1987 aliis
1334 1961 1521 1987 monasteriis
1533 1961 1645 1987 ordinis
1658 1961 1897 1988 Camaldulensis
1909 1961 2069 1990 collocatis,
2088 1976 2120 1979 -
2136 1969 2219 1988 eum-

1210 2010 1275 2036 dem
1289 2009 1425 2036 abbatem
1443 2009 1472 2035 in
1491 2010 1565 2036 illud
1581 2010 1710 2036 reducat.
1723 2024 1754 2027 —
1767 2010 1853 2040 (Rae.
1870 2010 1913 2040 19,
1925 2011 1944 2036 f.
1961 2010 1994 2036 74
2009 2014 2052 2041 v·';
2069 2018 2138 2036 ann.
2150 2010 2218 2042 XII,

1211 2068 1235 2084 c.
1253 2058 1321 2089 403:
1340 2073 1371 2076 —
1389 2059 1426 2084 cf.
1445 2065 1539 2090 supra,
1556 2066 1584 2084 n.
1602 2058 1670 2084 3533
1687 2062 1714 2084 et
1731 2058 1823 2089 3976.)

1254 2173 1264 2185 u
1288 2183 1306 2188 ..
1324 2161 1423 2188 abbati
1438 2160 1543 2188 Sancti
1559 2160 1713 2188 Michaelis
1725 2160 1843 2188 Pisani.
1860 2159 2027 2189 Accedens
2045 2160 2084 2189 ad
2101 2160 2217 2190 Sedem

1212 2212 1434 2250 Apostolicam
1456 2212 1595 2241 dilectus
1622 2211 1711 2241 tilius
1731 2235 1749 2240 ..
1770 2213 1859 2250 prior
1875 2212 2140 2242 Camaldulensis
2158 2221 2218 2242 sua

1212 2266 1307 2295 nobis
1325 2265 1484 2295 relatione
1502 2266 1699 2295 monstravit
1716 2265 1811 2303 quod,
1832 2275 1905 2295 eum
1924 2274 1982 2295 nos
1995 2265 2073 2294 olim
2090 2274 2217 2295 monas-

1212 2319 1331 2348 terium
1358 2319 1481 2348 Montis
1510 2318 1636 2348 Christi
1659 2318 1792 2348 heremo
1818 2318 2078 2354 Camaldulensi,
2099 2327 2156 2356 pro
2181 2327 2219 2348 eo

1211 2371 1375 2409 quoderat
1388 2371 1421 2399 in
1439 2370 1676 2408 temporalibus
1690 2370 1891 2399 diminutum
1902 2370 1975 2399 etin
1987 2370 2219 2408 spiritualibus

1211 2424 1443 2457 deformatum,
1461 2424 1653 2453 duxerimus
1675 2423 1932 2457 concedendum,
1958 2432 2004 2457 ac,
2030 2423 2095 2452 sibi
2117 2423 2219 2453 corri-

1212 2477 1309 2514 gendi
1327 2481 1357 2505 et
1374 2476 1585 2508 reformandi,
1607 2476 1805 2506 instituendi
1823 2481 1853 2505 et
1870 2476 2081 2511 destituendi,
2103 2480 2167 2505 tam
2185 2476 2218 2505 in

1211 2529 1317 2566 capite
1335 2538 1433 2567 quam
1453 2529 1486 2558 in
1506 2529 1674 2559 membris,
1693 2529 1726 2557 in
1744 2529 1856 2558 eodem
1874 2529 2075 2558 monasterio
2092 2529 2221 2558 indulta

1211 2586 1368 2620 perpetua
1400 2587 1570 2619 potestate,
1604 2582 1726 2611 nostris
1758 2582 1786 2611 ei
1820 2581 2008 2611 dederimus
2034 2581 2154 2611 litteris
2184 2582 2217 2611 in

1211 2634 1376 2663 mandatis
1397 2639 1442 2668 ut,
1459 2634 1677 2672 personaliter
1695 2635 1734 2663 ad
1747 2634 1984 2664 monasterium
2002 2634 2111 2672 ipsum
2128 2643 2220 2664 acce-

1211 2687 1302 2717 dens.
1326 2687 1408 2716 illud
1435 2697 1509 2716 rum
1534 2688 1745 2725 pertinentiis
1769 2687 1839 2717 suis
1864 2687 2023 2725 reciperet
2048 2691 2079 2716 et
2111 2687 2219 2716 ordini

1210 2749 1269 2769 suo
1296 2740 1506 2778 incorporare
1530 2745 1671 2775 curaret,
1699 2749 1735 2769 ac
1761 2740 1941 2777 corrigeret
1969 2744 1999 2769 et
2026 2740 2220 2770 reformaret

1209 2792 1344 2825 ibidem,
1365 2797 1430 2821 tam
1452 2793 1486 2822 in
1504 2793 1610 2831 capite
1628 2802 1726 2831 quam
1749 2793 1783 2822 in
1808 2792 1978 2826 membris,
1998 2792 2091 2830 juxta
2112 2792 2218 2830 ipsius

1209 2844 1336 2874 ordinis
1353 2845 1518 2880 instituta,
1538 2855 1601 2884 que
1620 2845 1815 2882 corrigenda
1838 2849 1869 2874 et
1893 2845 2102 2874 reformanda
2127 2845 2217 2875 vide-

1208 2902 1266 2933 ret,
1298 2897 1470 2927 monachis
1501 2902 1532 2927 et
1564 2898 1733 2927 conversis
1763 2897 1913 2936 jamdicti
1936 2897 2131 2926 monasterii
2159 2897 2215 2936 qui

1208 2949 1347 2979 eundem
1366 2950 1515 2979 ordinem
1533 2950 1654 2979 vellent
1669 2959 1849 2984 assumere,
1862 2950 1896 2978 in
1912 2949 1987 2979 aliis
2005 2950 2216 2980 monasteriis

2378 3389 2423 3487 'Esse-¹·
