2519 3518
0 0 62 26 55*
68 0 78 13 ν
86 0 113 15 ὓ
123 0 138 11 '⁴

53 305 110 336 ‘221
886 292 1118 332 NEUVIEME
1139 292 1298 330 ANNEE.
2078 300 2133 329 π]

127 370 244 400 2884
544 369 675 402 Viterbe,
690 369 723 396 18
737 367 890 395 decembre
906 367 984 394 1235.
1138 364 1241 395 fultus
1258 366 1398 396 seculari
1416 368 1571 405 potentia,
1593 367 1809 402 auctoritatis,
1827 367 1927 396 immo
1943 367 2072 405 proprie
2091 371 2133 396 te-

93 434 210 461 Decano
224 431 441 466 Engolismensi
459 431 590 463 mandat,
606 430 837 463 Petragoricensi
853 429 986 464 episeopo
1007 436 1056 462 pe-

59 483 156 513 tente,
173 482 317 515 quatenus
333 479 453 506 clericos
472 478 720 513 Petragorieensis
734 477 874 505 dioecesis
892 477 940 511 qui
957 480 1058 503 contra

60 529 195 565 generale
218 527 377 555 concilium
399 528 496 562 plures
516 527 675 561 dignitates
690 530 718 554 et
736 526 891 557 beneficia,
907 533 973 552 cum
990 532 1060 551 cura

58 577 242 609 animarum,
259 575 323 602 sine
338 575 556 610 dispensatione
571 575 730 610 apostoliea
743 574 920 606 retinebant,
934 573 1060 607 compel-

61 626 104 653 lat
116 627 150 652 ut
162 624 265 652 eadem
282 623 455 656 dimittant,
470 632 520 658 per
534 624 677 658 praelatos
692 623 727 650 ad
741 631 812 657 quos
829 630 926 649 eorum
943 621 1061 648 collatio

61 672 241 709 pertinebat,
254 672 441 704 conferenda,
453 675 481 699 et
493 675 524 698 ut
537 673 648 698 tructus
659 679 693 698 ex
705 671 746 698 eis
758 673 917 705 perceptos,
929 669 1061 696 ecelesiis

60 722 93 750 in
110 721 217 756 quibus
230 720 332 748 eadem
349 719 533 753 obtinebant,
546 719 719 751 restituant:
736 719 793 754 ipsi
807 718 930 753 praelati
944 720 1059 744 tantum

61 770 98 798 de
123 768 313 805 proventibus
336 768 396 795 suis
417 768 447 795 in
469 768 659 795 ecelesiarum
681 767 810 802 ipsarum
834 766 994 794 utilitatem
1015 774 1061 792 as-

62 818 194 852 signent,
211 818 354 850 quantum
376 825 393 843 a
408 818 538 850 tempore
557 815 719 842 vacationis
735 815 804 842 inde
821 814 986 841 constiterit
1001 821 1062 840 esse

64 867 245 900 perceptum.
260 878 292 882 —
309 865 394 896 (Rue.
412 863 455 896 18,
472 865 492 890 f.
509 863 542 891 92
556 867 596 895 r⁰3
612 871 681 890 ann.
699 863 751 895 IX,
766 871 790 889 e.
805 862 878 893 318.)

106 984 120 998 a
144 994 164 1000 ..
185 972 297 1002 decano
317 971 548 1008 Enyolismensi.
574 968 727 999 Exhibita
750 967 844 997 nobis
864 966 1064 997 venerahilis

66 1041 114 1053 —.
135 1025 208 1054 Dat.
226 1023 384 1058 Viterbii.
402 1023 462 1053 XV
478 1021 635 1052 kalendas
647 1021 811 1060 januarii.
830 1028 916 1049 anno
933 1028 1030 1049 nono.
1050 1031 1062 1045 n

139 1221 258 1249 2885
552 1219 683 1250 Vitcrbe,
699 1218 734 1245 20
748 1217 901 1244 decembre
916 1216 994 1243 1235.

105 1283 334 1317 Arebiepiscopo
349 1281 528 1314 Viennensi,
544 1280 730 1315 Apostolieae
751 1279 835 1306 Sedis
856 1280 965 1312 legato,
983 1286 1067 1305 man-

69 1331 122 1359 dat
137 1333 280 1365 quatenus
296 1330 414 1357 Heliam
431 1329 466 1356 de
481 1329 667 1361 Ventadour,
684 1328 732 1362 qui
743 1349 749 1360 ‚
766 1336 816 1362 pro
831 1327 936 1354 abbate
952 1334 1068 1353 monas-

71 1379 139 1407 terii
151 1378 328 1411 Tutelensis,
345 1378 376 1405 in
395 1386 451 1412 quo
466 1386 516 1412 per
530 1376 702 1403 violentiam
720 1377 829 1403 electus
845 1377 954 1408 fuerat,
971 1384 1000 1402 se
1020 1383 1068 1409 ge-

72 1435 150 1460 rens,
171 1427 303 1454 enormia
324 1425 522 1458 commiserat,
543 1427 648 1457 castra,
665 1424 768 1458 burgos
788 1427 816 1450 et
834 1424 922 1450 villas
937 1423 1068 1458 ejusdem

73 1475 243 1502 monasterii
265 1482 411 1508 occupans
432 1476 461 1501 et
484 1473 613 1507 spolians
633 1481 699 1499 eum
726 1472 920 1499 multitudine
941 1474 1069 1499 armato-

72 1531 148 1555 rum,
168 1522 206 1550 ab
226 1521 485 1550 administratione
501 1521 631 1555 ejusdem
653 1520 838 1551 monasterii,
856 1523 920 1554 post
938 1519 1069 1546 debitam

70 1571 303 1599 satisfactionem
322 1570 358 1597 de
377 1569 505 1602 damnis,
526 1569 674 1601 excludat,
691 1571 719 1595 et
738 1568 827 1595 faciat
844 1568 938 1595 eidem
954 1575 1070 1595 monas-

71 1619 145 1647 terio
173 1619 209 1646 de
230 1627 353 1653 persona
377 1618 480 1645 idonea
504 1617 662 1652 provideri.
690 1631 721 1635 —
748 1617 834 1649 (Rea.
858 1616 906 1649 18,
931 1617 950 1643 f.
976 1616 1009 1643 92
1030 1619 1070 1648 τος

70 1675 142 1694 ann.
158 1667 214 1699 lx,
231 1675 256 1693 c.
273 1666 340 1698 319;
358 1680 390 1684 -·
406 1665 538 1693 ΜοκΕΑυ
553 1665 633 1698 1190,
650 1666 670 1691 f.
686 1665 761 1696 193.)

116 1786 130 1801 α
161 1797 180 1802 ..
205 1774 430 1811 archiepiscopo
462 1773 633 1807 Viennensi,
666 1773 829 1809 apostolice
858 1773 941 1802 Sedis
967 1774 1072 1810 lcyato.

74 1828 182 1857 Vento
205 1826 358 1856 elationis
378 1826 522 1860 inflatus,
547 1829 578 1855 et
598 1833 662 1854 non
681 1824 791 1859 Helie,
811 1825 867 1854 sed
891 1824 1074 1854 Pharaonis

76 1879 222 1909 elevatus
236 1879 271 1908 in
288 1887 397 1913 curru,
413 1877 526 1907 Helias
538 1877 576 1907 de
588 1877 818 1907 Ventendorn¹
839 1877 1074 1906 monasterium

75 1930 297 1965 Tutellanum,
322 1930 526 1968 Egiptiorum
549 1929 723 1959 comitatus
748 1929 853 1959 turba.
875 1933 919 1958 tot
942 1929 1075 1967 injuriis

77 1983 189 2017 afficit,
201 1987 246 2012 tot
261 1982 530 2020 oppressionibus
543 1986 571 2011 et
583 1981 722 2020 jacturis
735 1981 860 2018 affligit,
874 1981 960 2019 quod
971 1981 1076 2019 ipsius

76 2040 270 2070 conventus,
288 2044 360 2064 cum
375 2035 537 2072 respirare
555 2043 617 2063 non
636 2034 749 2072 possit.
767 2034 801 2062 in
818 2033 909 2063 brevi
929 2034 1077 2071 expirare

79 2087 297 2125 compellitur,
315 2087 380 2116 nisi
400 2095 485 2117 eum,
504 2086 643 2115 Domino
659 2085 831 2120 liberante‚
845 2086 951 2115 dictus
965 2086 1077 2115 Helias

79 2149 154 2170 cum
178 2139 297 2177 prefati
323 2138 506 2168 Pharaonis
530 2138 672 2167 exercitu
701 2138 819 2167 mediis
841 2138 994 2168 fluctibus
1015 2138 1078 2167 im-

81 2196 259 2230 mergatur.
286 2192 386 2221 Nam.
414 2191 497 2221 sicut
525 2190 699 2220 lacrimosa
723 2190 916 2220 dilectorum
937 2191 1079 2221 liliorum

80 2246 121 2275 G.
138 2245 177 2275 de
191 2245 295 2282 Rupe,
313 2243 497 2277 camerarii,
513 2243 675 2273 Guidouis
691 2243 729 2272 de
741 2243 917 2273 Veteribus
933 2243 1076 2282 Campis,

81 2296 238 2331 cantoris,
256 2296 425 2330 Gauberti‚
444 2294 703 2330 belemosinarii,
721 2296 760 2325 G,
777 2295 816 2325 de
832 2296 966 2334 Atinii-a,
986 2296 1080 2325 insir-

83 2349 192 2383 marii,
210 2348 363 2386 Estorgii‚
378 2348 579 2382 refectuarii,
598 2349 647 2378 Ρ..
660 2348 780 2386 prioris
796 2347 834 2378 de
852 2347 1000 2380 Floranc,
1015 2350 1080 2379 Ro-

83 2401 179 2436 berti‚
190 2400 309 2439 prioris
321 2400 359 2430 de
370 2399 503 2434 Blanac,
514 2399 687 2433 Guidonis,
698 2400 855 2438 prepositi
864 2400 901 2430 de
912 2400 1079 2435 Ralarent,

86 2455 135 2489 P„
153 2454 273 2492 prioris
298 2453 410 2483 Sancti
424 2452 622 2487 Clementis,
641 2453 692 2487 G„
710 2453 829 2490 prioris
845 2453 883 2483 de
900 2454 1030 2492 Sparac.
1052 2458 1083 2483 ct

84 2506 302 2546 quorumdam
313 2505 453 2535 aliorum
466 2505 701 2535 monachorum
714 2505 819 2543 ipsius
831 2506 1023 2536 monasterii
1035 2506 1082 2535 in-

87 2559 275 2590 sinuatione
284 2558 501 2596 percepimus.
519 2557 759 2596 ss[e1·na1·‹l0]de
770 2558 968 2592 Ventedorm
983 2567 1083 2596 quon-

84 2611 162 2641 dam
184 2611 299 2641 abbate
323 2611 487 2648 ipsorum,
508 2610 594 2639 viam
612 2610 765 2639 universe
787 2609 896 2639 caruis
921 2610 1082 2647 ingresso,

87 2663 145 2702 qui
158 2667 223 2692 toto
241 2667 383 2701 tempore
400 2663 465 2692 vite
480 2671 553 2692 sue.
574 2666 607 2691 ut
623 2661 766 2700 aliquem
779 2662 1085 2700 suumconsangui-

88 2723 188 2746 neum
203 2715 268 2745 sibi
284 2723 506 2744 successorem
526 2714 755 2747 substitueret,
776 2713 958 2749 laborabat,
979 2714 1086 2744 dictus

89 2767 215 2803 Helias,
230 2776 331 2805 nepos
347 2767 463 2806 ipsius,
485 2767 553 2805 qui,
572 2766 644 2796 licet
664 2766 808 2795 nondum
825 2766 867 2795 sit
878 2765 1018 2796 clericus
1031 2771 1088 2796 aut

87 2819 240 2849 ordinem
260 2819 445 2857 regularem
468 2819 647 2857 professus,
671 2827 704 2847 se
728 2818 810 2855 gerit
835 2827 892 2856 pro
915 2818 1086 2853 monacho,

125 2943 146 2966 1.
162 2944 223 2971 Sic,·
239 2943 299 2973 plus
315 2943 371 2966 loin
388 2951 399 2965 τ(
416 2943 585 2966 Vento-torn.
603 2951 614 2963 υ

1138 418 1311 453 mei-itatis,
1327 419 1482 457 impulsu.
1498 425 1615 449 castra.
1635 419 1825 453 fortalicias,
1838 419 1968 456 burgos,
1986 428 2022 448 ac
2039 418 2134 448 villas

1139 474 1169 500 et
1185 471 1410 508 possessiones
1433 472 1578 510 ejusdem
1598 472 1800 502 monasterii.
1822 480 1885 501 nou
1903 472 1974 501 sine
1995 471 2134 501 maxima

1139 523 1299 553 effusione
1317 524 1490 561 sanguinis
1512 529 1542 553 et
1565 533 1643 554 nece
1667 524 1901 562 plurimorum,
1925 532 2088 562 occupans
2104 528 2134 553 et

1140 574 1286 614 spolians
1301 581 1467 614 occupata,
1490 585 1527 606 ea
1547 576 1731 614 raptoribus
1748 576 1946 614 presumpsit
1963 584 2134 614 exponere.

1141 636 1200 658 nec
1218 632 1347 658 veretur
1363 628 1469 658 adbuc
1485 629 1596 659 eadem
1616 638 1672 667 per
1691 629 1880 658 violentiam
1897 628 2055 658 detinere.
2073 627 2135 658 Sed

1142 679 1201 710 boc
1220 680 1420 710 venerabilis
1441 681 1542 711 frater
1564 685 1675 711 noster
1701 704 1720 709 ..
1743 681 1987 710 Lemoviccnsis
2011 680 2137 718 episco-

1142 741 1213 769 pus,
1242 731 1303 762 loci
1328 732 1535 767 diocesanus,
1562 732 1692 771 plenius
1718 732 1893 767 intellecto,
1921 732 2040 761 litteris
2068 731 2137 760 suis

1143 784 1203 814 sub
1219 793 1302 822 pena
1319 785 1667 815 excommunicationis
1687 785 1845 815 mandans
1861 785 1967 814 eido-m
1986 783 2072 823 quod
2084 792 2138 813 oc-

1143 841 1259 876 cupata
1275 837 1419 875 predicta
1442 838 1590 868 redderet
1611 838 1787 868 conventui
1804 837 2000 871 Tutellensi‚
2020 837 2054 866 in
2073 836 2138 865 vir-

1145 894 1212 920 tute
1230 890 1415 920 obedientie
1437 891 1613 920 conventui
1634 890 1778 929 predicto
1801 890 1943 928 precepit
1967 890 2063 928 quod.
2087 898 2140 919 so-

1144 942 1211 971 lum
1230 943 1334 972 Deum
1351 942 1500 972 babendo
1521 952 1577 981 pre
1593 942 1713 978 oculis,
1739 943 1778 971 ad
1799 942 1990 972 electionem
2013 942 2140 971 abbatis

1146 995 1368 1033 procederent,
1387 999 1417 1025 et
1433 1000 1604 1025 extraneos
1623 995 1799 1024 monachos
1818 999 1849 1024 et
1872 995 1953 1024 alias
1977 994 2141 1024 seculares

1145 1056 1302 1085 personas
1319 1047 1359 1076 ab
1376 1046 1546 1077 electionis
1563 1047 1692 1085 negotio
1708 1051 1929 1081 remorer-:1113
1948 1047 2016 1085 qui.
2034 1046 2086 1076 dle
2103 1046 2141 1075 ιιι]

1147 1099 1352 1129 tractandum
1365 1099 1403 1129 de
1417 1099 1575 1129 electione
1588 1099 1720 1137 prefixa,
1736 1099 1883 1129 videntes
1898 1098 2141 1128 multitudinem

1147 1157 1347 1182 armatorum
1372 1157 1402 1182 et
1428 1152 1567 1181 aliarum
1591 1152 1789 1182 secularium
1813 1160 2038 1190 personarum,
2061 1160 2143 1189 quos

1147 1205 1234 1235 idem
1249 1204 1363 1235 Helias
1380 1204 1605 1234 introduxerat
1621 1205 1654 1234 in
1674 1204 1785 1234 eodem
1803 1204 2013 1239 monasterio,
2030 1212 2144 1233 conve-

1149 1257 1232 1292 nire,
1250 1257 1372 1295 sepius,
1398 1266 1437 1286 ne
1456 1261 1568 1286 contra
1589 1257 1693 1286 Deum
1719 1261 1748 1286 et
1767 1257 1930 1295 justitiam
1955 1256 2080 1295 aliquid
2096 1260 2144 1285 at-

1150 1314 1346 1348 temptarent
1372 1309 1506 1339 ibidem.
1534 1310 1650 1339 Sedem
1682 1309 1902 1347 Apostolicam
1927 1309 2143 1347 appellarunt.

1149 1362 1451 1401 compromittentes
1468 1371 1565 1400 super
1581 1362 1739 1392 electione
1756 1362 1790 1391 in
1809 1366 1948 1400 quatuor
1964 1361 2068 1400 ipsius
2084 1361 2146 1391 loci

1150 1415 1332 1449 monachis,
1353 1415 1540 1454 juramento
1558 1415 1726 1445 firmantes
1743 1419 1777 1444 ut
1793 1414 1887 1444 illum
1904 1424 2000 1453 quem
2017 1414 2055 1445 de
2074 1423 2147 1452 gre-

1150 1468 1217 1497 mio
1240 1467 1386 1506 ejusdem
1410 1467 1603 1497 monasterii
1626 1467 1730 1505 magis
1756 1467 1796 1496 ad
1818 1467 1877 1496 hoc
1898 1467 2052 1496 idoneum
2075 1475 2147 1497 esse

1151 1524 1397 1557 cognoscerent,
1422 1519 1502 1557 ipsis
1519 1519 1552 1548 in
1570 1524 1731 1557 pastorem
1750 1523 1779 1549 et
1798 1524 1932 1557 patrem,
1951 1519 2148 1548 discretione

1152 1572 1274 1611 previa,
1291 1571 1512 1609 providerent.
1530 1572 1568 1601 Et
1582 1571 1658 1610 quia
1675 1571 1738 1601 duo
1755 1580 1791 1601 ex
1809 1571 1902 1609 ipsis,
1921 1571 2066 1609 ejusdem
2084 1571 2150 1600 He·

1152 1625 1196 1655 lie
1210 1616 1368 1658 fautores,
1389 1633 1422 1653 se
1439 1624 1590 1653 dicebant
1607 1623 1646 1653 ad
1660 1624 1692 1653 id
1709 1623 1794 1653 nolle
1810 1624 1995 1661 procedere,
2014 1624 2079 1653 nisi
2095 1633 2149 1653 su-

1153 1686 1210 1716 per
1232 1677 1293 1706 hoc
1314 1681 1444 1714 possent
1464 1676 1621 1715 quicquid
1644 1676 1691 1706 eis
1710 1681 1795 1706 esset
1813 1675 1962 1710 libitum,
1985 1676 2148 1706 ordinare.

1155 1734 1184 1760 et
1202 1729 1288 1759 idem
1308 1728 1421 1758 Helias
1443 1733 1549 1758 castra
1572 1729 1715 1766 predicta
1740 1733 1769 1758 et
1790 1728 1971 1758 fortalicias
1993 1729 2055 1766 ipsi
2074 1737 2150 1757 con-

1154 1783 1268 1813 ventui
1286 1782 1419 1812 reddere
1437 1782 1486 1812 vel
1503 1782 1536 1811 in
1554 1791 1652 1811 manu
1668 1782 1830 1820 sequestri
1845 1790 1964 1820 ponere
1982 1782 2097 1811 noluit.
2115 1792 2150 1811 at·

1155 1839 1190 1865 ut
1207 1834 1372 1865 seculares
1390 1843 1529 1872 persone
1552 1838 1583 1863 ct
1605 1835 1721 1863 armati
1739 1834 1776 1863 de
1793 1834 1935 1863 claustro
1952 1834 2069 1872 prefati
2088 1843 2152 1864 me-

1157 1887 1294 1917 nasterii
1304 1887 1503 1921 recederent,
1522 1895 1585 1916 non
1603 1887 1764 1924 permisit,
1781 1887 1880 1916 iidem
1898 1886 2061 1921 monachi,
2079 1887 2152 1925 qui-

1157 1940 1218 1969 bus
1234 1944 1370 1968 mortem
1396 1938 1531 1976 predicti
1553 1939 1669 1968 armati
1691 1939 1902 1968 minabantur
1921 1939 2063 1972 inferre,
2088 1939 2152 1968 nisi

1158 1993 1267 2030 ipsum
1286 1991 1414 2021 Heliam
1429 1995 1635 2020 assumerent
1653 1991 1687 2020 in
1707 1991 1868 2021 abbatem.
1887 1991 2004 2021 iterato
2021 1991 2058 2020 ad
2079 2000 2153 2021 nos-

1159 2049 1241 2074 tram
1254 2044 1455 2074 audientiam
1470 2043 1686 2081 appellarunt.
1700 2045 1739 2072 At
1753 2043 1838 2073 idem
1855 2043 1977 2072 llelias.
1992 2053 2008 2071 a
2021 2043 2153 2081 quibus-

1159 2097 1233 2127 dam
1258 2096 1327 2126 suis
1355 2095 1589 2133 complicibus,
1613 2095 1824 2133 pretermissa
1851 2096 1952 2125 forma
1977 2096 2153 2125 canonica.

1160 2154 1343 2187 contempta
1361 2148 1475 2187 majori
1491 2153 1520 2177 et
1538 2148 1662 2178 saniori
1680 2153 1769 2186 parte
1786 2148 1936 2186 capituli,
1956 2149 1988 2177 in
2006 2148 2154 2178 abbatem

1161 2199 1239 2238 eligi
1255 2204 1285 2229 et
1301 2208 1358 2237 per
1374 2198 1550 2229 monachos
1567 2204 1737 2229 extraneos
1754 2204 1783 2229 et
1802 2199 1952 2228 homines
1967 2204 2108 2229 armatos
2123 2199 2155 2228 iu

1161 2253 1272 2283 sedem
1287 2252 1415 2282 abbatis
1435 2260 1612 2290 procurans
1630 2253 1780 2290 nequiter
1801 2253 1982 2291 deportari,
2008 2262 2059 2288 se,
2080 2261 2158 2282 con-

1162 2305 1346 2334 firmatione
1365 2312 1427 2333 non
1446 2304 1557 2333 habita
1579 2304 1629 2333 vel
1650 2304 1764 2342 petita,
1785 2306 1927 2334 conlisus
1944 2305 1994 2334 sui
2015 2305 2157 2343 potentia

1163 2357 1305 2395 generis,
1331 2356 1622 2386 amministrationi
1647 2357 1839 2393 monasterii
1860 2357 2005 2396 ejusdem
2031 2357 2159 2387 immis-

1163 2409 1241 2445 cuit,
1261 2408 1320 2448 [ac]
1337 2408 1511 2438 fidelitates
1525 2408 1565 2438 ab
1578 2409 1682 2446 ipsius
1697 2409 1887 2439 hominibus
1902 2419 1958 2448 per
1969 2410 2157 2439 violentiam

1164 2465 1195 2491 ct
1209 2461 1397 2500 juramenta
1418 2461 1550 2498 recepit.
1569 2461 1663 2491 Unde
1680 2461 1791 2499 plures
1808 2462 1974 2497 monachi,
1994 2462 2158 2500 perterriti

1164 2513 1265 2543 minis
1284 2517 1314 2543 et
1333 2513 1445 2547 armis,
1466 2513 1568 2542 coacti
1587 2513 1720 2543 suerunt
1745 2514 1850 2544 eidem
1873 2524 1968 2543 suum
1988 2523 2159 2544 assensum

1165 2566 1369 2605 postmodum
1379 2566 1553 2604 impertiri.
1566 2566 1717 2595 Ceterum
1733 2567 1817 2596 idem
1831 2567 1955 2601 Helias,
1966 2571 2159 2604 congregata

1166 2618 1284 2649 deinde
1308 2617 1519 2647 multitudine
1545 2622 1762 2653 armatorum,
1795 2619 1833 2647 ad
1862 2618 1971 2648 villam
2002 2619 2041 2648 de
2070 2619 2161 2656 Rupe

1167 2671 1332 2701 Amatoris
1349 2675 1378 2700 et
1395 2674 1539 2699 castrum
1556 2670 1672 2708 ipsius,
1692 2679 1754 2708 que
1771 2675 1845 2699 sunt
1865 2671 2012 2709 ejusdem
2030 2679 2160 2700 monas-

1169 2723 1244 2753 terii
1259 2722 1400 2761 propria,
1418 2730 1481 2751 non
1499 2726 1654 2760 tanquam
1671 2722 1861 2752 monachus.
1881 2722 1936 2752 sed
1953 2722 2056 2752 hostis
2075 2731 2162 2752 acce-

1169 2775 1260 2810 dens,
1272 2775 1394 2804 dictum
1407 2778 1561 2808 castrum,
1575 2779 1645 2812 post
1661 2775 1834 2803 maximam
1849 2775 2021 2812 sanguinis
2033 2775 2160 2804 effusio-

1170 2837 1255 2862 nem,
1276 2828 1362 2856 inter
1378 2826 1530 2856 loricatos
1550 2826 1721 2856 loricatus.
1740 2827 1836 2856 adiit.
1857 2827 1916 2865 [ac]
1936 2826 2116 2864 burgenses
2133 2832 2159 2853 ,τ’

1169 2879 1321 2909 homines
1337 2879 1398 2908 loci
1418 2878 1575 2917 ejusdcm.
1595 2883 1663 2916 post
1683 2879 1800 2908 multas
1817 2879 1864 2908 cis
1886 2879 1994 2908 illatas
2012 2879 2161 2917 injuriae.

1170 2932 1266 2962 bonis
1282 2930 1436 2961 omnibus
1453 2930 1615 2968 spoliavit.
1633 2931 1817 2969 ymaginem
1835 2931 1924 2960 beate
1938 2931 2097 2967 Virginis.
2113 2940 2164 2959 ci:-
