2423 3487
169 276 226 306 863
890 278 1128 310 ΒΕΘΙΒΤΒΕΞ
1150 277 1204 307 DE
1227 270 1448 309 GREGOIRE
1472 279 1530 309 lx.
2200 278 2258 308 864

169 343 325 380 magistro
341 345 374 374 P.
388 345 541 383 Papalou‚
556 351 681 384 quartoy
696 355 753 384 pro
771 346 866 376 Helia
881 345 1042 376 Laurerii.
1058 348 1166 373 aucto-

169 395 264 425 ritate
279 396 466 433 apostolica,
482 397 676 436 ajudicibus
691 398 862 435 delegatis,
877 407 934 436 pro
946 395 1164 427 contumacia.

208 501 219 513 α
246 488 325 518 Dico
342 489 379 518 G.
400 489 534 519 Roherti
551 494 581 519 et
593 491 646 519 W.
661 490 759 520 Fabri
776 489 1078 519 excommunicatos
1095 496 1166 517 esse

166 539 289 569 eisdem
308 541 704 571 excommunicationibus
720 546 750 572 et
771 542 811 571 al)
834 542 957 572 eisdem
984 540 1162 580 judicibus.

207 644 218 657 «
245 632 324 661 Dico
354 632 563 672 Gnid[onem]
596 634 794 668 Barbaront,
826 634 1095 663 archidiaconum
1128 632 1166 662 de

167 683 251 713 Mala
271 685 383 719 Morte,
405 686 722 715 excommunicatum
743 695 826 719 esse,
854 685 1048 715 auctoritate.
1072 694 1167 723 apos-

167 736 272 767 tolica,
298 746 355 774 pro
374 738 531 775 magistro
552 739 737 775 Gauii-[ido]
762 739 800 768 de
829 740 949 769 Sancto
964 738 1128 773 Yalerico,
1150 748 1167 767 a

166 789 248 818 bone
279 790 434 819 memorie
456 791 611 828 Symoxw,
641 791 804 829 quondam
829 791 1031 821 Bituricensi
1057 791 1165 820 archi-

164 842 327 879 episcopo.

206 907 218 920 «
245 895 338 930 Item,
362 904 419 932 pro
443 895 599 933 magistro
618 897 671 926 W.
695 896 872 931 Audebert,
898 897 987 931 item,
1015 906 1072 935 pro
1097 906 1166 926 ma-

164 946 265 983 gistro
285 948 320 976 P.
351 947 505 985 Papalou,
533 949 727 978 auctoritate
748 949 938 987 apostolica,
957 958 975 979 a
996 949 1166 988 judicibus

162 999 332 1037 t‘lelegatis
351 1009 407 1038 pro
424 1002 640 1031 contumacia.

204 1065 215 1078 «
244 1053 335 1087 Item,
353 1057 383 1082 et
401 1053 566 1083 sententia
585 1054 709 1083 domini
729 1054 877 1089 Galonis,
896 1055 923 1084 si
941 1056 1107 1085 sententia
1123 1055 1166 1084 sit

163 1105 247 1135 sicut
272 1106 386 1135 dicunt
407 1106 606 1141 adversarii,
635 1116 707 1136 cum
735 1108 790 1137 diu
815 1108 960 1138 tenuerit
992 1108 1165 1138 mulierem

161 1164 359 1196 suspectam,
373 1168 466 1197 quea
482 1160 615 1189 nomine
629 1169 687 1189 suo
702 1160 896 1190 vocabatur-¹
914 1161 958 1190 La
970 1161 1161 1195 Barbarota,

162 1215 193 1240 et
211 1211 309 1240 etiam
329 1210 414 1241 tilios
435 1212 559 1250 peperit
577 1212 694 1242 eidem.
715 1217 747 1242 ut
764 1213 896 1242 dicitur.

202 1315 214 1329 «
241 1303 320 1332 Dico
339 1303 532 1339 magistrum
560 1304 767 1334 VVillelnium
784 1305 822 1335 de
846 1306 1019 1344 Mayniach
1037 1316 1164 1337 excom-

161 1356 365 1385 municatum
396 1366 467 1386 esse
500 1366 557 1394 pro
584 1357 741 1395 magistro
762 1359 947 1398 Gaufr[ido]
978 1360 1016 1389 de
1045 1362 1164 1390 Sancto

160 1408 326 1438 Valerico.
356 1418 412 1446 pro
443 1409 600 1447 magistro
617 1410 670 1439 W.
695 1410 894 1446 Audeherti,
925 1421 982 1450 pro
1007 1413 1164 1450 magistro

163 1462 198 1491 P.
218 1461 361 1499 Papalon
387 1466 418 1491 ct
441 1471 496 1499 pro
518 1462 614 1491 Helia
640 1463 800 1499 Laurerii,
821 1465 1015 1495 auctoritate
1035 1470 1163 1504 aposto-

160 1513 234 1548 lica,
253 1523 269 1543 a
283 1514 452 1552 judicibus
469 1514 639 1552 delegatis,
658 1525 714 1553 pro
733 1518 950 1547 contumacia.

202 1579 213 1592 «
241 1568 405 1599 Preterea,
431 1567 595 1597 sentent-ia
617 1568 743 1597 domini
768 1569 916 1604 Galonis,
945 1570 973 1599 si
999 1572 1163 1601 sententia

160 1619 225 1647 dici
237 1618 351 1649 debeat
365 1619 449 1649 sicut
465 1620 578 1649 dicunt
593 1620 786 1656 adversarii,
804 1631 878 1651 cum
891 1622 947 1652 diu
959 1622 1161 1662 det.in[n]erit

160 1676 191 1700 et
209 1681 283 1701 cum
315 1672 468 1701 scandalo
492 1672 663 1701 mulierem
687 1678 885 1712 suspectam,
906 1684 969 1713 que
987 1676 1164 1706 vocabatur

161 1723 290 1761 publice
306 1724 514 1754 Otlicialissa.
533 1738 544 1751 ι)

650 1840 679 1868 ΙΙ

199 1942 225 1982 [α
251 1944 346 1980 Super
366 1944 508 1971 articulis
528 1945 670 1981 oppositis
688 1954 723 1973 cnr
744 1946 869 1974 adverso
887 1947 922 1974 ab
939 1948 1114 1976 eleclorib‘ns
1137 1954 1162 1977 e!

158 1996 245 2024 electo
266 1996 466 2024 tentoniceu.si
483 2001 586 2025 contra
603 1998 747 2033 quosdam
766 2000 926 2027 wlnonis-os
943 2000 1163 2030 Lemovicensws

159 2049 213 2085 qut
231 2049 302 2085 ipsis
318 2049 489 2077 clei-loribus
507 2054 531 2077 rt
548 2050 634 2077 electo
651 2059 678 2077 sc
694 2052 877 2087 opponebant
889 2053 925 2088 Ἄ]

202 2114 213 2125 ι(
241 2101 300 2130 llic
317 2101 528 2130 continentur
545 2102 678 2131 nomina
701 2104 906 2141 quorundam
927 2106 1160 2135 canonicorum

163 2153 445 2182 Lemovicensiurn
478 2158 507 2183 et
535 2164 632 2183 cause
666 2156 1041 2187 excommunicationuni
1073 2159 1161 2196 ipso-

163 2215 243 2239 rum,
265 2215 345 2244 quas
363 2207 519 2243 magistet·
536 2208 723 2242 Durandus,
741 2208 884 2238 decanus
904 2210 1015 2240 Sancti
1032 2211 1159 2245 Claudi,

163 2258 362 2288 Parisiensis
387 2259 564 2296 [diocesis]
590 2266 780 2297 procurator
808 2261 901 2291 electi
927 2267 957 2292 et
983 2263 1159 2294 electorum

162 2310 244 2348 ejus,
266 2311 430 2348 proposuit
454 2316 566 2341 eontra
585 2322 650 2341 eos.
670 2318 697 2342 et
716 2314 849 2351 quibus,
870 2320 904 2343 ut
924 2315 1048 2351 dicunt,
1068 2323 1157 2347 erant

163 2362 266 2399 ligati,
287 2367 428 2400 tempore
447 2363 627 2394 electionis.

202 2469 214 2482 (t
243 2456 388 2485 Intellexi
402 2456 439 2485 tle
458 2466 539 2486 novo
554 2458 747 2495 magistrum
761 2459 945 2489 Joltannem
956 2461 993 2489 de
1012 2462 1157 2494 I’ardin..

159 2513 324 2537 cantorem
350 2509 624 2545 lietnovicenscm,
652 2510 821 2546 incidisse,
851 2517 926 2541 ante
951 2513 1156 2549 electionem,

158 2561 192 2589 in
211 2561 558 2591 excommunicationis
578 2564 776 2592 sententiam
795 2574 892 2603 quam
918 2565 1026 2595 felicis
1050 2577 1157 2597 recor-

157 2613 300 2642 dationis
328 2614 480 2644 dontinus
509 2615 601 2646 Galo.
630 2617 815 2654 Apostolice.
846 2618 940 2648 Sedis
966 2618 1093 2656 legatus·
1123 2621 1155 2649 in

156 2666 305 2703 partibus
329 2666 407 2700 illis,
434 2667 508 2696 tulit
528 2672 639 2697 contra
667 2669 938 2699 concubinarios:
962 2676 992 2700 et.
1017 2672 1076 2701 boc
1100 2682 1156 2710 pro

157 2719 201 2747 lia
216 2718 387 2748 ‹lancelina
405 2720 443 2747 ‹le
461 2720 579 2749 Sancto
596 2721 729 2751 Aretlio.

188 2843 208 2866 1.
225 2845 272 2867 Ms.
291 2852 297 2866 5

183 2887 207 2909 ‘.'.
224 2887 301 2910 Cettc
318 2889 447 2918 rubrique
463 2893 503 2912 est
527 2891 658 2914 restitut-e
679 2891 712 2914 ici
733 2899 780 2922 par
803 2894 970 2922 conjecture,
990 2894 1095 2925 d'aprcs
1116 2896 1154 2919 les

154 2934 253 2953 termes
269 2931 302 2953 tle
318 2932 342 2954 la
358 2932 531 2961 precedente.

315 2845 465 2867 vocabitur.

1291 356 1304 369 «
1331 344 1484 374 Intellexi
1503 345 1602 375 etiam
1622 345 1660 375 de
1685 354 1768 375 novo
1792 344 1980 376 ,iohannem
2003 345 2042 376 de
2058 346 2257 375 Baromonte

1249 395 1518 427 archidiaconum
1551 397 1723 433 incidisse,
1746 402 1821 428 ante
1846 397 2051 434 electionem,
2075 398 2108 427 in
2133 397 2257 436 predic-

1250 453 1314 478 tam
1334 450 1533 479 sententiam
1552 450 1678 480 domini
1702 450 1856 486 Galonis;
1884 455 1915 480 et
1933 450 1994 480 hoc
2012 460 2070 489 pro
2092 451 2197 481 Maria
2217 450 2257 481 de

1249 501 1338 531 Siau.

1290 566 1302 580 «
1329 554 1483 585 Intellexi
1510 555 1548 585 de
1575 565 1659 585 novo
1689 556 1830 586 eundem
1851 556 2121 587 archidiaconum
2151 557 2257 587 fuisse

1249 606 1589 641 excommunicatum,
1625 612 1770 646 tempore
1805 607 1996 644 electionis,
2022 616 2079 646 pro
2111 607 2257 638 violenta

1249 666 1406 688 mannum
1427 659 1604 698 injectione
1624 660 1657 689 in
1677 660 1845 691 clericum.

1291 776 1302 789 ι(
1331 764 1481 794 Intellexi
1495 765 1533 795 de
1551 774 1634 795 novo
1658 766 1836 801 Hilarium,
1863 767 1920 806 qui
1940 776 1973 797 se
1991 767 2075 804 gerit
2091 776 2148 805 pro
2162 766 2256 805 peni-

1250 817 1404 847 tentiario
1438 818 1676 850 Lemovicensi,
1694 819 1864 855 incidisse,
1886 824 1962 849 ante
1989 819 2195 854 electionem,
2218 819 2254 849 in

1250 869 1428 907 predictam
1456 871 1655 901 sententiam
1685 871 1810 902 domini
1837 872 1994 907 Galonis,
2025 881 2083 910 pro
2112 871 2253 911 quadam

1250 923 1385 952 moniali
1405 924 1443 953 de
1472 924 1606 954 Lasaias
1626 929 1656 954 et
1687 934 1743 963 pro
1773 925 1914 964 quadam
1946 925 2044 955 vidua
2075 925 2114 955 de
2145 925 2256 963 Burgo

1250 976 1354 1005 Datio.

1290 1041 1301 1054 «
1329 1029 1422 1063 Item,
1444 1029 1592 1059 intellexi
1614 1030 1652 1060 de
1675 1040 1758 1060 novo
1777 1031 1918 1061 eundem
1941 1031 2108 1061 Hilarium
2125 1039 2254 1062 excom-

1249 1081 1465 1117 municatum,
1486 1087 1629 1121 ternpore
1646 1083 1830 1119 electionis,
1849 1084 2044 1114 auctoritate
2061 1083 2252 1122 apostolica,

1248 1143 1305 1172 per
1337 1135 1488 1165 abbatem
1517 1140 1545 1165 et
1582 1136 1724 1174 priorem
1760 1137 1798 1166 de
1832 1137 1974 1175 Nigella,
2006 1146 2063 1175 pro
2097 1138 2193 1168 Petro
2223 1141 2256 1167 et

1247 1187 1397 1217 Johanne
1414 1188 1615 1228 Guid[onis],
1634 1190 1806 1220 fratribus.

1289 1307 1300 1320 u
1328 1295 1478 1325 Intellexi
1497 1296 1535 1326 de
1553 1305 1636 1326 novo
1651 1298 1746 1334 Ayni.
1767 1299 1775 1318 ¹
1793 1297 1831 1327 de
1854 1297 1941 1327 Mala
1962 1298 2065 1327 Morte
2082 1297 2254 1332 incidisse,

1247 1351 1322 1376 ante
1356 1347 1562 1383 electionem,
1604 1349 1637 1378 in
1675 1350 1854 1388 predictam
1897 1351 2096 1380 sententiam
2128 1349 2254 1380 domini

1246 1399 1394 1429 Galonis.

1288 1466 1300 1479 «
1327 1454 1421 1488 Item,
1452 1454 1601 1484 intellexi
1631 1455 1669 1484 de
1698 1464 1780 1485 novo
1814 1465 1888 1485 euni
1919 1456 2251 1492 excommunicatum,

1246 1505 1358 1535 eodem
1381 1510 1535 1544 tempore,
1560 1516 1617 1545 pro
1650 1507 1793 1537 violenta
1825 1517 1981 1538 manuum
2012 1509 2190 1548 injectione
2217 1509 2251 1538 in

1246 1558 1414 1588 clericum.

1287 1624 1299 1637 α
1326 1613 1477 1650 Insuper.
1506 1612 1654 1642 intellexi
1672 1613 1710 1643 de
1740 1623 1822 1643 novo
1849 1624 1922 1643 enni
1941 1624 2004 1644 non
2023 1624 2094 1645 csse
2114 1615 2251 1645 canoni-

1246 1673 1318 1693 cum
1351 1665 1631 1699 Lemovicensent,
1662 1675 1747 1699 cum,
1779 1671 1853 1696 ante
1885 1667 2090 1702 electionem,
2125 1677 2250 1697 renun-

1246 1716 1378 1746 tiaverit
1399 1717 1562 1755 prebende
1582 1718 1712 1756 quando
1733 1718 1810 1747 fecit
1834 1728 1867 1748 se
1886 1719 2037 1753 militent,
2061 1720 2251 1758 recipiendo

1245 1778 1356 1798 ensem
1375 1769 1413 1799 dc
1431 1769 1527 1799 altari
1544 1771 1638 1800 Beati
1656 1771 1815 1809 Stephani
1835 1772 2091 1801 Lemovicensis.

1286 1888 1297 1901 «
1325 1876 1477 1906 Intellexi
1494 1877 1533 1906 de
1556 1886 1639 1906 novo
1660 1878 1856 1915 Gregorinm
1880 1878 2049 1914 incidisse,
2072 1883 2146 1909 ante
2164 1879 2250 1909 clee-

1246 1928 1378 1963 tionem,
1398 1929 1431 1958 in
1453 1929 1633 1967 predictam
1658 1930 1857 1960 sententiam
1884 1931 2008 1960 domini
2025 1931 2173 1964 Galonis,
2192 1942 2250 1971 pro

1242 1981 1397 2011 Johanna
1414 1982 1591 2012 Sudrussa.

1286 2047 1297 2059 u
1325 2036 1418 2069 Item,
1435 2044 1492 2073 pro
1503 2035 1646 2065 violenta
1661 2044 1816 2065 manuum
1835 2036 2012 2075 injectione
2029 2037 2062 2066 in
2079 2037 2248 2068 clericum.

1286 2100 1297 2113 u
1325 2089 1418 2124 Item,
1440 2088 1634 2118 auctoritate
1657 2088 1847 2126 apostolica,
1870 2098 1927 2127 per
1947 2090 2097 2120 abbatem
2115 2095 2145 2120 et
2161 2091 2250 2128 prio-

1243 2150 1311 2170 rem
1331 2141 1369 2170 de
1386 2140 1528 2178 Nigella,
1552 2150 1610 2179 pro
1638 2142 1735 2171 Petro
1757 2146 1787 2171 et
1812 2141 1964 2172 Johanne
1987 2142 2161 2178 Gnidonis,
2185 2143 2250 2173 fra—

1245 2195 1361 2223 tribus.

1285 2260 1297 2273 «
1326 2249 1418 2281 Item,
1437 2247 1585 2277 intellexi
1603 2247 1744 2277 eundem
1761 2248 1957 2285 Gregorium
1977 2258 2040 2278 non
2059 2258 2131 2279 esse
2149 2257 2249 2279 cano·

1244 2300 1365 2335 uicum,
1387 2305 1530 2338 tempore
1554 2300 1738 2333 electionis,
1760 2310 1845 2336 cnm,
1868 2305 1943 2331 ante
1965 2301 2170 2337 electionem,
2195 2301 2249 2331 in-

1244 2354 1377 2383 traverit
1394 2354 1542 2383 ordinem
1562 2354 1809 2383 Predicatorum
1831 2359 1862 2383 et
1878 2355 2060 2393 susceperit
2084 2355 2246 2386 habitum.

1283 2473 1294 2485 α
1322 2460 1473 2490 Intellexi
1502 2460 1539 2490 de
1568 2469 1650 2489 novo
1677 2462 1709 2490 S.
1740 2460 1893 2490 Vassaldi
1928 2462 2248 2492 excommunicatum

1242 2522 1324 2547 esse,
1345 2518 1487 2551 tempore
1505 2513 1686 2549 electioniS,
1708 2514 1901 2544 auctoritate
1921 2514 2108 2553 apostolica.

1283 2580 1294 2592 «
1321 2568 1414 2600 ltem,
1429 2576 1485 2604 pro
1501 2566 1645 2596 violenta
1661 2576 1734 2596 man
1742 2576 1818 2597 uum
1837 2567 2014 2606 injectione
2029 2568 2061 2597 in
2077 2568 2247 2598 clericum.

1282 2685 1293 2697 «
1320 2673 1365 2702 De
1384 2682 1477 2704 novo.
1496 2678 1670 2712 postquam
1690 2674 1764 2703 veni
1783 2673 1821 2704 ad
1848 2674 1985 2709 curiam,
2012 2674 2172 2711 intellexi,
2193 2675 2249 2714 pie

1272 2811 1291 2835 1.
1308 2812 1504 2841 Aymoricum?
1518 2826 1545 2829 —
1561 2812 1580 2836 ll
1595 2812 1674 2843 s'agit
1688 2814 1827 2843 peut-etro
1842 2813 1877 2837 ici
1892 2813 2032 2844 d'Aymeri
2047 2813 2080 2838 de
2094 2813 2248 2843 Matemort,

1238 2855 1283 2884 qui
1301 2855 1401 2883 devait,
1419 2863 1452 2879 en
1471 2856 1538 2885 1246,
1554 2857 1687 2880 succ-eder
1702 2857 1717 2879 ἱι
1733 2857 1845 2881 Durand
1862 2865 1910 2881 sur
1924 2858 1948 2881 le
1965 2858 2039 2889 siege
2056 2858 2195 2889 episcopal
2211 2858 2245 2882 dc

1239 2897 1381 2929 Limoges;
1404 2900 1436 2924 cf.
1456 2899 1484 2923 Ε.
1504 2900 1634 2929 Biemann,
1653 2902 1793 2930 Reyistres
1813 2903 1978 2925 d'lnnocent
1995 2904 2041 2932 IV,
2063 2905 2081 2927 t.
2099 2903 2123 2930 Ι,
2145 2910 2169 2934 p.
2186 2903 2246 2932 3⁶2¹,

1238 2948 1301 2965 ann.
1319 2943 1365 2972 IV,
1383 2950 1406 2966 c.
1427 2944 1478 2973 159,
1494 2949 1522 2967 n·
1537 2944 1606 2968 2154.
