2423 3487
138 294 192 322 507
856 290 1092 320 REGISTRES
1116 289 1170 317 DE
1193 280 1414 317 GREGOIRE
1439 287 1497 316 IX.
2168 287 2225 317 508

206 357 323 385 3384

169 418 354 452 Aquileiensi
372 422 398 445 ot
415 418 558 445 Gradensi
576 417 761 451 patriarchis,
777 417 1004 447 Mediolanensi,
1021 417 1134 443 Raven-

649 357 748 388 Terni,
765 357 798 383 29
815 356 972 383 novembre
986 355 1062 382 1236.

136 467 197 493 nati
222 470 249 493 ct
271 466 410 494 Januensi
438 466 666 500 archiepiscopis
689 474 845 499 eorumque
870 465 1076 497 suffraganeis,
1102 472 1134 491 ac

136 514 311 541 Placentino
332 518 356 539 et
383 514 560 540 Ferrariensi
585 514 744 548 episcopis,
762 516 789 540 et
811 513 982 545 abbatibus,
1004 513 1133 542 decanis,

135 563 364 594 archidiaconis,
382 562 644 596 arelliprcsbyteris
661 565 687 588 et
706 562 773 588 aliis
789 562 978 588 ecclesiarum
996 562 1135 595 praelatis

134 619 186 644 per
213 610 435 641 Lombardiam,
464 610 629 636 Mai-chiam
660 610 845 636 Tervisinam
873 612 901 635 et
929 610 1132 636 Rmnaniolain

134 658 303 685 constitutis
338 656 568 692 [ltaynaldum],
597 658 765 691 episcopum
794 658 977 688 Ostiensem,
997 660 1025 683 et
1046 655 1134 690 [Tlio—

135 704 240 739 mam],
259 706 384 731 Sanctae
402 705 529 731 Sabinae
550 705 751 739 presbyterum
769 705 965 737 cardinalem,
981 704 1086 738 quibus
1103 704 1133 730 in

134 753 325 785 Lombardia,
348 753 481 779 Mareliia
505 753 674 785 Tervisina,
697 753 872 779 Romaniola.
892 755 920 779 et
940 753 1133 779 Venetiarum

134 802 266 836 partibus
281 802 434 835 legationis
451 802 589 833 officium,
600 802 634 827 ad
648 810 748 834 pacem
762 801 802 827 ibi
815 801 1044 833 reformandam,
1055 809 1134 827 com-

134 850 268 880 miserat,
286 850 488 879 commendat:
509 850 575 875 illos
596 849 720 882 benigne
741 849 901 882 recipiant,
921 852 947 875 et
972 849 1033 875 illis
1049 858 1135 883 super

132 898 179 925 his
195 907 267 932 qum¹
280 898 315 923 ad
332 898 547 923 incrementum
565 897 710 923 libertatis
726 897 943 923 ecclesiasticae
959 905 1134 931 comparan-

131 948 218 979 dum,
235 949 343 973 statum
362 946 480 979 Imperii
504 946 737 977 reformandum,
754 946 932 979 pravitatem
954 946 1132 972 haereticam

133 995 305 1022 abolendam
324 997 351 1020 et
368 994 515 1027 negotium
533 994 638 1020 Terrae
660 996 785 1021 Sanctae
807 994 1022 1027 procurandum
1043 995 1134 1028 perti-

134 1046 238 1075 neant,
256 1043 411 1069 ellit-ariter
433 1043 600 1069 intendant.
625 1058 655 1060 —
678 1043 763 1073 (nm.
782 1043 825 1075 18,
848 1044 868 1069 f.
889 1043 992 1075 2061ος
1010 1052 1079 1069 ann.
1095 1043 1133 1074 X,

134 1101 159 1118 0.
176 1092 241 1123 272,
259 1106 290 1109 —-
307 1091 438 1118 Monfflc
455 1091 533 1123 1191,
548 1092 567 1117 f.
582 1091 650 1123 1693
664 1106 695 1109 —-
718 1092 873 1118 Pommsw
889 1091 974 1117 10268
988 1100 993 1123 ;
1019 1107 1049 1109 —
1075 1092 1134 1118 Ro-

134 1148 268 1167 nENssERc.
284 1140 359 1170 70⁷1.)

947 1264 963 1269 ..
992 1241 1135 1269 Mediola-

131 1295 230 1327 nensi,
249 1316 267 1321 ..
285 1292 476 1330 Itarrnnalffi]
495 1298 519 1321 e!
544 1316 563 1322 ..
584 1294 734 1322 Jannensi
756 1295 991 1331 arcltiepz·scopz's
1012 1303 1133 1321 eorum-

174 1253 187 1267 «
214 1264 232 1269 ..
256 1241 440 1277 Aquileiensi
463 1246 488 1269 rt
513 1263 531 1268 ..
556 1240 702 1269 Grmlrnsi
719 1241 920 1277 palriarcliis,

131 1355 187 1383 que
204 1346 413 1383 suffra-qamvis,
437 1355 470 1373 ric
489 1368 508 1373 ..
527 1346 704 1374 Plus-culino
721 1352 745 1374 el
767 1369 786 1375 ..
809 1347 1002 1375 Ferrarirnsi
1021 1348 1134 1383 episco-

128 1400 188 1437 pis,
208 1400 373 1427 (tbbalz'lms.
399 1399 532 1429 decanis,
557 1400 798 1433 archidiaconis,
823 1401 1086 1437 arcltipresbileris
1109 1405 1133 1428 el

131 1452 204 1480 aliis
220 1452 413 1480 eccles-iurant
430 1452 556 1487 prelalis
567 1460 620 1488 prr
638 1452 862 1486 Lombardinm,
881 1453 1048 1481 Marcilium
1070 1453 1133 1481 Ter-

131 1503 289 1542 visi71[am]
318 1508 342 1532 cl
371 1504 578 1531 ltomaniolam
607 1505 789 1533 constitutis.
815 1504 874 1533 Dei
903 1509 934 1533 et
961 1504 1132 1533 hominum

131 1573 180 1584 --.
199 1556 272 1585 Dat.
291 1556 488 1589 Interamne,
510 1556 557 1585 Ill
575 1555 732 1585 kalendas
750 1556 944 1590 decembris,
971 1566 1057 1586 anno
1078 1557 1133 1587 de-

133 1608 230 1638 cimo.
250 1620 262 1634 »

168 1730 271 1753 3385.
290 1741 320 1744 —
335 1728 366 1753 In
382 1727 506 1753 eundem
532 1728 649 1754 modmn
667 1729 886 1761 mart-monibus,
904 1730 1062 1762 comitibus,
1083 1737 1133 1762 po-

133 1775 287 1806 testatibus,
311 1776 432 1800 consiliis
454 1777 477 1800 et
502 1776 745 1801 communitatibus
769 1784 816 1809 pez·
835 1777 1037 1810 Lombardiam,
1058 1779 1134 1804 Mar-

131 1822 222 1848 chiam
242 1821 433 1857 Terris-infimi]
449 1826 472 1848 eb
489 1824 675 1849 Romanz'olam
689 1826 854 1850 consltcrttt's.

201 1988 317 2016 338ss

165 2050 395 2085 Archiepiscopo
417 2051 559 2077 Toletano
581 2052 761 2085 supplicanti
785 2053 932 2086 significat
951 2063 994 2087 se,
1015 2069 1046 2073 —
1066 2064 1132 2082 cum

132 2098 273 2125 fratribus
290 2099 560 2132 Calatravensibus,
577 2100 735 2127 Toletanae
751 2101 902 2135 dioecesis,
919 2103 980 2137 ipse
996 2111 1072 2138 papa
1085 2113 1134 2131 su—

133 2154 186 2180 per
200 2147 318 2180 castris,
335 2147 433 2180 villis,
450 2148 695 2182 possessionibus,
713 2150 812 2182 terriS,
836 2151 1000 2178 redditibus
1022 2154 1050 2179 et
1066 2153 1133 2180 aliis

130 2194 214 2222 bonis
228 2195 320 2229 ipsius
333 2196 545 2231 archiepiscopi
560 2198 718 2230 quamdam
731 2199 946 2226 concessionem
961 2201 1087 2233 fecisset,
1101 2217 1132 2220 —

642 1990 741 2023 Terni,
762 1991 796 2017 23
810 1992 968 2019 novembre
983 1993 1060 2020 1236.

132 2244 260 2270 statuere
280 2247 311 2270 ut
332 2244 361 2270 in
382 2245 518 2271 omnibus
538 2246 673 2272 terminis
691 2249 719 2273 et
739 2247 824 2274 rebus
840 2248 907 2274 aliis
926 2257 1012 2283 super
1028 2250 1133 2283 quibus

133 2291 172 2318 sit
195 2291 333 2324 dubium,
360 2293 475 2319 nullum
503 2293 565 2326 ejus
589 2294 648 2327 juri
673 2295 887 2328 praejudicium
913 2300 1076 2331 generetur.
1101 2314 1132 2317 —

132 2338 218 2371 (Rae.
236 2339 279 2372 18,
297 2340 316 2365 f.
335 2339 386 2366 206
403 2343 448 2373 v⁰;
463 2349 532 2367 ann.
552 2341 591 2374 X,
612 2350 636 2368 0.
654 2342 720 2375 273;
742 2358 773 2361 —
791 2344 1131 2379 PonAsT10267·;—

132 2388 170 2414 cf.
186 2395 281 2420 supra,
299 2391 328 2414 n⁰
341 2389 432 2421 3374.)

172 2499 186 2514 α
202 2511 222 2516 ..
238 2489 463 2527 archiepiscopo
478 2491 627 2520 Toletano⁴
639 2491 721 2521 Cum
735 2492 864 2523 dilectis
881 2494 984 2533 fil[iis]
996 2513 1044 2524 —.
1058 2497 1131 2526 Dat.

130 2540 332 2576 Interamne,
351 2542 417 2571 IIII
434 2541 593 2572 kalendas
607 2543 801 2580 (1000111111-15,
818 2554 904 2576 anno
921 2547 1057 2577 decimo.
1078 2561 1090 2575 »

197 2710 313 2738 338ἵ
665 2714 764 2747 Terni,
782 2715 797 2741 3
813 2715 967 2743 decembre
982 2717 1060 2745 1236.

161 2771 307 2806 Episcopo
329 2774 356 2799 et
382 2773 491 2799 decano
516 2774 744 2802 Pietavensibus
767 2778 795 2803 et
820 2777 1001 2805 thesaurario
1029 2780 1130 2808 Sancti

157 2892 178 2917 1.
200 2893 274 2916 Avec
295 2893 415 2922 l'incipit
437 2903 443 2917 :
466 2902 477 2916 «
497 2894 564 2918 Cum
590 2895 699 2919 dilectis
720 2896 776 2920 filio
798 2905 820 2925 »,
842 2897 948 2928 d‘apres
970 2899 1130 2931 Mmmous,

123 2938 250 2960 Annales
266 2938 474 2966 cistercienses,
491 2937 536 2966 1V,
553 2937 606 2962 529.

1217 353 1342 379 Martini
1368 352 1546 379 Turonensis
1570 352 1691 378 mandat
1714 355 1858 386 quatenus
1882 353 2021 380 comitem
2045 353 2221 381 Britanniae

1217 401 1397 434 compellant
1417 403 1447 427 ut
1469 400 1598 426 decimas
1621 408 1671 433 per
1690 408 1755 426 suos
1774 400 1886 433 bajulos
1907 404 2062 435 occupatas
2081 402 2222 429 ecclesiae

1217 448 1401 475 Nannetensi
1417 448 1567 479 restituam
1582 456 1668 481 super
1683 448 1751 474 aliis
1765 448 1883 474 damnis
1895 448 1930 475 ab
1946 449 2046 475 eodem
2060 449 2167 476 comite
2178 450 2222 476 ei—

1217 497 1283 522 dem
1300 497 1440 523 ecelesiae
1457 496 1602 529 irrogatis,
1618 504 1735 522 causam
1753 504 1803 522 seu
1819 496 1972 523 amicabili
1993 497 2149 524 concordia
2163 500 2224 524 ter—

1219 546 1348 577 minent,
1364 554 1413 571 seu
1429 545 1464 571 ad
1483 545 1676 578 apostolicum
1697 553 1820 571 examen
1842 545 2008 573 remittant.
2025 561 2056 564 —
2071 547 2156 578 (Rm.
2178 546 2222 580 18,

1218 594 1489 625 f.2071·⁰;z111n.x,
1505 602 1528 619 0.
1544 594 1652 625 2743—
1668 593 1800 620 Momm
1815 593 1894 626 1191,
1907 594 1927 620 f.
1943 594 1993 620 172
2005 602 2010 626 ;
2024 609 2055 612 —
2068 595 2226 622 Por‘rrmsr

1218 642 1326 673 10270.)

1259 781 1270 794 1(
1299 791 1317 797 ..
1339 770 1471 806 episcopo
1492 768 1541 807 [el]
1561 791 1579 796 ..
1598 769 1709 797 decano
1727 769 1966 803 Pi'ceatwnsi'bus,
1985 774 2010 798 et
2026 792 2044 798 ..
2064 771 2224 800 thesaura-

1217 823 1263 850 rio
1277 823 1383 865 Sancti
1400 822 1529 849 Martini
1550 822 1743 850 Turonensis.
1762 821 1973 851 Venerabilis
1994 822 2096 856 frater
2112 827 2225 853 noster

1219 897 1237 902 ..
1257 862 1429 911 episcopus
1443 874 1669 903 Nannetensis
1682 882 1741 903 sua
1754 874 1849 903 nobis
1866 874 2103 912 conquestione
2114 884 2221 905 mons-

1218 926 1313 955 travit
1331 926 1427 964 qnod.
1447 925 1586 955 ecclesia
1602 926 1810 955 Nannetensi
1828 926 1906 956 olim
1924 931 2053 964 pastore
2070 932 2218 962 vacante,

1218 979 1358 1008 dilectus
1382 979 1471 1008 filius
1496 979 1617 1008 nobilis
1636 979 1686 1008 vir
1707 1002 1725 1008 ..
1747 988 1855 1009 comes
1877 980 2051 1010 Britannie
2078 981 2223 1011 crucesi-

1218 1037 1347 1069 gnatus.
1369 1032 1464 1061 bonis
1481 1032 1628 1070 ejusdem
1648 1032 1786 1062 ecclesie
1803 1033 1864 1062 sub
1880 1033 2052 1063 occasione
2074 1034 2223 1065 custodie

1217 1084 1395 1122 occupatis.
1414 1093 1449 1113 ac
1466 1085 1610 1113 extensis
1630 1085 1784 1114 manibus
1801 1085 1841 1114 ad
1856 1085 2043 1123 diripienda
2059 1086 2145 1116 bona
2162 1086 2221 1116 ho-

1217 1137 1343 1166 minnm
1362 1141 1391 1166 et
1409 1137 1626 1166 vassallorum
1643 1137 1760 1175 ipsius,
1774 1138 1860 1167 dicto
1877 1138 2029 1176 episcopo
2045 1138 2222 1169 subvenire

1218 1191 1251 1219 in
1277 1191 1347 1220 suis
1369 1190 1625 1220 necessitatibus
1650 1190 1834 1226 solitorum,
1863 1200 1928 1220 non
1955 1196 2129 1222 contentus
2151 1200 2222 1230 pro-

1217 1243 1371 1272 ventibus
1395 1247 1426 1272 et
1446 1243 1632 1272 redditibus
1656 1243 1834 1277 consuetis,
1855 1243 1912 1282 qui
1933 1244 1973 1273 ad
1996 1253 2076 1282 opus
2098 1244 2222 1275 substi-

1219 1296 1331 1326 tuendi
1349 1296 1527 1334 pontificis,
1553 1296 1702 1326 deductis
1722 1297 1886 1334 expensis,
1909 1306 1966 1335 per
1993 1306 2068 1327 eum
2089 1306 2221 1328 conser-

1218 1349 1287 1378 vari
1318 1349 1498 1385 debebant,
1530 1349 1610 1379 adeo
1635 1349 1746 1387 predis
1774 1354 1804 1379 et
1837 1349 1982 1379 collectis
2014 1359 2049 1379 ac
2081 1350 2223 1380 diversis

1217 1402 1445 1432 exactionilms
1466 1401 1619 1432 homines
1644 1403 1788 1440 prefatos
1812 1403 1986 1440 oppressit,
2019 1402 2114 1441 quod,
2140 1411 2221 1440 pau-

1217 1459 1341 1493 pertate
1359 1459 1506 1493 cogente,
1525 1455 1621 1493 quasi
1639 1455 1863 1484 mendicitatis
1887 1455 1999 1485 subire
2023 1455 2222 1485 contristen-

1218 1513 1269 1538 tur
1295 1508 1518 1546 opprobrium,
1544 1508 1666 1546 quibus
1688 1508 1722 1536 in
1747 1508 1939 1537 divitiarum
1965 1507 2133 1537 affluentia
2153 1511 2223 1537 erat

1217 1562 1393 1591 diversitas
1414 1561 1630 1599 gaudiorum3
1654 1561 1767 1599 sicque
1793 1561 1829 1590 fit
1850 1561 1937 1599 quod
1962 1569 2075 1590 eorum
2098 1560 2218 1598 plureS,

1217 1614 1480 1644 habitationibus
1497 1613 1639 1652 propriis
1656 1613 1834 1648 derelictis,
1853 1613 1894 1643 ad
1909 1613 1974 1642 alia
1990 1613 2061 1642 loca
2076 1613 2110 1642 in
2127 1613 2222 1651 spiri-

1219 1671 1269 1696 tus
1294 1667 1515 1696 amaritudine
1539 1666 1771 1703 confugerunt.
1802 1667 1958 1696 Preterea
1982 1665 2089 1695 dictus
2113 1673 2222 1695 comes

1217 1720 1441 1758 decimasque
1467 1724 1545 1749 sunt
1561 1720 1628 1749 Deo
1651 1719 1686 1748 in
1706 1719 1838 1756 signum
1860 1718 2061 1748 universalis
2084 1717 2222 1748 dominii

1217 1778 1394 1808 reservate,
1413 1777 1598 1811 spectantes
1616 1773 1655 1802 ad
1669 1772 1843 1802 ecclesiam
1865 1772 2125 1807 Nannetensem‚
2143 1770 2220 1801 fecit

1216 1837 1273 1865 per
1290 1836 1366 1856 suos
1381 1826 1508 1865 bajulos
1525 1826 1678 1864 occupari
1693 1836 1698 1861 ;
1717 1825 1774 1864 qui
1797 1825 1897 1855 etiam
1919 1824 2069 1854 minimis
2088 1831 2221 1862 parcere

1218 1880 1415 1914 nescientes,
1441 1879 1538 1913 dolia,
1566 1879 1730 1908 fenestras
1756 1882 1787 1908 et
1813 1882 1923 1916 portas
1949 1877 1987 1907 de
2012 1877 2163 1907 domibus
2190 1879 2221 1906 et

1217 1932 1376 1962 maneriis
1393 1931 1636 1970 episcopalibus
1653 1935 1875 1970 asportarunt,
1895 1931 1942 1961 510
1959 1930 2089 1960 modum
2104 1929 2139 1959 in
2153 1928 2222 1959 hiis

1217 1990 1247 2015 et
1264 1985 1340 2015 aliis
1357 1985 1562 2020 excedentes,
1579 1989 1616 2014 ut
1632 1984 1684 2014 vix
1701 1984 1744 2014 sit
1762 1983 1920 2014 credibile
1936 1983 2023 2022 quod
2037 1982 2132 2021 plura
2148 1989 2220 2012 con-

1217 2042 1266 2067 tra
1290 2038 1396 2076 ipsam
1419 2037 1593 2067 ecclesiam
1614 2040 1645 2067 et
1661 2036 1821 2066 vassallos
1838 2044 1875 2066 ac
1897 2040 2112 2073 utrorumque
2135 2034 2222 2064 bona

1216 2091 1425 2128 Paganorum
1441 2089 1608 2119 hostilitas
1625 2089 1891 2128 presumpsisset.
1910 2088 1997 2125 Quid
2020 2087 2131 2117 ultra?
2147 2087 2221 2117 Pis-

1215 2152 1269 2173 ces
1286 2144 1325 2173 de
1344 2143 1449 2181 ipsius
1464 2142 1602 2172 ecclesie
1620 2142 1774 2180 piscariis
1793 2141 1921 2172 extrahi
1938 2145 1969 2171 et
1987 2141 2057 2170 suis
2072 2139 2218 2175 immitti,

1216 2206 1252 2226 ac
1269 2196 1370 2226 silvas
1387 2196 1535 2235 ejusdem
1552 2195 1678 2225 succidi
1689 2195 1827 2230 faciens,
1840 2194 1936 2233 plura
1952 2193 2016 2223 sibi
2029 2192 2222 2231 gravamina

1215 2259 1314 2288 quam
1330 2249 1442 2279 deceat
1461 2248 1617 2287 explicari
1635 2248 1769 2282 litteris,
1786 2247 1956 2285 irrogavit.
1977 2247 2015 2276 Et
2031 2252 2221 2284 quanquam

1215 2302 1339 2332 dictum
1356 2301 1509 2331 comitem
1530 2310 1587 2339 per
1605 2301 1727 2339 scripta
1750 2304 1863 2330 nostra
1886 2299 2077 2330 duxerimus
2096 2305 2219 2328 ammo-

1216 2356 1360 2386 nendum
1377 2360 1412 2385 ut
1428 2355 1536 2385 eidem
1552 2355 1704 2393 episcopo
1723 2358 1753 2384 01
1772 2353 1964 2383 hominibus
1980 2351 2050 2382 suis
2067 2351 2104 2381 de
2116 2349 2220 2380 illatis

1215 2409 1366 2447 dampnis
1394 2413 1425 2438 et
1454 2408 1589 2447 injuriis
1616 2407 1879 2437 satisfactionem
1909 2405 2116 2443 impenderet
2147 2411 2219 2433 con-

1215 2466 1398 2499 gruentem,
1424 2470 1489 2490 non
1516 2460 1623 2490 solum
1646 2460 1679 2489 id
1702 2460 1830 2490 efficere
1850 2458 1967 2493 noluit,
1993 2457 2104 2492 immo,
2134 2454 2220 2494 quod

1215 2519 1264 2544 est
1287 2514 1432 2552 gravius,
1451 2514 1611 2552 quosdam
1627 2512 1788 2542 vassallos
1805 2511 1953 2551 ejusdem
1970 2509 2114 2548 episcopi
2130 2511 2219 2546 post-

1215 2568 1347 2597 modum
1369 2567 1568 2605 quibusdam
1593 2565 1711 2596 salinis
1737 2569 1768 2595 et
1790 2564 1898 2594 vineis
1922 2567 2036 2593 contra
2053 2561 2220 2601 justitiam

1215 2620 1380 2658 spoliavit.
1397 2620 1465 2649 Nos
1483 2619 1596 2657 igitur,
1612 2627 1711 2656 super
1729 2618 1794 2647 hiis
1810 2617 1856 2646 ita
1869 2616 2042 2655 providere
2061 2613 2218 2648 volenteS‚

1214 2678 1249 2703 ut
1263 2673 1435 2711 proveniat
1457 2672 1623 2711 [episcopo
1639 2671 1797 2710 predicto]
1820 2674 1851 2700 01
1874 2668 2014 2700 ecclesie
2040 2669 2220 2697 memorate

1213 2726 1384 2761 solacium,
1403 2729 1434 2755 et
1452 2725 1617 2763 sepedicto
1633 2723 1745 2754 comiti
1761 2722 1879 2753 salutis
1901 2730 1937 2751 ac
1962 2721 2049 2751 fame
2073 2727 2138 2749 non
2156 2718 2220 2747 im-

1213 2779 1338 2808 mineat
1357 2778 1600 2812 detrimentum,
1624 2777 1663 2806 de
1679 2784 1820 2806 assensu
1841 2774 1948 2813 ipsius
1966 2777 1997 2803 et
2019 2795 2039 2802 ..
2062 2778 2220 2810 procura-

1215 2831 1294 2861 toris
1313 2831 1458 2869 episcopi
1474 2830 1658 2864 memorati,
1677 2828 1873 2858 mandamus
1895 2830 2058 2865 quatenus
2075 2823 2217 2854 eundem

1213 2884 1366 2914 comitem
1385 2883 1425 2913 ad
1441 2883 1687 2913 restitutionem
1702 2881 1906 2911 decimarum
1919 2877 2120 2917 huiusmodi,
2134 2874 2218 2905 veri-

1217 2941 1280 2967 tate
1297 2937 1439 2975 cognita,
1459 2935 1642 2966 monitione
1658 2934 1830 2973 premissa,
1850 2941 1908 2971 per
1924 2939 2098 2962 censuram
2118 2927 2219 2959 00010-
