2519 3518
128 321 185 350 445
985 312 1170 350 mxlEME
1191 312 1351 350 ANNEE.
2151 321 2209 351 446

130 387 211 414 nerio
229 387 372 420 Rolandi,
391 387 559 415 Crescentio
582 387 759 419 Bonacursi,
778 386 956 414 Thomasino
971 377 1126 420 Anc⁴on[i]-

130 433 221 470 tan[o]
239 443 272 462 ac
287 443 385 462 eorum
402 436 500 468 sociis,
517 435 727 462 mercatoribus
744 434 938 467 senensibus,
956 449 987 453 —
1003 442 1125 468 quorum

128 485 243 519 aliquos
251 493 326 519 ,mro
344 485 550 519 recuperandis
566 485 695 519 ipsorum
711 484 819 511 debitis
836 484 865 511 in
883 492 970 518 regno
986 483 1127 510 Franciae

129 535 355 566 commorantes,
365 533 401 560 ad
414 534 476 560 loca
487 533 603 560 diversa
619 532 744 559 distrahi
761 532 949 566 contingebat
963 531 1076 564 litibus,
1090 531 1127 558 ad

129 590 203 616 quae
216 581 352 608 accedere
364 590 420 608 non
435 584 568 616 poteraut
580 581 643 608 sine
657 581 738 614 gravi
754 589 850 607 rerum
864 580 1018 615 dispendio
1033 583 1061 606 et
1077 588 1127 614 pe-

129 630 222 657 riculo
234 638 434 664 personarum,
447 638 497 664 pro
510 638 542 656 eo
555 629 630 664 quod
644 629 846 663 spoliabantur
858 629 1017 660 interdum,
1030 628 1128 662 capie-

130 679 238 706 bantur
252 687 286 706 ac
300 679 389 706 etiam
407 679 649 711 vulnerabantur,
660 692 690 696 —
705 678 839 711 indulget
854 680 886 704 ut
902 678 1000 704 nullus
1015 685 1127 710 eorum,

130 727 161 754 in
177 735 264 761 regno
275 727 424 762 praedicto
437 735 545 753 moram
560 726 680 759 iaciens,
691 730 773 753 extra
783 725 980 753 Parisiensem
996 726 1043 752 vel
1058 725 1128 752 Bel-

129 783 285 802 vacensem
301 775 438 802 civitates
455 783 505 809 per
528 775 642 801 litteras
664 775 754 808 possit
774 774 947 808 apostolicas
963 773 1127 804 conveniri,

130 831 204 858 quae
225 823 261 850 de
283 823 486 857 praesentibus
509 830 676 857 expressam
701 830 757 848 non
783 821 906 849 iecerint
929 821 1127 852 mentionem;

131 871 333 906 praesentibus
370 873 433 905 post
471 870 707 905 quinquennium
744 870 868 896 minime
910 870 1056 896 valituris.
1096 884 1128 887 —

129 920 216 951 (Rae.
233 919 277 952 18,
293 920 312 946 f.
330 919 381 946 178
396 923 439 951 v‘*;
456 927 524 946 ann.
540 919 579 951 X,
596 918 701 950 e.162;
720 933 750 936 —
767 919 804 944 ci.
822 917 909 950 infra,
927 920 955 943 n⁰
971 916 1063 948 3278.)

172 1032 185 1046 «
199 1020 387 1053 Μοηιαηίηο,
403 1019 504 1048 devoto
518 1024 629 1049 nostro.
641 1019 776 1056 Spinello
786 1018 925 1053 Cavaica,
940 1016 1129 1055 Caponer[0],

130 1073 261 1102 Ranerio
278 1072 417 1107 Rolandi,
434 1072 600 1101 Crescenlio
617 1072 794 1105 Bonacursi,
814 1071 994 1100 Thomasino
1010 1071 1131 1099 Ancon-

131 1125 227 1164 tan[o]
249 1133 285 1154 ac
306 1134 407 1154 eorum
431 1125 535 1159 sociis,
560 1124 778 1153 mercatoribus
797 1123 988 1153 Senensitms.
1012 1123 1131 1152 Vestra

133 1177 228 1208 nobis
250 1177 379 1207 devotio
400 1194 449 1205 —-.
475 1177 548 1206 Dat.
567 1177 684 1209 Reate,
706 1176 784 1205 XVI
806 1175 963 1205 kalendas
986 1173 1130 1211 augusti,

132 1238 219 1260 anno
236 1229 374 1260 decimo,
394 1241 407 1255 n

203 1420 322 1448 3243
717 1418 807 1451 Rieti,
821 1417 855 1444 26
869 1418 968 1451 juillet
982 1417 1060 1444 1236.

168 1482 277 1510 Abbati
298 1484 326 1508 et
346 1481 504 1508 conventui
522 1479 804 1514 Aquicinctensibus
826 1481 872 1511 (=
887 1479 1019 1510 Anchin)
1039 1479 1133 1513 signi-

133 1532 201 1559 ficat
216 1539 246 1558 se
261 1530 395 1557 inhibere
415 1538 450 1556 ne
471 1537 521 1564 pro
536 1528 668 1556 curtibus
684 1529 731 1554 vel
747 1528 877 1562 grangiis
892 1535 964 1561 quas
980 1527 1010 1553 in
1027 1527 1132 1554 Came-

132 1579 262 1611 racensi,
289 1577 479 1606 Laudunensi
504 1579 533 1604 et
561 1576 739 1604 Tornaeensi
766 1575 948 1602 dioecesibus
973 1575 1130 1607 habebant,

133 1629 262 1655 locorum
283 1625 424 1654 ordinarii
445 1625 664 1660 procurationes
682 1624 718 1651 ab
737 1624 809 1658 ipsis
824 1623 945 1657 exigant
965 1625 1014 1650 vel
1034 1626 1132 1650 extor-

132 1678 252 1711 queant,
266 1677 317 1702 aut
329 1675 360 1702 in
376 1674 453 1709 ipsos
466 1676 495 1700 et
510 1674 541 1700 in
557 1673 686 1708 ipsorum
705 1673 851 1699 familiam
869 1672 916 1699 vel
933 1672 1005 1704 loca,
1015 1674 1132 1706 propter

132 1725 196 1757 hoe,
204 1722 530 1755 excommunicationis,
538 1721 738 1756 suspensionis
749 1722 796 1748 vel
807 1720 959 1748 interdicti
970 1721 1132 1747 sententias

132 1773 334 1808 promulgent,
352 1779 404 1798 nec
421 1771 458 1798 ab
477 1771 606 1805 ipsorum
623 1770 756 1797 eeclesiis
771 1772 799 1796 et
815 1768 992 1803 prioratibus
1003 1790 1010 1801 ,
1026 1769 1132 1795 visita-

133 1820 224 1848 tionis
239 1827 340 1852 causa‚
357 1819 575 1853 procurationes
592 1818 748 1852 recipiant,
763 1817 821 1844 nisi
837 1817 997 1844 secundum
1013 1817 1133 1843 Latera-

135 1868 235 1896 nensis
259 1867 377 1895 concilii
400 1869 511 1894 statuta
535 1866 709 1893 moderatas.
734 1880 765 1884 —
788 1866 875 1897 (Reo.
902 1864 949 1897 18,
974 1865 994 1891 f.
1018 1864 1069 1891 178
1089 1867 1132 1896 v⁹;

132 1925 203 1945 ann.
220 1916 263 1949 X,
280 1925 305 1942 e.
322 1916 395 1946 163.)

175 2028 189 2043 α
210 2038 230 2044 ..
249 2016 349 2044 abbati
364 2020 389 2044 e!
405 2015 568 2044 conventui
582 2013 886 2052 Aquicinlensi[bus],
899 2014 1019 2042 ordinis
1036 2014 1136 2042 sancti

134 2069 297 2102 Benedicti,
308 2068 508 2096 Atrebaiensis
519 2067 653 2095 diocesis.
668 2066 712 2095 Ex
725 2070 815 2103 parte
827 2069 934 2095 vestra
948 2065 1009 2094 suit
1023 2074 1134 2103 propo-

135 2122 237 2152 situm
250 2129 358 2150 coram
372 2119 467 2149 nobis
480 2119 576 2158 quod,
590 2127 665 2148 cum
678 2118 827 2148 habeatis
843 2118 876 2147 in
890 2118 1134 2154 Cameracensi,

136 2172 350 2204 Laudunensi
368 2176 397 2202 et
413 2171 614 2201 'fornacensi
637 2170 825 2199 diocesibus
847 2170 1005 2209 quasdam
1026 2174 1134 2200 curtes

137 2231 168 2256 et
187 2225 356 2264 grangias,
374 2224 408 2253 in
425 2223 546 2262 quibus
561 2226 738 2262 proventus
760 2227 937 2257 terrarum,
952 2223 1135 2260 possessio-

136 2286 217 2308 num
233 2281 264 2307 ct
282 2277 559 2306 nutrimentorum
578 2279 759 2305 vestrorum
782 2274 977 2304 animalium
999 2283 1135 2313 congre-

138 2330 239 2369 gatis,
257 2338 295 2359 ex
311 2329 431 2367 quibus
448 2327 648 2357 monasterio
665 2331 693 2356 ct
712 2327 911 2364 prioratibus
934 2328 1052 2357 vestris
1078 2336 1134 2357 ne-

137 2382 281 2413 cessaria
297 2390 355 2420 pro
371 2385 515 2418 tempore
531 2379 775 2413 ministrantur,
790 2378 844 2418 [et]
857 2379 897 2408 ad
911 2388 1049 2418 quarum
1061 2389 1136 2409 cus-

138 2435 259 2465 todiam
278 2434 444 2464 interdum
460 2432 653 2466 monachos,
670 2431 847 2470 aliquando
866 2441 942 2462 vero
962 2441 1136 2463 conversos

137 2487 266 2526 aliquos
283 2486 446 2524 deputatis
462 2495 468 2514 ε
486 2485 631 2515 locorum
647 2484 807 2513 ordinarii
825 2493 881 2522 pro
897 2484 1046 2515 curtibus
1065 2494 1137 2523 pre-

137 2540 235 2570 dictis
265 2543 295 2568 et
325 2538 472 2576 grangiis
502 2537 749 2575 procurationes
779 2545 795 2565 a
824 2536 916 2566 robis
947 2537 1080 2575 exigunt
1107 2542 1137 2567 et

137 2595 342 2630 extorquent,
360 2600 396 2621 ex
420 2599 457 2620 eo
479 2590 645 2619 dumtaxat
665 2589 870 2618 occasionem
888 2588 1068 2619 invalidam
1085 2598 1138 2619 as-

136 2647 318 2677 sumentes,
336 2642 422 2681 quod
438 2641 625 2680 aliquando,
641 2650 679 2670 ex
695 2640 917 2678 simplicitate,
937 2641 1028 2670 vobis
1044 2641 1138 2679 igno-

139 2695 290 2726 rantibus
304 2695 469 2725 interdum
484 2698 539 2724 aut
553 2694 590 2723 de
606 2693 722 2731 gratia,
735 2693 880 2722 exhibite.
896 2697 926 2723 et
942 2693 1138 2732 quandoque

140 2752 264 2780 extorto
280 2757 336 2786 per
353 2747 542 2777 violentiam
559 2747 592 2775 iu
610 2745 807 2785 quibusdam
824 2754 860 2775 ex
877 2745 973 2774 dictis
989 2746 1139 2775 curtibus

140 2810 200 2832 seu
224 2801 371 2839 grangiis
396 2801 596 2835 extiterunt,
625 2803 664 2830 ct.
694 2799 721 2827 si
748 2807 860 2828 eorum
885 2798 1047 2828 voluntati
1075 2807 1139 2829 non

140 2853 242 2884 fuerit
265 2853 488 2888 satisfactum,
511 2852 546 2881 in
568 2861 625 2882 vos
649 2856 680 2882 et
703 2850 865 2880 familiam
888 2855 917 2881 et
940 2850 1010 2880 loca
1031 2855 1140 2881 vestra

143 2905 509 2939 excommunicationis,
529 2903 759 2942 suspensionis
782 2907 813 2933 et
837 2903 1006 2933 interdicti
1029 2903 1140 2933 ferunt

141 2957 340 2991 sententias,
359 2965 546 2996 quanquam
568 2965 632 2986 non
654 2956 720 2985 sint
741 2955 787 2984 ibi
809 2954 962 2989 ecclesie,
982 2964 1041 2985 nec
1060 2956 1140 2985 visi·
1177 2985 1185 2993 ,

1209 385 1331 416 tatione
1357 386 1543 424 indigeant,
1573 396 1632 418 nec
1659 396 1804 426 unquam
1830 388 2061 418 consueverint
2087 388 2204 422 etiam,

1208 438 1274 467 nisi
1290 443 1453 477 quatenus
1469 448 1660 477 expressum
1676 445 1723 469 est
1740 440 1904 477 superius,
1924 449 1982 470 nec
1999 440 2139 470 debeant
2156 439 2206 468 vi-

1209 490 1314 525 sitari,
1332 491 1408 521 licet
1426 491 1591 521 interdum
1611 493 1643 521 in
1661 493 1814 522 oratoriis
1831 502 1893 531 que
1910 493 1944 522 in
1961 493 2108 529 grangiis
2125 492 2208 531 ipsis

1210 542 1354 578 habetis,
1374 543 1487 574 divina
1510 554 1568 582 per
1590 549 1734 574 vestrum
1760 545 1905 584 aliquem
1929 545 2156 580 celclircntur3
2177 549 2210 575 et

1209 604 1282 625 cum
1300 596 1333 625 in
1351 596 1500 626 ecclesiis
1516 601 1547 626 et
1565 597 1764 635 prioratibus
1785 598 1903 627 vestris
1928 598 2072 627 officium
2094 598 2210 627 visita-

1210 648 1310 678 tionis
1326 649 1530 687 impendunt,
1543 650 1747 679 evectionum
1765 654 1795 679 et
1810 659 2023 688 personarum
2038 649 2208 680 mediocri-

1211 704 1309 730 tatem
1332 710 1396 731 non
1418 706 1550 731 servant
1570 702 1603 731 in
1624 703 1839 732 Latet-anensi
1860 702 1999 732 concilio
2020 702 2207 732 diffinitam.

1210 754 1317 789 Quare
1341 753 1435 783 nobis
1456 753 1627 784 humiliter
1647 754 1857 792 supplicastis
1881 759 1913 783 ut
1935 764 2033 793 super
2051 754 2112 785 hoc
2130 763 2209 784 con-

1211 814 1327 842 gruum
1346 805 1527 835 remedium
1544 815 1757 845 apponamus.
1774 807 1930 837 Volentes
1944 808 2046 845 igitur
2059 798 2212 845 indemp-

1211 857 1307 886 nitati
1320 862 1426 887 vestre
1438 862 1573 896 paterna
1585 858 1808 889 sollicitudine
1821 869 2005 897 precavere,
2017 860 2212 890 auctoritate

1211 910 1415 948 presentium
1438 910 1586 941 districtc
1611 911 1801 942 inhibemus
1825 921 1864 942 ne
1889 913 2008 951 prefati
2032 913 2210 948 ordinarii,

1212 961 1299 991 veris
1315 962 1533 993 existentibus
1549 964 1761 1002 supradictis,
1781 973 1838 1003 pro
1855 966 2043 995 memoratis
2062 965 2212 995 curtibus

1213 1018 1244 1043 et
1255 1014 1403 1051 grangiis
1416 1017 1663 1053 procurationes
1675 1026 1692 1046 a
1707 1017 1798 1047 vobis
1812 1018 1941 1055 exigere
1955 1018 2005 1048 vel
2019 1023 2213 1056 extorquere

1213 1070 1416 1102 presumant,
1432 1071 1487 1096 aut
1502 1067 1536 1096 in
1553 1077 1620 1103 vos,
1638 1069 1798 1099 familiam
1815 1075 1846 1100 et
1862 1071 1931 1101 loca
1948 1077 2067 1108 vestra,
2082 1078 2214 1112 propter

1214 1116 1286 1149 hoc,
1297 1117 1486 1156 hujusmodi
1502 1121 1684 1150 sententias
1700 1123 1919 1161 promulgare,
1933 1133 1992 1155 nec
2006 1126 2046 1155 ab
2062 1126 2213 1157 ecclesiis

1214 1173 1245 1199 et
1262 1170 1462 1208 prioratibus
1480 1172 1578 1210 ipsis,
1595 1182 1669 1203 cum
1691 1174 1843 1210 visitant,
1862 1178 2108 1213 procurationes
2129 1179 2214 1209 reci-

1214 1222 1317 1260 piant,
1340 1223 1407 1253 nisi
1429 1225 1609 1254 secundum
1633 1226 1779 1265 ejusdem
1802 1232 1923 1258 statuta
1945 1231 2078 1260 concilii
2103 1232 2215 1262 mode-

1214 1280 1314 1305 ratas.
1334 1275 1426 1306 Nulli
1449 1285 1526 1314 ergo
1550 1282 1660 1308 nostre
1682 1279 1893 1311 inhibitionis
1914 1287 1975 1312 etc.
2000 1284 2034 1313 Si
2057 1285 2132 1323 quis
2155 1294 2215 1314 au-

1215 1331 1280 1358 tem
1312 1332 1371 1358 etc.
1408 1329 1481 1358 Dat.
1514 1331 1636 1366 Reate,
1667 1331 1730 1361 VII
1759 1332 1916 1364 kalendas
1948 1336 2096 1372 augusti,
2128 1345 2216 1367 anno

1215 1380 1351 1411 decimo.
1373 1394 1385 1407 n

1250 1503 1354 1526 324⁴.
1373 1515 1403 1518 —
1418 1502 1450 1528 In
1465 1502 1589 1528 eundem
1605 1503 1724 1530 modum
1735 1504 1844 1537 eisdem,
1861 1505 1891 1531 in
1903 1506 2108 1540 Ambianensi,
2122 1508 2216 1535 Mori-

1215 1548 1299 1575 nensi
1314 1551 1342 1575 et
1355 1548 1542 1576 Atrebatensi
1559 1550 1733 1578 diocesibus.

1286 1735 1404 1763 3245
1793 1739 1884 1772 Rieti,
1900 1739 1934 1766 29
1948 1740 2047 1774 juillet
2063 1742 2142 1769 1236.

1249 1796 1438 1824 Abbatissam
1462 1801 1490 1824 et
1515 1798 1657 1825 moniales
1684 1800 1855 1827 monasterii
1881 1800 1983 1829 Sancti
2007 1803 2156 1831 Francisci
2183 1805 2214 1832 in

1216 1844 1332 1872 Clausis
1339 1845 1587 1873 Cremonensibus
1598 1846 1652 1874 sub
1662 1855 1715 1874 sua
1723 1849 1903 1882 protectione
1914 1851 2048 1885 suscipit,
2056 1860 2214 1887 earumque

1215 1893 1291 1920 bona
1304 1896 1331 1920 et
1342 1895 1545 1927 possessiones,
1558 1898 1586 1922 et
1597 1896 1770 1923 donationes
1782 1897 1990 1933 libertatesque
2001 1901 2042 1927 eis
2055 1900 2092 1928 ab
2103 1901 2214 1928 Homo-

1215 1941 1304 1974 bono,
1322 1942 1513 1969 Cremonensi
1533 1943 1684 1977 episcopo,
1704 1953 1853 1972 concessas
1874 1947 2044 1979 continuam
2064 1957 2121 1975 una
2140 1949 2215 1977 libra

1215 1997 1298 2016 cerae
1308 1990 1463 2016 annuatim
1474 1990 1615 2017 Camerae
1623 1992 1810 2025 Apostolicae
1821 1995 2027 2027 persolvenda:
2042 1996 2150 2023 inserto
2161 1998 2215 2025 sub

1215 2045 1267 2064 sua
1282 2037 1363 2064 bulla
1379 2037 1521 2071 praedicti
1538 2039 1666 2073 episcopi
1683 2040 1848 2073 privilegio.
1865 2056 1895 2059 —
1912 2043 1998 2074 (lieo.
2016 2043 2059 2075 18,
2076 2045 2094 2070 f.
2111 2045 2161 2071 179
2174 2049 2213 2077 r';

1215 2094 1285 2112 ann.
1302 2086 1346 2118 X,
1363 2094 1388 2112 e.
1407 2086 1474 2117 164;
1492 2101 1524 2104 —
1542 2087 1696 2114 PorruasT
1709 2088 1819 2119 10215.)

1257 2198 1270 2212 α
1289 2209 1310 2214 ..
1327 2187 1471 2215 abbatisse
1488 2189 1667 2216 monasterii
1682 2189 1788 2218 Sancti
1801 2190 1958 2220 Francisci
1975 2193 2007 2220 in
2021 2193 2139 2222 Cleusis
2152 2195 2218 2223 Cre-

1218 2239 1446 2278 monen[sit›us],
1466 2241 1587 2277 ejusque
1609 2242 1762 2269 sororibus
1784 2244 1926 2274 inclusis.
1949 2250 2009 2273 lam
2029 2248 2219 2282 presentibus

1216 2301 1307 2329 quam
1333 2294 1463 2327 suturis,
1490 2294 1662 2330 reliyiosam
1691 2296 1784 2323 ritum
1809 2301 1862 2326 vic,
1890 2297 2090 2335 Religiosam
2118 2300 2218 2329 vitam

1217 2345 1417 2382 eligentibus
1437 2363 1486 2374 —.
1512 2347 1627 2375 Amen.
1648 2348 1763 2386 Amen.
1783 2349 1898 2378 Amen.
1923 2351 1993 2379 Dat.
2020 2352 2136 2382 Rmtte.
2161 2362 2219 2390 per

1217 2406 1351 2427 manum
1376 2398 1525 2435 magistri
1551 2398 1736 2442 Guillclmi,
1762 2401 1880 2431 Sancte
1905 2403 2050 2433 Romane
2072 2405 2218 2435 Ecclesie

1218 2444 1491 2480 vicecancellarii.
1501 2451 1567 2480 1111
1581 2450 1738 2481 kalendas
1750 2454 1893 2489 augusti.
1905 2454 2084 2485 indictione
2095 2457 2215 2492 V11112,

1219 2502 1462 2532 incarnationis
1478 2503 1648 2533 Dominicc
1665 2513 1751 2533 anno
1770 2506 2067 2537 310CC0XXXVL0'.
2087 2509 2218 2546 pontili-

1219 2559 1310 2584 catus
1334 2563 1409 2584 vero
1430 2554 1540 2584 domni
1557 2556 1707 2592 Gregorii
1724 2566 1804 2594 pape
1822 2558 1918 2587 VIIII
1935 2567 2022 2588 anno
2045 2560 2181 2590 ‹it-rimo.
2204 2573 2215 2586 r>

1291 2743 1432 2779 [3248]

1255 2804 1377 2840 [Charta
1393 2815 1460 2833 vero
1476 2806 1642 2833 donationis
1660 2807 1839 2839 Homoboni,
1857 2808 2061 2836 Cremonensis
2077 2811 2216 2846 episcopi,

1220 2853 1263 2880 sic
1278 2853 1385 2889 incipit
1399 2858 1425 2881 et
1442 2854 1551 2881 desinit
1569 2853 1587 2888 :]

1769 2746 1926 2779 Cremone,
1943 2748 1976 2774 19
1993 2749 2050 2775 mai
2068 2749 2146 2776 1233.

1262 2966 1275 2980 ει
1295 2954 1519 2989 Homobonus,
1538 2954 1749 2984 miseratione
1766 2954 1877 2984 divina
1896 2956 2067 2995 episcopus
2084 2958 2219 2989 Cremo-
