2423 3487
148 306 202 335 519
864 296 1100 327 REGISTREs
1122 294 1177 324 DE
1200 287 1421 323 GREGOIRE
1446 293 1504 322 ix.
2176 287 2232 317 520

150 370 269 405 vilegio
290 368 450 406 sequimi:
475 366 599 395 scilicet
616 370 649 394 ut
668 365 803 402 predicti
822 365 939 393 fratres
954 372 1008 400 prr
1024 362 1146 391 clericos

150 423 267 450 idoneos
288 422 423 449 ecelesias
444 420 479 447 ab
502 420 573 456 ipsis
593 420 623 446 in
643 419 714 446 locis
730 417 852 445 desertis
870 420 1058 445 constructas
1076 423 1144 443 011111

148 476 212 503 sui>-
226 474 359 510 plcbilms
377 473 496 500 caleant
512 472 690 507 (subernon-e.
704 470 791 506 ipsas
809 468 965 497 ecclesias
981 470 1146 503 exemptas

150 536 214 556 non
227 536 309 555 esse.
323 525 404 553 sicut
419 524 594 560 allegabas,
608 522 824 551 convincitur.
838 530 908 549 cum
923 529 999 549 cura
1015 519 1147 548 illarum

150 579 292 617 plebium
317 577 354 606 de
371 577 444 615 jure
471 586 487 604 a
507 575 692 604 diocesanis
709 575 863 603 duntaxat
882 571 1043 610 episcopis
1060 580 1148 599 coiu-

150 631 315 663 1uittatur;
342 633 472 666 propter
497 628 600 666 quod.
628 632 660 656 ut
688 627 811 655 sciatur
834 635 873 654 au
901 630 1006 653 rector
1031 623 1149 653 existat

150 682 303 712 idoneus.
322 686 369 710 est
393 680 537 718 episcopi
559 690 575 708 a
593 688 656 717 quo
674 678 858 707 animarum
877 686 988 705 curam
1014 675 1146 712 recipit,

150 734 292 765 examini
315 732 579 762 committendus.
600 732 667 760 Nec
693 736 745 759 tua
768 729 907 759 intentio
928 737 964 757 ex
991 737 1045 757 eo,
1064 728 1150 756 sicut

151 786 331 823 allegabas,
355 784 500 816 eliditur,
519 783 605 822 quod
633 783 776 820 prefatas
802 781 974 815 ecclesias,
996 788 1058 818 que
1086 778 1150 808 alie

150 843 285 878 possunt
304 846 440 867 censure
460 836 681 866 ecclesiastice
701 835 825 869 subici,
844 834 876 863 iu
893 833 1005 863 eodem
1023 841 1151 862 excom-

151 890 313 920 municari
333 889 382 919 vel
396 889 549 918 interdici
564 887 737 926 privilegio
753 887 956 924 prohibetur.

193 956 204 969 ιι
230 944 333 980 Super
358 952 394 972 eo
417 946 525 971 autem
547 940 690 978 capitulo
712 939 850 978 predicti
871 939 1037 977 privilegii
1059 939 1152 976 cujus

150 997 226 1027 talis
244 1001 290 1025 cst
312 1000 404 1025 tenor
423 1005 428 1023 :
447 995 587 1023 εἰει-10131
604 994 637 1022 cle
659 994 810 1022 laboribus
831 998 855 1021 el
872 993 944 1021 aliis
965 993 1049 1021 bonis
1065 1002 1081 1020 (1
1100 992 1153 1020 Deo

150 1051 294 1088 prestitis,
311 1049 422 1077 decime
439 1048 607 1076 redduntur
620 1056 637 1075 a
649 1047 816 1082 fratribus,
837 1046 917 1074 uncle
934 1046 1025 1074 libros
1041 1050 1065 1073 ct
1082 1054 1154 1073 ron-

151 1113 228 1141 φημι
247 1103 441 1131 ecelesiarum
462 1102 580 1136 faciant
603 1105 799 1133 ornamenta,
822 1104 847 1128 et
874 1100 905 1127 in
931 1099 1155 1128 necessitalibus

153 1157 286 1193 corporis
302 1155 514 1183 convenienter
529 1153 794 1190 sibiprocideanl,
813 1157 853 1185 el,
870 1153 896 1180 si
912 1152 1033 1188 aliquid
1048 1160 1153 1188 super-

152 1210 264 1244 lucrit,
289 1207 453 1237 secundum
477 1207 618 1243 mayislri
634 1206 859 1242 procidentiam
883 1205 1067 1242 pauperibus
1088 1214 1154 1233 ero—

153 1268 251 1300 qetur,
271 1259 443 1290 ostendere
461 1258 621 1288 nitebaris
638 1257 738 1296 quod,
758 1257 786 1287 si
802 1257 971 1287 solvantur
989 1256 1118 1286 clericis
1137 1266 1155 1286 a

154 1314 314 1344 fratribus
339 1312 433 1341 laicis
461 1311 603 1345 decime,
633 1315 709 1340 sunt
736 1315 844 1340 tamen
871 1310 979 1339 debite
1009 1319 1046 1339 ex
1073 1309 1156 1348 ipsis

155 1367 292 1397 decimis
310 1365 473 1403 episcopis
490 1364 585 1394 tertie
602 1363 802 1397 deducende,
822 1363 910 1401 quia,
929 1372 1000 1392 cum
1027 1362 1156 1392 clericis

156 1419 276 1450 solutio
299 1418 501 1448 decimarum
524 1417 730 1447 conceditur.
754 1416 992 1445 nichilominus
1017 1416 1050 1445 in
1074 1415 1157 1453 ipsis

152 1474 206 1512 jus
222 1472 448 1510 episcoporum
460 1470 626 1507 integrum
640 1474 839 1499 reservatur.
855 1470 922 1498 Nec
935 1469 1031 1498 etiam
1047 1468 1158 1507 hujus-

156 1525 241 1554 modi
271 1523 391 1553 solutio
424 1523 463 1552 ad
488 1523 633 1552 decimas
662 1522 898 1560 acquisitorum
929 1525 1000 1559 post
1031 1526 1158 1559 tempus

157 1577 289 1607 concilii
314 1575 477 1613 generalis
501 1575 630 1605 extendi
651 1575 773 1612 potuit,
794 1575 880 1613 quod
897 1574 1159 1612 parrochialibus

158 1629 307 1660 ecclesiis
330 1629 362 1658 in
380 1628 569 1667 hujusmodi
591 1627 764 1666 acquisitis
783 1627 1014 1665 religiosorum
1036 1627 1160 1657 auferri

158 1682 301 1712 decimas
320 1681 501 1711 interdixit.

200 1747 212 1761 >i
238 1735 286 1764 Ad
304 1735 365 1764 ista
387 1743 463 1763 vcro
482 1734 515 1762 in
539 1733 741 1763 contrarium
763 1733 953 1763 occurrebat
976 1733 1078 1772 quod,
1097 1733 1158 1763 etsi

159 1788 197 1818 de
226 1787 306 1817 locis
338 1786 422 1820 illis,
453 1786 539 1824 quod
567 1786 763 1824 quandoque
790 1785 1057 1816 Christianorum
1087 1786 1159 1815 fue-

161 1841 246 1873 rint,
272 1839 381 1878 aliqua
410 1839 572 1876 scriptura
598 1839 722 1873 innuit,
750 1843 858 1867 tamen
882 1838 914 1867 id
938 1838 1005 1877 jam
1036 1838 1068 1867 in
1093 1847 1162 1868 me-

161 1893 263 1922 moria
291 1891 463 1921 11011111111111
490 1900 554 1920 11011
583 1891 715 1926 existitg
744 1890 890 1929 alioquin
916 1891 1028 1920 eodem
1053 1899 1162 1920 errore

160 1944 279 1983 poterit
303 1944 396 1981 argui
419 1944 453 1972 in
479 1943 651 1973 hominum
675 1943 832 1972 memoria
856 1943 970 1972 mundi
993 1943 1162 1972 exordium

161 1996 335 2027 contineri.
366 1996 497 2026 Presate
527 1996 649 2025 etenim
681 1995 818 2025 ecclesie
847 1995 881 2024 in
911 1995 992 2024 locis
1025 1995 1164 2025 deseitis

162 2050 202 2079 ab
234 2049 333 2087 ipsis,
366 2048 515 2078 concessi
547 2048 611 2077 sibi
644 2048 809 2086 privilegii
843 2049 1054 2082 auctoritate,
1087 2057 1165 2078 con-

163 2106 298 2135 structe,
317 2110 353 2130 ea
374 2101 518 2138 reputari
541 2101 660 2130 debent
682 2105 829 2138 exempte
852 2101 1005 2138 precipue
1026 2101 1164 2134 ratione,

164 2154 249 2192 quod
271 2163 288 2183 a
311 2154 511 2183 decimarum
534 2157 564 2183 et
585 2153 761 2192 cujuslibet
779 2154 826 2183 rei
851 2154 1019 2183 exactione
1045 2158 1075 2183 et
1096 2153 1167 2191 lege

164 2206 349 2239 diocesana,
366 2206 450 2234 sicut
466 2205 553 2235 idem
566 2206 688 2235 Lucius
705 2205 859 2241 declarat,
874 2210 951 2235 sunt
967 2205 1081 2241 libere,
1095 2215 1166 2241 nec,

165 2258 346 2288 secundum
362 2257 573 2295 privileg-*ium
594 2257 807 2295 Alex[andri],
826 2258 1001 2296 quisquam
1021 2258 1168 2288 diocesa-

166 2320 228 2340 nus
259 2311 293 2339 in
323 2319 377 2340 eos
409 2310 758 2340 excommunicationis
787 2310 838 2340 vel
866 2311 1034 2340 interdicti
1063 2315 1169 2349 potest

167 2362 350 2393 sententias
366 2361 586 2400 promulgare.
608 2363 731 2391 Etcum
747 2363 890 2392 decimas
907 2362 944 2392 de
957 2362 1125 2393 laboribus
1139 2367 1170 2393 et

167 2415 243 2444 aliis
260 2414 354 2444 bonis
368 2414 437 2443 suis
453 2414 670 2443 conventibus
687 2414 879 2444 clericorum
895 2423 1028 2444 suorum
1043 2415 1169 2445 solvere

167 2471 353 2501 teneantur,
379 2475 443 2495 non
466 2470 603 2504 possunt
620 2475 677 2503 per
693 2466 885 2496 diocesanos
903 2467 942 2495 ab
958 2466 1026 2495 illis
1044 2468 1171 2506 requiri

167 2520 304 2554 decime,
331 2519 365 2548 in
391 2527 530 2557 quorum
557 2528 622 2553 non
648 2519 810 2556 contingit
838 2528 893 2549 eas
918 2519 1034 2549 usibus
1063 2530 1170 2550 rema—

169 2581 260 2602 nere.

210 2637 222 2651 »
239 2626 306 2655 Nos
323 2624 436 2662 igitur,
455 2624 541 2654 dicto
556 2623 741 2662 privilegio,
757 2634 793 2653 ac
810 2625 937 2654 duabus
953 2625 1171 2663 indulgentiis

168 2678 263 2708 Lucii
277 2677 424 2716 ejusdem
435 2673 458 2711 ²,
475 2684 614 2715 quarum
630 2686 693 2706 una
708 2676 824 2715 incipit
838 2687 843 2705 :
857 2678 890 2707 Si
905 2678 1026 2711 velletis,
1043 2682 1071 2707 et
1088 2677 1169 2707 alia:

167 2731 365 2765 Attendentes,
387 2729 558 2768 inspectis,
577 2734 607 2759 et
623 2729 802 2759 intellectis
819 2729 885 2759 11115
903 2734 932 2760 et
945 2729 1031 2764 aliis,
1047 2730 1085 2760 de
1104 2731 1172 2760 sra-

204 2861 223 2883 1.
240 2860 341 2887 Missa,
359 2862 458 2883 Pati-ol.
477 2862 533 2889 lah,
551 2862 621 2890 10111,
638 2862 688 2885 cot.
707 2861 772 2885 1028.

200 2904 224 2927 ’2.
245 2904 276 2927 .10
297 2904 348 2927 n'ai
370 2912 418 2934 pas
440 2904 536 2927 trouve
555 2905 622 2928 dans
638 2905 662 2928 la
678 2905 804 2928 nouvelle
821 2904 924 2928 edition
945 2904 992 2928 des
1009 2907 1120 2935 Reqesta
1139 2907 1173 2930 do

171 2947 256 2972 dai-“Fri
271 2949 309 2971 105
326 2948 397 2971 deux
413 2949 500 2972 buttes
515 2949 548 2972 de
566 2948 666 2972 Lucius
680 2949 741 2979 [1112
757 2949 846 2972 visees
863 2949 906 2973 ici.

1226 364 1313 388 trum
1340 363 1525 387 nostrorum
1551 356 1700 391 consilio,
1730 364 1787 393 per
1810 354 1869 384 illa
1888 354 1988 384 verba
2008 353 2176 392 privilegii
2198 355 2232 383 1η

1226 413 1367 449 speciales
1386 417 1412 439 c!
1426 412 1566 448 proprios
1583 410 1709 438 Ecclesie
1727 409 1858 437 Romane
1875 408 1956 444 filios
1976 416 2027 436 vos
2046 407 2229 449 recipimus,

1227 463 1331 492 dictos
1349 464 1467 492 fratres
1487 466 1652 499 exemptos
1669 469 1733 490 non
1752 459 1907 497 intelligi,
1925 464 1956 489 et
1970 459 2060 498 ipsos
2077 459 2233 490 0111110111

1228 515 1377 553 proprios
1394 514 1540 553 ejusdem
1561 513 1706 543 Ecclesie
1729 512 1815 542 filios
1838 512 1943 542 fuisse
1965 516 2129 550 receptos,
2147 511 2236 550 quod

1229 569 1269 598 ab
1287 568 1351 597 alio
1367 577 1464 606 quam
1483 568 1632 596 Romano
1650 566 1822 599 Pontitice,
1840 565 1891 595 vel
1909 565 2016 603 legato
2033 565 2073 594 ab
2097 565 2168 604 ejus
2186 565 2235 595 la-

1229 627 1297 651 tere
1326 621 1501 654 destinato,
1528 619 1682 649 interdici
1711 618 1762 648 vel
1787 618 2065 648 excommunicari
2091 627 2156 647 non
2179 627 2235 647 va-

1229 674 1332 706 leant,
1354 673 1570 706 declarantes,
1593 671 1687 701 illum
1709 671 1816 701 locum
1835 671 1985 700 desertum
2007 671 2042 699 in
2061 670 2234 708 premissis

1229 725 1462 762 intelligimus,
1483 725 1551 763 qui,
1571 733 1634 754 non
1652 723 1821 753 habitatus
1837 723 1970 761 penitus
1987 732 2093 761 neque
2114 722 2234 758 cultus,

1231 778 1316 807 ultra
1342 778 1535 807 memoriam
1564 777 1753 812 hominum,
1783 776 1965 806 secundum
1994 775 2237 813 indulgentiam

1232 831 1338 861 Lucii.
1361 836 1410 860 est
1432 831 1493 860 sub
1517 831 1775 860 Sarraccnorum
1793 833 1953 867 potestate
1976 829 2140 863 detentus,
2165 837 2238 858 cen-

1233 888 1344 913 sentes
1370 882 1527 912 ecclesias
1553 883 1587 912 in
1614 881 1736 912 talibus
1762 881 1902 912 desertis
1933 890 1950 910 a
1973 881 2133 911 fratribus
2155 880 2238 919 ipsis

1234 940 1440 966 constructas
1459 944 1517 965 seu
1535 935 1634 965 etiam
1651 934 1901 969 construendas,
1919 933 1954 962 in
1971 942 2008 963 eo
2026 933 2124 971 plena
2137 933 2240 963 liber-

1235 993 1299 1019 tate
1319 988 1472 1026 gaudere,
1492 992 1537 1022 ut,
1554 987 1734 1017 secundum
1751 986 1994 1024 indulgentiam
2011 986 2117 1021 Lucii,
2134 984 2240 1016 nichil

1235 1041 1275 1071 ab
1293 1042 1391 1079 ipsis,
1409 1041 1492 1078 legis
1510 1041 1684 1070 diocesano
1705 1040 1854 1074 nomine,
1873 1038 1979 1069 valeat
1997 1047 2054 1077 per
2070 1039 2241 1077 episcopos

1236 1095 1334 1132 exigi,
1355 1099 1396 1129 et,
1416 1094 1598 1123 secundum
1621 1092 1831 1131 privilegium
1848 1091 2065 1130 Alex[and1·i].
2084 1100 2149 1121 non
2166 1099 2242 1129 pos-

1237 1149 1303 1178 sint
1319 1148 1496 1177 interdicto
1511 1151 1567 1176 aut
1583 1145 1917 1176 excommunicationi
1933 1145 2090 1183 supponi3
2109 1144 2242 1184 quasin

1236 1201 1318 1231 locis
1335 1200 1525 1239 hujusmodi
1541 1199 1621 1229 dicti
1639 1199 1758 1228 fratres
1775 1198 1935 1228 habentes
1955 1202 2168 1236 potestatem,
2186 1205 2243 1236 pe-

1239 1255 1297 1283 tita
1324 1263 1342 1283 a
1363 1253 1445 1283 Sede
1468 1252 1655 1291 Apostolica
1678 1251 1829 1286 lieentia,
1847 1250 2078 1285 construendi,
2097 1259 2152 1280 eas
2169 1258 2244 1280 cum

1238 1307 1308 1337 suis
1324 1306 1477 1345 plebibus
1493 1315 1551 1344 per
1567 1314 1644 1335 suos
1661 1304 1798 1334 clericos
1814 1303 1996 1333 0ubernent
2012 1303 2160 1338 idoneos,
2173 1302 2242 1342 qui,

1238 1360 1366 1390 ratione
1389 1359 1552 1398 plebium,
1579 1357 1791 1388 examinandi
1815 1356 1978 1394 episcopis
1998 1360 2243 1394 presentemur,

1238 1418 1274 1443 ut
1290 1413 1330 1442 ab
1349 1413 1397 1442 eis
1413 1421 1526 1442 euram
1544 1412 1705 1450 recipiant
1723 1410 1921 1444 animarum,
1937 1418 2011 1439 cum
2030 1409 2142 1448 plebes
2158 1409 2246 1447 epis-

1240 1467 1329 1505 copis
1351 1466 1418 1496 sint
1440 1465 1598 1504 subjecte.
1622 1465 1776 1495 Ceterum
1796 1463 1875 1492 dicti
1896 1463 2016 1492 fratres
2038 1462 2182 1492 decimas
2207 1461 2247 1492 de

1240 1518 1409 1548 laboribus
1426 1523 1456 1548 ct
1473 1517 1647 1547 novalibus
1665 1517 1745 1551 suis,
1761 1525 1842 1554 quos
1859 1515 2002 1553 propriis
2019 1515 2174 1545 manibus
2191 1518 2248 1545 aut

1242 1572 1428 1610 sumptibus
1446 1571 1609 1606 excolunt,
1628 1574 1658 1600 et
1675 1569 1751 1600 aliis
1767 1569 1864 1598 bonis
1883 1568 1948 1598 sibi
1964 1578 1980 1598 a
2000 1569 2068 1598 Deo
2086 1568 2245 1606 prestitis,

1242 1625 1459 1655 conventibus
1485 1624 1681 1654 clericorum
1703 1622 1831 1652 ordinis
1852 1621 1920 1656 sui,
1945 1630 1964 1650 a
1985 1621 2107 1660 quibus
2132 1625 2250 1660 quarta

1243 1677 1293 1707 vel
1311 1677 1405 1707 tertia
1425 1677 1616 1706 nullatenus
1638 1676 1798 1713 exigatur,
1821 1683 1895 1704 cum
1913 1674 2105 1712 integritate
2124 1674 2250 1713 persol-

1243 1734 1337 1760 vant.
1361 1729 1450 1759 salvo
1471 1728 1696 1758 moderamine
1717 1727 1838 1766 prefati
1858 1726 1992 1757 concilii
2014 1727 2194 1765 generalis3
2214 1727 2249 1757 in

1244 1783 1320 1813 aliis
1337 1792 1450 1813 eorum
1467 1781 1737 1820 possessionibus
1750 1781 1824 1819 jure
1843 1780 2011 1810 communi
2027 1789 2085 1810 seu
2104 1780 2251 1818 quolibet

1244 1836 1309 1866 alio
1337 1835 1487 1865 ecclesiis
1517 1833 1782 1873 parrochialibus
1811 1836 1842 1862 et
1871 1832 2058 1862 diocesanis
2088 1832 2251 1871 episcopis

1245 1893 1423 1919 reservato.
1448 1889 1510 1918 Per
1532 1887 1790 1917 declarationem
1813 1890 1923 1915 autem
1944 1885 2136 1924 hujusmodi
2156 1885 2252 1916 nolu-

1244 1950 1318 1971 mus
1335 1941 1410 1971 aliis
1426 1940 1679 1970 defensionibus
1696 1948 1755 1969 seu
1773 1938 1908 1978 juribus
1927 1938 2070 1976 partium
2086 1938 2250 1977 derogari.

1245 1995 1319 2023 Dat.
1345 1995 1552 2028 Interamne,
1575 1993 1690 2022 XVIII
1710 1991 1871 2021 kalendas
1893 1991 2059 2030 januarii,
2085 1999 2172 2021 anno
2196 1991 2253 2022 de-

1246 2055 1343 2076 cimo.
1366 2059 1378 2072 n

1321 2211 1437 2239 3406
1770 2209 1870 2243 Terni‚
1886 2209 1920 2236 19
1935 2209 2090 2236 decembre
2104 2209 2184 2237 1236.

1285 2273 1430 2309 Episcopo
1447 2276 1476 2300 et
1499 2272 1681 2300 thesaurario
1697 2271 1947 2304 Cicestrensibus,
1965 2286 1997 2289 —
2013 2279 2096 2305 cum,
2116 2271 2196 2299 inter
2209 2279 2266 2299 arr

1251 2322 1459 2349 ehidiaeonuni
1470 2321 1716 2349 Cantuariensem
1731 2323 1759 2347 et
1770 2320 1833 2354 ejus
1847 2320 1998 2353 officiales,
2008 2328 2043 2347 ex
2055 2323 2138 2354 parte
2148 2329 2218 2354 una,
2228 2323 2256 2348 et

1251 2371 1425 2405 magistrun]
1440 2371 1487 2403 R„
1498 2372 1640 2397 rectorem
1658 2369 1799 2396 eeclesiae
1814 2369 1850 2395 de
1864 2368 1950 2397 Clive
1962 2370 2007 2402 (=
2023 2368 2110 2397 Cliffe
2125 2371 2156 2396 at
2169 2369 2255 2402 Ηοο),

1251 2427 1286 2446 ex
1297 2420 1400 2452 altera,
1409 2427 1495 2453 super
1505 2417 1739 2445 archidiaconali
1750 2417 1958 2451 jurisdictione
1969 2426 2058 2451 quam
2071 2417 2151 2444 idem
2163 2417 2258 2445 archi-

1251 2467 1407 2500 diaconus,
1422 2467 1546 2493 eeclesia
1562 2466 1771 2494 Cantuariensi
1788 2468 1928 2499 vacante,
1943 2466 1975 2492 in
1988 2466 2069 2493 dieta
2084 2465 2208 2493 ecclesia
2222 2465 2258 2493 de

1253 2516 1348 2548 Clivc,
1366 2516 1512 2543 Roffensis
1528 2515 1686 2548 dioecesis,
1704 2523 1777 2550 quae
1793 2515 1877 2542 nulla
1897 2518 1960 2542 erat
1978 2515 2034 2542 sibi
2052 2515 2258 2550 jurisdictione

1252 2564 1383 2597 subjecta
1393 2585 1399 2596 ,
1416 2564 1612 2590 contendebat
1628 2563 1750 2596 habere,
1767 2571 1821 2590 1100
1841 2571 1898 2589 11011
1914 2571 2001 2598 super
2016 2564 2142 2598 quadam
2157 2563 2260 2598 appel-

1253 2612 1362 2638 latione
1383 2612 1558 2646 interposita
1580 2615 1608 2638 et
1634 2611 1811 2645 quibusdam
1833 2612 2176 2639 excommunicationum
2196 2619 2260 2639 sen-

1253 2660 1355 2687 tentiis
1379 2660 1588 2694 promulgatis,
1609 2660 1741 2694 quaestio
1763 2659 1868 2686 suisset
1892 2660 2019 2694 agitata,
2036 2669 2177 2695 cumque,
2196 2662 2261 2696 post

1253 2709 1352 2742 longos
1378 2716 1543 2742 processus,
1565 2708 1743 2742 quibusdam
1768 2716 1785 2735 a
1808 2708 1884 2735 Sede
1904 2709 2077 2743 Apostolica
2100 2709 2138 2737 ab
2159 2709 2260 2737 eodem

1253 2760 1364 2783 rectore
1379 2758 1414 2783 ad
1429 2757 1565 2784 abbatem
1584 2757 1620 2784 de
1639 2758 1748 2784 Sancto
1763 2757 1880 2784 Albano
1897 2758 2018 2792 ejusque
2037 2759 2206 2793 conjudices
2225 2765 2260 2786 ex

1253 2804 1541 2840 consensu'partiuui
1557 2806 1665 2833 litteris
1681 2806 1865 2840 impetratu,
1882 2809 1910 2833 et
1925 2807 2066 2841 Aegidio,
2084 2807 2261 2835 Sanctorum

1255 2854 1377 2881 Cosmae
1402 2854 1592 2881 etDamiaui
1615 2854 1738 2880 diacono
1762 2854 1924 2887 cardinali,
1947 2863 1964 2882 a
1992 2855 2068 2882 Sede
2089 2855 2262 2890 Apostolica

1254 2901 1387 2934 partibus
1403 2902 1535 2928 auditore
1555 2910 1705 2933 00000550,
1723 2901 1819 2935 ipsum
1838 2902 2005 2935 negotium,
2020 2903 2090 2937 quia
2109 2911 2161 2938 pro
2180 2906 2262 2938 parte

1254 2949 1457 2977 archidiaconi
1471 2951 1586 2982 0111105,
1603 2949 1662 2976 nisi
1678 2949 1799 2984 quidam
1815 2949 1972 2978 dumtaxat
1987 2951 2024 2978 ad
2039 2951 2261 2986 impetrandum
