2519 3518
154 325 225 355 ¹225
993 324 1215 361 DOUZIEME
1239 325 1396 361 ANNEF..
2167 336 2239 364 1226

150 397 296 422 moratus
304 402 403 432 super
411 395 472 424 hoc
481 395 599 425 celeris
606 395 806 433 provisionis
817 396 961 426 remedio
971 395 1154 427 subveniri.

149 452 184 474 se
195 445 405 476 cautionibus
414 447 580 481 offerens¹.
592 457 674 486 quas
683 448 988 486 observantiajuris
999 448 1154 486 exposcit.

150 497 236 527 Sane
251 498 476 529 intelleximus
493 500 579 538 quod
595 499 773 539 aliquando
790 501 854 530 fuit
878 510 977 539 super
998 500 1155 538 predictis

149 549 237 579 inter
254 556 361 588 partes
385 551 423 581 de
449 552 686 590 compositione
712 557 898 587 tractatum,
924 558 1019 590 prout
1040 552 1155 582 cedula

150 603 308 638 continet,
324 613 422 642 quam
439 605 500 635 sub
514 605 603 635 hulla
619 610 732 635 nostra
749 606 912 635 mittimus
927 605 1153 635 interclusam.

149 655 235 692 Quia
268 666 343 687 vero
371 666 609 696 nonnunquam
636 658 805 688 intercidit
836 658 964 688 utiliter
991 659 1155 696 composi-

151 709 251 739 tionis
268 710 475 747 providentia
493 710 583 740 lites.
605 720 687 750 quas
701 711 903 749 judiciorum
920 712 1079 749 strepitus
1091 711 1154 741 dis-

149 762 306 799 pendiose
323 763 504 798 continuat,
518 763 714 793 mandamus
731 769 895 802 quatenus
910 764 1093 802 predictum
1106 774 1153 793 ar-

149 814 395 854 chiepiscopum
414 821 457 851 ut,
480 821 651 854 postquam
670 817 816 854 prefatus
836 813 1155 855 nohilisjuraverit²

150 868 331 897 secundum
346 869 486 898 formam
498 869 532 898 in
544 869 726 907 prescripta
736 869 851 899 cedula
868 869 1151 907 comprehensam,

148 925 347 950 memoratas
362 921 714 951 excommunicationis
731 926 761 951 ct
779 921 949 951 interdicti
969 922 1152 951 sententias

148 972 235 1002 infra
266 973 376 1004 decem
407 974 478 1003 dies
506 974 578 1003 sine
613 973 760 1012 qualibet
790 974 983 1004 difficultate
1017 974 1149 1009 relaxet,

147 1025 325 1063 diligenter
340 1035 475 1056 moneas
494 1031 522 1056 et
540 1027 690 1056 inducas.
708 1026 801 1062 Quod
816 1027 844 1056 si
861 1027 945 1056 sorte
962 1036 1037 1065 pars
1058 1027 1153 1056 Bitu-

147 1079 287 1108 ricensis
305 1079 476 1117 premissis
494 1079 638 1109 noluerit
659 1088 731 1109 esse
747 1084 910 1115 contenta,
938 1085 983 1113 tu,
1008 1080 1152 1118 prefatas

147 1132 342 1166 sententias.
361 1132 390 1162 si
404 1141 459 1162 eas
477 1141 534 1170 pro
553 1132 731 1162 manifesta
747 1132 874 1162 offensa
892 1133 949 1162 tibi
966 1133 1152 1162 constiterit

147 1193 219 1214 esse
230 1184 324 1221 latas,
341 1185 453 1214 eodem
467 1185 570 1214 nobili
587 1189 754 1223 prestante
767 1185 921 1223 primitus
933 1185 1151 1215 sufficientem

146 1238 328 1274 emendam,
349 1238 497 1277 alioquin
524 1239 563 1268 ab
588 1238 660 1276 ipso
683 1247 740 1276 pro
762 1238 872 1268 dubiis
892 1239 1044 1268 cautione
1061 1239 1152 1268 suffi-

145 1291 247 1320 cienti
266 1296 406 1329 recepta,
425 1291 519 1330 juxta
543 1291 683 1320 formam
706 1291 864 1326 Ecclesie,
890 1291 1036 1329 periculo
1062 1300 1152 1320 more

145 1343 286 1377 sublato,
305 1344 467 1379 relaxans,
486 1353 618 1374 causam
640 1344 789 1373 remittas
812 1344 852 1373 ad
873 1344 1003 1382 judices
1029 1353 1153 1373 memo-

145 1401 245 1427 ratos
264 1401 298 1426 ut
316 1396 494 1435 procedant
513 1397 547 1425 iu
566 1396 625 1425 illa
637 1396 731 1434 juxta
747 1396 894 1433 priorum
913 1396 1152 1426 continentiam

144 1449 342 1479 litterarum.
375 1450 448 1479 Dat.
480 1449 645 1483 Laterani,
676 1449 743 1478 1111
774 1457 879 1478 nonas
909 1449 1033 1483 martii,
1066 1458 1152 1478 anno

143 1501 348 1532 duodecsmo.
367 1515 379 1528 »

211 1673 328 1702 423¹?

178 1737 285 1764 Forma
299 1737 461 1770 juramenti
477 1745 532 1770 qua
550 1735 828 1771 [Archembaudus],
841 1736 979 1762 dominus
997 1736 1149 1769 Borbonii,

142 1785 291 1819 promittit
306 1794 336 1812 se
351 1785 605 1820 archiepiscopum
621 1788 649 1812 et
663 1786 816 1812 ecclesiam
831 1785 1032 1812 Bituricenses
1048 1788 1150 1812 contra

143 1835 304 1861 haereticos
319 1838 348 1861 et
370 1834 494 1861 rebelles
509 1843 570 1861 esse
588 1835 771 1868 adjuturum.
794 1849 825 1852 —
847 1835 934 1866 (Rae.
951 1834 994 1864 19.
1013 1835 1032 1860 f.
1051 1834 1085 1860 72
1101 1838 1147 1866 v·;

139 1891 210 1909 ann.
228 1883 295 1915 xil,
313 1891 337 1909 c.
354 1883 428 1913 395.)

183 1997 195 2010 «
214 1985 507 2021 Formajztramenti
521 1984 653 2021 ejusdem
669 1984 789 2012 nobilis.
810 1983 876 2020 Ego
895 1983 1048 2012 dominus
1066 1983 1147 2012 Bor—

141 2037 232 2066 honii
253 2037 408 2075 promitto
426 2037 512 2076 quod
537 2036 759 2066 venerabilem
777 2041 902 2074 patrem
926 2036 1147 2074 archiepisco-

142 2099 217 2128 pum
242 2094 273 2119 et
295 2089 467 2119 ecclesiam
490 2088 754 2128 Bituricen[ses].
777 2089 908 2127 quando
924 2090 1018 2119 fuero
1037 2090 1148 2127 requi-

141 2144 238 2177 situs,
269 2151 342 2172 cum
376 2129 573 2172 communia
591 2142 812 2171 Bituricensis
839 2141 992 2176 diocesis
1013 2142 1146 2179 juvabo,

142 2196 324 2226 secundum
362 2200 514 2225 naturam
552 2200 582 2225 et
619 2194 813 2233 qualitatem
854 2194 993 2231 negotii.
1034 2200 1147 2224 contra

143 2250 307 2280 hereticos
337 2254 368 2279 et
398 2253 568 2287 suspectos
595 2248 630 2277 in
660 2248 734 2278 fide.
770 2253 801 2278 et
832 2247 970 2277 rebelles
1001 2248 1147 2287 ejusdem

143 2302 384 2340 archiepiscopi
412 2306 443 2332 et
464 2301 603 2331 ecclesie
629 2301 827 2338 supradicte.
856 2301 1016 2330 Promitto
1049 2301 1148 2331 etiam

142 2356 228 2395 quod
245 2356 306 2385 hoc
319 2356 508 2394 juramento
524 2354 673 2388 firmabo.
693 2353 968 2392 quandocumque
988 2363 1149 2392 apparue-

143 2409 185 2438 rit
206 2418 257 2438 nie
278 2408 329 2438 vel
349 2408 492 2446 aliquem
517 2407 555 2437 de
579 2406 869 2445 predecessoribus
886 2407 978 2440 meis.
1005 2406 1148 2437 dominis

142 2459 313 2494 Borhonii.
332 2458 517 2496 prestitisse
537 2457 727 2496 hujusmodi
741 2458 979 2496 juramentum,
996 2457 1048 2501 ‘vel
1066 2457 1148 2487 alias

141 2513 329 2543 constiterit
350 2521 401 2542 me
418 2512 525 2541 teneri
545 2511 707 2549 premissa
722 2511 834 2549 jurare
857 2510 907 2540 vel
926 2510 1059 2549 aliquod
1075 2520 1149 2548 pre-

142 2566 331 2596 missorum.
352 2578 364 2591 n

210 2731 329 2758 4238
738 2729 860 2762 Latran,
874 2730 889 2755 4
904 2737 980 2755 mars
996 2729 1074 2756 1239.

179 2792 326 2826 Episcopo
341 2791 544 2825 Wigornieusi
562 2792 620 2818 late
633 2791 736 2817 sci-ibit
748 2790 783 2816 de
799 2799 886 2817 causa
902 2794 981 2817 mota
997 2791 1074 2817 inter
1089 2799 1148 2817 ma-

176 2906 196 2929 1.
218 2905 256 2929 Le
277 2909 352 2928 texte
372 2905 405 2928 de
425 2912 456 2928 cc
477 2911 591 2935 passage
610 2912 624 2926 a
644 2904 686 2927 ete
702 2903 886 2927 evidemment
901 2903 1024 2933 defigure
1040 2903 1108 2927 dans
1124 2904 1148 2926 le

142 2952 276 2979 Reqislre.

173 2994 196 3017 2.
213 2996 263 3017 MS.
281 3003 287 3017 .·
303 2994 416 3017 caverit.

1236 396 1358 429 gistrum
1378 398 1542 429 Simonem,
1561 399 1652 432 ipsius
1669 408 1760 433 papae
1774 399 1984 426 subdiaconum
1998 404 2026 427 et
2039 402 2237 435 capellanum.

1236 452 1271 470 ex
1287 453 1346 471 una
1362 450 1453 479 parte,
1469 450 1495 473 et
1515 447 1549 473 R.
1564 447 1599 473 dc
1614 448 1776 477 Blonvilla.
1787 448 2027 475 archidiaconum
2039 449 2238 478 Norinlchiac.

1236 500 1270 518 ex
1287 494 1389 525 altera,
1406 502 1493 528 super
1512 495 1754 522 archidiaconatu
1778 496 1977 525 Nur-solchiae.
1994 498 2078 531 eique
2093 498 2239 531 significat

1236 551 1265 567 se
1282 542 1464 575 praedictum
1479 544 1733 577 archidiaconum„
1747 554 1831 579 quem
1847 546 1884 572 ab
1898 546 2084 579 impetitione
2097 547 2238 580 praedicti

1238 590 1369 617 Simonis
1388 591 1449 625 ipse
1471 600 1545 626 papa
1565 593 1689 619 «luxerat
1706 593 1930 622 absolvendum.
1952 595 2051 621 eodem
2075 599 2172 621 tamen
2194 604 2239 622 ar-

1236 639 1459 670 chidiaconatu,
1485 649 1586 674 quem,
1613 647 1713 668 contra
1740 643 1946 669 Lateranensis
1969 644 2089 670 concilii
2118 647 2239 671 statuta.

1236 696 1301 714 cum
1317 689 1440 715 ccclesia
1457 689 1492 715 ule
1505 689 1670 716 Torneham
1686 693 1731 721 (z
1743 691 1938 722 Tinurnham),
1950 691 2150 718 Nor-wivensis
2162 692 2238 718 dine>

1236 736 1320 766 cesis,
1343 737 1465 764 insimul
1482 739 1608 765 retinere
1626 739 1832 771 contendebat,
1851 740 2024 773 privavisse.
2044 755 2073 758 ——
2091 741 2177 771 (Rea.
2195 741 2238 768 19.

1237 785 1256 811 i.
1274 786 1307 811 73
1322 788 1363 816 r⁶;
1381 794 1449 812 ann.
1469 786 1535 818 xil,
1553 795 1577 813 c.
1595 787 1669 817 396.)

1278 885 1290 898 α
1309 895 1326 901 ..
1348 874 1482 910 episcopo
1504 875 1715 910 Wiqornicnsi.
1729 875 1814 905 Olim
1829 875 1969 905 dilectus
1982 876 2069 905 iilius
2085 876 2240 911 magister

1236 925 1613 962 Symon.‘snl›diaconus
1631 931 1661 956 et
1683 927 1873 964 capellanus
1893 933 2014 958 noster.
2041 928 2081 957 ad
2104 938 2239 966 presen-

1236 977 1314 1005 tiam
1345 977 1456 1007 dilecti
1485 978 1544 1006 filii
1577 979 1681 1008 nostri
1709 979 1876 1019 (s)[ttonis].
1907 981 2018 1010 Sancti
2044 981 2173 1010 Nicolai
2204 981 2237 1010 in

1235 1029 1374 1059 Carcere
1392 1030 1544 1060 Tulliano
1563 1031 1693 1061 diaconi
1715 1032 1905 1064 cardinalis.
1934 1033 2119 1071 Apostolice
2145 1034 2237 1063 Sedis

1234 1081 1345 1119 legati.
1359 1083 1530 1113 accedens.
1542 1085 1709 1121 proposuit
1723 1094 1831 1114 coram
1844 1094 1881 1114 eo
1893 1086 1989 1123 quod.
2004 1096 2088 1116 cum.
2104 1092 2237 1116 vacante

1234 1135 1443 1165 Norwicensi
1461 1136 1611 1166 ecclesia.
1633 1137 1832 1167 karissimus
1853 1139 1886 1166 in
1905 1138 2038 1169 Christo
2057 1139 2144 1169 tilius
2163 1148 2238 1169 nos—

1235 1193 1284 1217 ter
1303 1210 1322 1216 ..
1339 1187 1458 1226 Anglie
1475 1197 1528 1218 rex
1546 1189 1688 1219 illustris
1705 1191 1984 1228 presentationem
2008 1192 2042 1220 in
2070 1192 2238 1221 beneficiis

1235 1245 1267 1270 et
1290 1241 1523 1278 personatibus
1547 1242 1693 1279 ejusdem
1715 1242 1853 1272 ecclesie
1873 1253 1908 1273 ac
1927 1244 2154 1274 Norwicensis
2171 1245 2241 1273 dio-

1235 1293 1320 1323 cesis
1332 1294 1527 1323 vacantibus
1541 1294 1691 1325 obtinere
1707 1300 1878 1325 noscatur:
1892 1296 1977 1326 idem
1996 1306 2062 1326 rex.
2074 1297 2240 1327 intellecto

1235 1346 1321 1384 quod
1340 1347 1378 1376 R.
1397 1347 1435 1376 de
1452 1346 1628 1378 Blonvilla.
1648 1347 1902 1378 archidiaconus
1926 1349 2128 1380 Nort'olchie.
2155 1350 2239 1380 dicte

1235 1399 1387 1434 diocesis.
1406 1405 1478 1438 post
1496 1400 1802 1430 archidiaconatum
1819 1402 2000 1432 obtentum.
2020 1402 2161 1432 Roherto
2175 1402 2240 1432 cle-

1236 1452 1314 1483 rico.
1333 1458 1458 1482 rectore
1474 1453 1612 1483 ecclesie
1632 1453 1670 1483 de
1694 1454 1890 1489 Torneham,
1917 1455 2063 1493 ejusdem
2087 1455 2237 1485 diocesis.

1235 1505 1401 1540 defuncto,
1420 1506 1535 1544 ipsam,
1557 1516 1669 1536 curam
1693 1507 1879 1536 animarum
1909 1508 2096 1541 habentemv
2125 1509 2239 1538 suisset

1235 1558 1386 1596 adeptus,
1419 1568 1456 1588 ac
1485 1559 1559 1589 ideo
1595 1560 1702 1589 dictus
1740 1560 2028 1590 archidiaconatus
2065 1561 2134 1598 ipso
2168 1561 2241 1599 jure¹

1234 1612 1381 1641 vacabat.
1400 1613 1540 1642 eundem
1559 1613 1765 1651 capellanum
1792 1614 1831 1643 ad
1851 1615 2014 1652 prefatum
2037 1614 2242 1644 archidiaco-

1235 1669 1347 1694 natum
1370 1665 1552 1695 venerabili
1578 1666 1672 1695 fratri
1702 1671 1812 1696 nostro
1841 1690 1860 1695 ..
1888 1667 2135 1705 archiepiscopo
2160 1667 2240 1697 Can-

1234 1718 1407 1750 tuariensi,
1428 1719 1467 1747 ad
1485 1728 1593 1757 quem.
1621 1719 1734 1749 eadem
1760 1725 1895 1750 vacante
1917 1720 2067 1754 ecclesia,
2094 1721 2128 1749 in
2157 1720 2239 1758 ipsis

1233 1771 1404 1801 beneficiis
1439 1776 1469 1801 et
1499 1772 1731 1809 personatibus
1761 1773 1929 1802 institutio
1960 1773 2112 1811 pertinet.
2147 1773 2237 1802 duxit

1231 1824 1388 1853 canonice
1403 1824 1658 1861 presentandum
1677 1835 1682 1855 :
1702 1829 1832 1862 propter
1847 1825 1932 1863 quod
1945 1825 2030 1854 idem
2045 1825 2234 1863 capellanus

1231 1876 1270 1905 ab
1287 1877 1400 1906 eodem
1418 1876 1524 1914 legato
1540 1886 1574 1906 se
1588 1877 1621 1905 in
1641 1877 1785 1914 predicto
1801 1877 2070 1907 archidiaconatu
2089 1879 2228 1908 institui.

1230 1934 1261 1959 et
1280 1929 1403 1959 dictum
1422 1931 1460 1959 R.
1478 1930 1518 1958 ab
1538 1939 1585 1965 eo,
1605 1939 1701 1968 quem
1723 1935 1835 1960 contra
1861 1931 2094 1960 Lateranensis
2111 1936 2231 1961 statuta

1230 1982 1363 2011 concilii
1380 1982 1558 2016 detinebat,
1582 1983 1673 2020 petiit
1702 1984 1859 2013 amoveri.
1886 1984 2000 2012 Dictus
2027 1993 2102 2013 vero
2125 1984 2234 2014 archi-

1230 2035 1388 2064 diaconus
1415 2044 1525 2064 coram
1551 2036 1662 2065 eodem
1693 2036 1800 2073 legato
1822 2036 1912 2066 litem
1942 2038 2156 2066 contestando
2184 2046 2234 2067 re-

1230 2087 1361 2125 spondit
1373 2088 1469 2126 quod.
1482 2093 1553 2126 post
1564 2088 2029 2126 adeptumarchidiaconatum
2040 2090 2235 2127 predictum,

1232 2139 1323 2169 nulla
1338 2140 1500 2169 beneficia
1523 2141 1708 2170 animarum
1736 2141 1893 2171 habentia
1917 2151 2030 2171 curam
2057 2148 2233 2180 receperat.

1231 2198 1272 2228 et,
1291 2193 1318 2222 si
1337 2193 1474 2223 forsitan
1498 2194 1687 2232 recepisset.
1703 2195 1843 2224 eundem
1862 2199 1968 2224 tamen
1987 2195 2236 2225 archidiacona-

1231 2250 1300 2274 tum
1330 2255 1402 2275 cuni
1434 2247 1515 2284 ipsis
1545 2247 1716 2277 beneficiis
1747 2247 1805 2276 illa
1835 2252 1959 2285 poterat
1993 2248 2118 2277 ratione
2147 2249 2235 2278 licite

1231 2299 1385 2333 retinere,
1405 2299 1491 2337 quod
1506 2299 1588 2329 hone
1600 2300 1757 2330 memorie
1771 2323 1791 2328 ..
1806 2300 2034 2330 Norwicensis
2051 2301 2234 2339 episcopus.

1231 2353 1284 2381 cni
1304 2353 1425 2381 nostris
1442 2353 1592 2382 dedimus
1610 2353 1730 2382 litteris
1753 2353 1787 2382 in
1810 2353 1974 2382 mandatis
1998 2359 2043 2382 ut.
2066 2362 2138 2382 cum
2160 2363 2235 2392 pro-

1231 2410 1348 2434 ventus
1381 2405 1670 2435 archidiaconatus
1698 2405 1804 2443 ipsius
1828 2406 1908 2435 adeo
1933 2411 2042 2435 essent
2070 2412 2184 2435 tenues
2205 2412 2234 2436 et

1231 2457 1344 2487 exiles.
1363 2458 1448 2496 quod
1467 2458 1536 2495 ipse
1555 2458 1809 2487 archidiaconus
1827 2467 1886 2487 nec
1906 2467 1941 2487 ex
1959 2459 2007 2487 eis
2026 2467 2083 2487 nec
2103 2458 2234 2487 aliunde

1231 2515 1357 2548 poterat
1375 2519 1432 2548 per
1452 2511 1627 2539 dimidium
1653 2519 1776 2539 annum
1805 2519 1947 2547 congrue
1973 2511 2164 2541 sustentari.
2192 2512 2232 2542 ei.

1231 2573 1328 2602 quem
1354 2564 1387 2592 in
1411 2564 1585 2592 diaconum
1609 2563 1789 2596 ordinarat.
1815 2563 1981 2600 suppleret
2005 2563 2090 2601 qnod
2111 2563 2232 2593 deerat.

1231 2616 1269 2646 de
1292 2616 1452 2645 beneficio
1473 2615 1682 2653 competenti.
1710 2615 1900 2654 hujusmodi
1924 2616 2118 2645 auctoritate
2142 2625 2234 2645 man-

1230 2669 1297 2698 dati
1315 2669 1459 2698 decrevit
1475 2674 1519 2701 ut.
1539 2673 1647 2706 preter
1663 2668 1967 2697 archidiaconatum
1981 2673 2011 2697 et
2023 2668 2087 2697 alia
2103 2669 2234 2698 obtenta

1231 2722 1400 2757 beneficia,
1412 2722 1445 2750 in
1459 2721 1879 2759 supplementumdesectus
1892 2721 2234 2759 hujusmodiannnum

1232 2775 1396 2804 redditum
1413 2779 1544 2803 centum
1562 2774 1721 2802 librarum
1739 2773 1998 2809 sterlinguorum
2014 2773 2047 2801 in
2066 2773 2234 2802 ecclesias-

1232 2827 1307 2856 ticis
1324 2826 1507 2856 beneficiis.
1524 2826 1622 2855 etiam
1641 2826 1667 2854 si
1690 2826 1836 2862 regimen
1855 2825 2041 2853 animarum
2063 2825 2233 2854 haherent.

1232 2884 1341 2918 posset
1368 2879 1514 2916 recipere
1543 2883 1573 2907 et
1605 2883 1733 2915 recepta
1757 2877 1846 2906 licite
1876 2877 2029 2905 retinere.
2059 2877 2234 2915 Subjunxit

1232 2933 1331 2962 etiam
1358 2932 1455 2970 quod.
1480 2931 1566 2960 dicto
1592 2930 1723 2960 clerico.
1754 2930 1810 2968 qui
1838 2929 1942 2967 ipsius
1968 2929 2106 2958 ecclesie
2131 2935 2237 2959 rector

1232 2985 1350 3019 fuerat,
1366 2984 1512 3023 ejusdem
1530 2983 1664 3013 cedente
1682 2982 1848 3020 regimini.
1867 2986 1897 3011 et
1913 2990 1984 3011 eam
2001 2982 2076 3011 sibi.
2092 2982 2237 3011 nondum
