2423 3487
237 308 290 338 491
953 302 1188 334 REGISTRES
1210 301 1264 331 DE
1286 293 1506 331 GREGOIRE
1528 300 1587 330 IX.
2247 297 2305 328 492

308 372 422 400 :3349
802 371 890 402 Rieti,
906 371 935 396 11
950 369 1065 396 octobre
1078 369 1155 395 1236.

273 433 498 466 Arcbiepiseopo
527 433 632 459 Pisano
657 435 683 458 et
709 432 797 466 priori
825 431 926 457 Sancti
955 429 1086 457 Fridiani
1116 427 1225 454 Lucani

238 481 357 508 mandat
372 484 524 513 quatenus,
540 494 570 498 —
582 480 790 506 denuntiantes
807 479 965 509 [baldum.
977 478 1104 511 judicem
1123 476 1227 502 Gallu-

238 536 366 556 rensem,
381 532 406 553 et
424 528 607 558 Adelasiam,
629 527 778 553 dominam
795 527 998 557 Turritanam‚
1015 525 1077 558 ejus
1095 531 1225 553 uxorem,

238 577 274 603 ad
296 575 512 602 observantiam
537 575 728 608 quarumdam
753 574 978 608 promissionum
1005 581 1075 606 quas
1099 573 1227 597 fecerant

237 623 387 650 nonnullis
403 623 517 649 civibus
536 622 730 650 Januensibus
746 626 774 648 et
791 622 907 649 Pisanis
926 630 958 647 aa:
980 619 1148 646 bominibus
1168 619 1227 645 vil-

236 673 281 698 lae
305 671 401 697 Sazari
427 673 468 701 (=
493 671 632 702 Sassari),
655 671 704 704 qui
725 670 781 696 sibi
803 669 1001 703 opponebant,
1023 668 1086 694 sine
1107 675 1226 693 assensu

235 719 420 753 Apostolieae
437 719 531 749 Sedis,
544 719 593 751 qui
608 719 707 744 inisset
723 717 924 751 requirendus,
940 725 995 742 non
1008 715 1111 747 teneri,
1126 729 1156 732 —
1169 722 1225 740 non

235 767 407 801 permittant
425 775 470 792 eos
486 774 571 800 super
585 766 629 792 1115
643 765 678 792 ab
694 765 840 799 aliquibus
858 764 1015 791 molestari.
1031 778 1061 781 —
1079 764 1164 793 (Rae.
1182 762 1225 794 18,

235 817 255 841 1.
275 815 325 840 197
338 814 647 845 1“;111111.Χ,0.213,)

276 927 288 940 (1
310 936 328 942 ..
346 914 568 950 archiepiscopo
586 913 694 940 Pisano
707 917 732 940 c!
747 935 766 940 ..
783 912 882 948 priori
896 911 1001 940 Sancti
1015 910 1156 939 Fricliani
1168 910 1226 938 Lic-

234 967 316 995 cam'.
343 964 468 994 Dilecta
487 964 519 992 in
538 963 669 994 Clu-isto
695 963 760 992 filia
779 962 898 992 nobilis
919 961 1037 991 mulier
1060 960 1224 996 Adelasia,

235 1017 366 1047 domina
382 1015 592 1054 Tui-1=itan[a],
612 1015 807 1044 transmissa
830 1014 923 1044 nobis
940 1014 1096 1052 petitione
1115 1022 1226 1042 mous-

234 1070 332 1099 travit
358 1069 453 1107 quod.
476 1077 560 1102 cum,
587 1067 750 1106 quondam
778 1068 953 1099 Parasono,
980 1066 1080 1095 fratre
1108 1074 1178 1095 suo.
1208 1074 1225 1094 a

233 1121 398 1151 communi
416 1120 490 1150 ville
507 1120 616 1150 Sazari
632 1119 808 1149 crudeliter
829 1119 1011 1152 interfecto,
1035 1118 1105 1156 ipsa
1121 1117 1225 1147 domi-

233 1175 325 1204 nimu
344 1173 489 1212 ejusdem
507 1172 595 1206 ville,
613 1175 707 1210 prout
719 1171 791 1210 jure
808 1170 1028 1200 successionis
1042 1169 1226 1208 pertinebat

233 1227 273 1256 ad
297 1235 378 1259 eam,
407 1225 503 1255 vellet
529 1225 667 1255 intrare,
690 1227 871 1261 opponente
899 1231 932 1252 se
961 1222 1125 1251 communi
1152 1230 1226 1259 pre-

233 1279 319 1308 dicto
335 1282 364 1307 et
382 1277 444 1307 sibi
458 1286 514 1314 per
527 1276 715 1305 violentiam
733 1276 917 1308 resistente,
936 1274 1132 1312 quibusdam
1149 1283 1225 1312 quo-

233 1340 296 1369 que
315 1330 441 1359 civibus
457 1328 682 1359 Jannensilms
699 1328 765 1357 sere
782 1337 854 1356 rum
876 1326 1073 1363 octingentis
1090 1327 1225 1355 armatis

232 1383 267 1412 in
285 1382 428 1420 ejusdem
446 1381 627 1410 eommunis
644 1379 828 1409 subsidium
845 1379 1021 1409 advocatis.
1038 1379 1158 1408 nobilis
1176 1379 1226 1408 vir

233 1434 392 1468 L‘baldus,
411 1433 507 1472 judex
525 1432 741 1467 Gallurensis,
761 1432 810 1460 vir
825 1432 906 1470 ejus,
926 1431 1044 1461 timens
1064 1441 1103 1461 ne
1120 1431 1225 1469 ipsius

232 1487 310 1516 ville
326 1486 508 1515 dominium
525 1485 595 1514 sine
612 1494 667 1522 spe
683 1484 941 1522 recuperationis
958 1484 997 1513 ad
1016 1483 1097 1513 alios
1119 1488 1225 1513 trans-

233 1539 385 1571 ferretur,
410 1537 528 1566 multas
548 1536 782 1574 promissiones
807 1536 884 1565 fecit
906 1535 1075 1565 nonnullis
1097 1535 1224 1565 civibus

234 1589 460 1621 Januensibus
483 1593 513 1618 et
531 1588 672 1622 Pisanis,
692 1597 728 1617 ae
750 1587 940 1617 hominibus
956 1588 1039 1617 dicte
1057 1587 1144 1623 ville,
1162 1597 1224 1626 que

235 1643 263 1672 si
280 1642 402 1671 suerint
418 1641 598 1673 observate,
618 1640 712 1678 quasi
731 1639 835 1669 solum
852 1649 968 1670 nomen
986 1640 1123 1669 dominii
1142 1645 1225 1670 terre

235 1703 293 1723 sue
307 1693 496 1730 vide[re]tur
512 1692 616 1722 eidem
633 1691 734 1721 nobili
749 1696 960 1726 reservatum,
975 1692 1132 1722 consectis
1150 1692 1224 1722 inde

235 1745 385 1784 pluribus
402 1744 632 1774 instrumentis
648 1743 788 1782 publicis
806 1743 914 1781 sigillo
930 1744 1081 1782 plumbeo
1099 1744 1225 1782 sigilla-

236 1798 290 1832 tis,
309 1801 336 1827 et
354 1797 391 1826 de
410 1796 474 1826 biis
492 1796 706 1826 observandis
725 1796 858 1825 extortis
876 1806 893 1825 a
909 1796 994 1825 dicto
1009 1797 1119 1835 judice
1132 1797 1225 1835 jura-

234 1850 367 1881 mentis.
387 1849 510 1887 adjecto
527 1849 612 1887 quod
628 1849 668 1878 ab
687 1849 797 1878 eadem
824 1858 921 1879 uxore
942 1858 1000 1879 sua
1022 1849 1083 1879 hoc
1104 1850 1224 1880 faceret

232 1901 412 1932 observari.
426 1901 530 1935 Unde,
545 1910 618 1930 cum
631 1900 822 1939 idemjudex
839 1900 978 1930 liberum
993 1910 1055 1930 non
1072 1900 1225 1931 habuerit

232 1954 406 1984 arbitrium
424 1953 456 1982 in
474 1952 661 1991 hujusmodi
681 1952 956 1990 promissionibus
974 1953 1145 1988 faciendis,
1168 1954 1225 1984 sed

231 2006 265 2035 iu
283 2015 320 2035 eo
337 2011 411 2034 tune
435 2009 522 2034 statu
544 2005 654 2040 suerit,
679 2005 764 2043 quod
789 2004 892 2034 nichil
914 2005 1100 2043 petentibus
1123 2015 1223 2035 ausus

232 2058 332 2087 fuerit
351 2057 522 2093 denegare,
541 2061 571 2086 et
587 2057 744 2095 quicquid
756 2057 841 2095 juris
859 2057 967 2091 habet,
983 2057 1022 2087 ab
1038 2058 1224 2096 Apostolica

232 2109 315 2140 Sede
348 2113 455 2138 teneat
479 2108 512 2137 in
544 2108 713 2146 provincia
743 2113 937 2143 memorata,
973 2114 1103 2147 propter
1139 2111 1225 2148 quod

232 2169 389 2190 assensus
414 2164 523 2189 noster
544 2160 578 2188 in
605 2159 724 2189 talibus
747 2161 854 2190 fuerat
874 2161 1104 2198 requirendus,
1130 2163 1224 2192 nobis

231 2212 296 2242 fuit
314 2211 483 2241 humiliter
498 2211 727 2249 supplicatum,
743 2215 778 2241 ut
794 2221 892 2250 super
906 2212 966 2242 boc
980 2213 1149 2250 providere
1168 2224 1224 2252 pa-

233 2268 326 2294 terna
343 2263 564 2293 sollicitudine
581 2272 782 2293 curaremus.
808 2264 889 2294 Cum
910 2264 1011 2302 igitur
1033 2266 1224 2303 promissio-

232 2324 292 2346 nes
310 2315 496 2353 hujusmodi
522 2315 723 2345 extorsiones
747 2316 854 2353 potius
873 2316 939 2346 sint
963 2317 1110 2352 dicende,
1132 2328 1225 2348 man-

232 2367 531 2405 daiimsspiatenus,
546 2366 574 2395 si
587 2370 634 2396 est
646 2366 701 2401 ita,
713 2367 945 2398 denuntiantes
963 2369 1066 2399 dictos
1080 2370 1224 2409 judicem

231 2424 264 2450 et
281 2418 446 2448 dominam
464 2418 503 2447 ad
515 2417 777 2448 observationem
790 2422 919 2449 0111111111
934 2420 1142 2459 aliquatenus
1160 2432 1223 2452 non

231 2471 349 2505 teneri,
370 2479 434 2500 non
450 2470 648 2508 permittatis
665 2479 718 2500 eos
735 2479 833 2509 super
848 2471 914 2501 hiis
934 2472 973 2501 ab
987 2472 1153 2511 aliquibus
1172 2475 1224 2504 in-

230 2522 339 2553 debite
369 2521 552 2556 molestari3
578 2521 804 2552 molestatores
836 2523 1024 2562 hujusmodi
1057 2529 1117 2555 etc.
1150 2527 1222 2557 Dat.

230 2575 344 2609 Reate,
361 2575 389 2604 V
405 2574 478 2604 idus
495 2573 648 2609 octobris,
667 2583 752 2604 anno
768 2575 904 2605 decimo.
925 2588 938 2602 ι,

299 2741 418 2771 3350
796 2744 886 2777 Rieti,
900 2744 931 2771 11
946 2744 1061 2772 octobre
1073 2745 1151 2773 1236.

264 2805 384 2832 Eisdem
401 2804 522 2831 mandat
537 2807 682 2838 quatenus
702 2805 836 2832 homines
851 2805 886 2832 de
909 2805 1007 2833 Sazari
1030 2806 1079 2840 qui
1100 2807 1223 2836 Paraso-

260 2922 282 2947 1.
298 2924 346 2945 Με.
362 2930 369 2945 .·
383 2928 487 2947 eorum.

1310 375 1396 395 num,
1421 366 1514 392 filium
1538 366 1684 395 Mariani.
1708 365 1817 398 judicis
1838 364 2007 396 Turritani,
2027 363 2100 398 ipsis
2119 363 2150 390 in
2172 364 2302 398 ejusdem

1309 413 1437 440 Mariani
1453 414 1534 440 obitu
1551 413 1740 439 commissum
1758 411 1954 444 educandum,
1972 411 2183 438 interfecerant
2198 414 2226 438 et
2241 412 2304 445 eius

1308 469 1409 488 carnes
1437 461 1466 487 in
1497 462 1589 487 frusta
1618 460 1748 486 concisas
1778 459 1871 486 brutis
1900 458 2080 485 animalibus
2109 459 2304 486 comedendas

1309 509 1503 542 projecerant,
1518 509 1697 542 compellant
1717 510 1747 534 ut
1769 506 1940 539 Adelasiae,
1961 506 2098 532 dominae
2117 506 2302 539 Turritanae,

1308 556 1437 590 ejusdem
1460 556 1588 582 Mariani
1612 556 1704 587 filiae,
1728 554 1858 582 debitam
1879 554 2112 581 satisfactionem
2133 554 2302 582 exhibeant.

1309 604 1529 636 -(11ε1;.18,1.
1546 604 1647 635 1971·⁰;
1661 611 1730 630 aun.
1746 603 1785 635 X,
1800 611 1824 629 c.
1837 602 1903 633 24-i;
1918 617 1948 620 —
1960 601 2093 629 Monsau
2107 602 2185 635 1191,
2198 603 2217 629 f.
2230 602 2303 634 138.)

1350 716 1362 730 «
1383 704 1511 732 Eisdem.
1529 703 1563 733 Si
1581 712 1656 732 vera
1673 706 1827 740 suntque
1848 701 1886 731 de
1910 701 2075 730 communi
2096 701 2172 731 ville
2195 702 2304 732 Sazari

1309 755 1473 789 dicuntur,
1492 755 1652 784 miramur
1667 753 1754 792 quod
1769 753 1912 783 sustinet
1930 762 1985 782 eos
2002 757 2088 782 terra
2105 757 2135 782 et
2152 753 2240 791 ipsos
2255 753 2305 783 vi-

1308 812 1421 837 ventes
1438 807 1561 836 inserni
1576 816 1640 836 non
1659 805 1829 835 absorbuit.
1841 806 1909 844 jam
1923 805 2150 843 p1·0sundum¹.
2169 805 2304 843 Signifi-

1308 864 1401 889 cante
1419 859 1581 898 siquidem
1599 858 1701 888 nobili
1719 857 1857 887 muliere
1874 857 2039 892 Adelasia,
2053 857 2304 887 dominaTurri-

1309 916 1397 947 tana,
1432 921 1490 941 nos
1520 911 1678 941 noveritis
1708 910 1873 948 accepisse
1903 910 2004 948 qnod,
2037 919 2110 939 eum
2139 910 2303 949 quondam

1309 964 1486 999 Marianus,
1505 963 1603 1002 judex
1619 963 1826 998 Tui-ritanus,
1844 966 1936 1000 pater
1952 962 2068 1000 ipsius,
2088 963 2303 999 Pmasonum,

1308 1017 1412 1046 lilium
1431 1025 1538 1050 suum,
1556 1016 1590 1044 in
1608 1015 1728 1044 minori
1744 1015 1958 1044 constitutum
1977 1019 2077 1049 etate,
2097 1014 2226 1044 cuidam
2245 1023 2303 1045 suo

1307 1069 1402 1098 fratri
1420 1067 1562 1098 naturali
1581 1076 1617 1097 ac
1636 1067 1826 1097 hominibus
1844 1071 1929 1096 terre
1946 1075 2003 1096 sue
2021 1066 2055 1095 in
2073 1066 2163 1096 obitu
2180 1075 2238 1096 suo
2254 1067 2304 1096 di-

1308 1121 1435 1151 miserit
1452 1121 1668 1155 edueandmu,
1688 1120 1811 1149 dietum
1830 1128 2014 1154 commune,
2033 1119 2066 1148 in
2084 1128 2158 1149 eum
2174 1119 2304 1149 hostili·
2339 1107 2341 1109 ¹

1309 1178 1356 1203 ter
1372 1174 1548 1208 irruentes,
1568 1172 1745 1202 crudeliter
1765 1172 2003 1201 interfecerunt
2019 1171 2174 1206 eundem,
2197 1176 2227 1201 et
2242 1171 2304 1202 ali-

1308 1226 1363 1265 qui
1385 1236 1422 1256 ex
1445 1226 1492 1256 eis
1511 1234 1627 1255 carues
1645 1226 1716 1264 ejus
1732 1224 1942 1254 concidentes
1958 1224 1992 1252 in
2010 1224 2145 1258 [111511ιῖ,
2163 1232 2304 1254 comme-

1308 1279 1430 1309 deudas
1458 1279 1563 1308 brutis
1591 1277 1792 1307 animalibus
1820 1277 2043 1316 projecerunt,
2071 1276 2238 1306 inauditas
2264 1275 2304 1306 de

1307 1332 1378 1375 ipso
1390 1331 1613 1360 inunanitates
1627 1330 1709 1360 alias
1721 1329 1911 1363 exercendo,
1925 1338 1987 1367 que
2001 1329 2124 1358 referre
2137 1337 2199 1358 non
2212 1327 2302 1362 libet,

1307 1394 1380 1413 cum
1406 1383 1667 1413 abboiniuationi
1694 1381 1916 1412 referentibus
1942 1386 1972 1411 et
2000 1374 2211 1410 audientibus
2237 1380 2303 1410 sint

1307 1436 1447 1465 horrori.
1474 1436 1577 1473 Regia
1602 1444 1730 1474 quoque
1760 1434 1881 1472 palatia
1907 1438 1937 1463 et
1965 1433 2122 1472 quasdam
2148 1432 2304 1463 ecclesias

1306 1489 1457 1518 funditus
1473 1488 1690 1521 destruentes,
1708 1487 1746 1516 de
1760 1487 1905 1524 ipsorum
1923 1485 2088 1523 lapidibus
2102 1485 2214 1516 domos
2230 1493 2303 1524 pro-

1308 1541 1395 1579 prias
1420 1544 1687 1574 construxerunt,
1710 1539 1745 1568 in
1769 1538 1863 1567 bonis
1886 1537 2100 1567 eeclesiarum
2126 1542 2156 1567 et
2182 1537 2302 1567 nobilis

1308 1597 1485 1623 memorate
1508 1591 1720 1630 prodigaliter
1741 1590 1964 1624 debachando,
1987 1599 2049 1628 que
2074 1589 2180 1620 adhue
2204 1589 2303 1619 etiam

1308 1655 1372 1675 non
1389 1650 1538 1675 metuunt
1559 1644 1724 1674 hostiliter
1745 1644 1924 1673 devastare.
1954 1643 2043 1673 Licet
2063 1643 2165 1680 igitur
2183 1642 2221 1672 ad
2244 1651 2303 1681 pu-

1308 1698 1464 1728 niendum
1488 1697 1617 1727 facinus
1643 1696 1831 1735 hujusmodi
1860 1700 1925 1725 tam
1951 1704 2096 1729 enorme,
2120 1693 2304 1733 spiritualis

1308 1751 1436 1789 gladius
1460 1760 1523 1780 non
1547 1750 1686 1780 sufficiat
1703 1758 1759 1788 per
1777 1758 1811 1779 50
1828 1749 1947 1787 ipsum,
1967 1748 2116 1778 nolentes
2133 1752 2239 1778 tamen
2256 1746 2305 1778 ei-

1307 1805 1379 1834 dem
1399 1804 1517 1837 nobili,
1536 1807 1694 1842 quantum
1712 1803 1745 1831 in
1766 1802 1860 1832 nobis
1877 1806 1943 1836 est,
1962 1802 1994 1831 in
2013 1810 2071 1831 5110
2085 1802 2159 1840 jure
2176 1801 2301 1835 deesse,

1307 1866 1380 1886 cum
1404 1856 1508 1886 simus
1531 1855 1684 1885 omnibus
1708 1855 1741 1883 in
1760 1854 1892 1893 justitia
1912 1854 2088 1889 debitores,
2111 1853 2304 1882 mandamus

1307 1913 1481 1948 quatenus,
1493 1908 1520 1937 si
1540 1912 1587 1937 est
1605 1907 1660 1938 ita.
1672 1908 1833 1945 prefatum
1847 1915 2020 1936 commune
2033 1910 2079 1940 ut>⁷
2093 1905 2132 1935 ab
2149 1904 2304 1936 ecclesia-

1307 1969 1378 1990 rum
1395 1959 1619 1990 devastatione
1636 1968 1672 1989 ac
1688 1959 1847 1988 bonorum
1866 1957 2087 1996 predictorum
2103 1957 2234 1995 penitus
2252 1955 2305 1986 de·

1307 2013 1477 2048 sistentes,
1507 2012 1613 2042 eidem
1637 2011 1741 2041 nobili
1763 2011 1908 2041 debitam
1930 2010 2191 2040 satisfactionem
2212 2007 2303 2039 exhi-

1306 2064 1404 2095 beant
1420 2064 1458 2094 de
1475 2063 1658 2102 premissis,
1671 2062 1853 2092 monitione
1868 2061 2041 2100 premissa,
2061 2070 2118 2099 per
2130 2067 2304 2090 censuram

1307 2116 1579 2151 ecelesiasticam,
1612 2114 1831 2153 appellatione
1861 2113 2057 2152 postposita,
2088 2111 2302 2150 compellatis.

1307 2170 1379 2199 Dat.
1397 2172 1433 2199 ut
1450 2177 1558 2206 supra.
1579 2180 1592 2194 »

1376 2364 1487 2392 335¹
1871 2363 1962 2396 Rieti,
1978 2362 2010 2389 11
2025 2361 2140 2389 octobre
2153 2359 2230 2388 1236.

1340 2425 1442 2453 Nobili
1464 2425 1581 2452 mulieri
1597 2425 1768 2458 Adelasiae,
1782 2424 1919 2451 dominae
1934 2423 2124 2455 Turritanae,
2141 2436 2173 2440 -
2188 2421 2302 2456 signifi-

1306 2474 1385 2501 canti
1402 2474 1477 2507 quod
1490 2473 1636 2507 quondam
1653 2473 1827 2505 Parasonus,
1840 2473 1930 2499 frater
1941 2479 2020 2503 suus,
2032 2470 2154 2498 rebelles
2166 2468 2299 2496 homines

1306 2522 1471 2549 communis
1495 2522 1605 2554 Sazari,
1629 2521 1693 2555 qui,
1714 2521 1805 2548 semel
1825 2522 1853 2547 et
1875 2519 1983 2547 iterum
2008 2518 2081 2550 sibi,
2100 2517 2229 2552 ipsorum
2249 2515 2301 2544 do-

1306 2570 1397 2602 mino,
1415 2569 1566 2596 fidelitatis
1585 2568 1761 2602 juramentis
1783 2567 1944 2602 praestitis,
1961 2566 2101 2594 adversus
2117 2565 2213 2600 ipsum
2234 2571 2301 2591 cum

1305 2617 1479 2652 quibusdam
1501 2616 1649 2644 nobilibus
1668 2615 1838 2650 provinciae
1856 2614 2033 2642 Turritanae
2055 2615 2165 2640 temere
2184 2610 2301 2646 conspi—

1304 2668 1456 2698 raverant,
1479 2668 1522 2698 et,
1543 2665 1656 2691 auterre
1678 2663 1735 2691 sibi
1757 2671 1814 2690 non
1837 2663 1932 2690 solum
1955 2664 2063 2689 terram
2081 2661 2131 2687 sed
2146 2665 2300 2694 personam

1304 2714 1393 2741 etiam
1414 2714 1582 2746 molientes,
1599 2713 1695 2747 ipsum
1716 2712 1752 2739 de
1767 2712 1829 2739 loco
1846 2711 1877 2737 in
1893 2711 1990 2738 locum
2009 2710 2127 2737 fuerant
2144 2705 2301 2743 persecuti,

1305 2761 1414 2788 eisdem
1445 2760 1629 2795 postmodum
1662 2758 1896 2794 persecutoribus
1925 2757 2050 2792 fugatis,
2082 2753 2302 2784 sententialiter

1337 2887 1357 2911 ¹.
1374 2887 1414 2912 Cr.
1431 2887 1533 2911 Psnu.
1551 2885 1672 2915 vattt.
1689 2886 1725 2910 111.

1335 2931 1358 2955 ¹2.
1375 2933 1425 2954 Ms.
1441 2940 1448 2954 .·
1464 2931 1574 2954 frustra.
