2519 3518
65 300 118 330 181
900 289 1128 328 NEUVIEME
1151 288 1309 326 ANNEE.
2090 299 2141 328 132

63 374 138 395 rum
155 365 286 404 spoliati
305 365 457 401 existant,
477 374 536 396 nec
554 370 684 404 propter
702 366 794 396 illius
810 369 840 395 et
855 364 1066 394 inimicorum

65 426 200 448 suorum
216 417 396 456 potentiam
417 418 520 456 possit
538 418 585 447 ibi
607 418 760 457 prosequi
780 418 855 457 jura
874 425 951 451 sua,
969 424 1067 453 super

64 469 126 500 hoc
150 469 215 500 sibi
238 473 375 508 paterna
395 470 608 508 dignaremur
635 470 858 501 sollicitudine
883 468 1065 507 providere.

64 522 225 559 Quocirca
241 523 435 553 mandamus
451 527 614 562 quatenus
629 523 734 553 eidem
751 523 912 560 episcopo,
931 524 967 550 ut
980 520 1068 549 infra

67 574 166 604 trium
195 575 361 605 mensium
396 575 538 613 spatium
570 579 641 614 post
671 575 887 605 monitionem
913 577 1002 603 tuam
1032 581 1067 602 se

66 631 178 657 nostro
197 627 386 665 conspectui
404 631 617 665 representet,
639 636 736 665 super
750 626 922 665 premissis
939 634 975 655 ac
991 624 1067 654 aliis

66 688 129 718 que
153 679 224 718 ipse
245 680 442 709 Turritanus
465 684 578 709 contra
601 688 674 709 eum
695 679 824 709 duxerit
845 677 1065 716 proponenda,

66 740 287 770 responsurus
304 732 427 767 eidem,
453 741 489 761 ex
511 736 602 770 parte
619 736 729 761 nostra
750 730 933 760 districtius
954 729 1067 768 injun-

66 792 142 821 gere
164 793 227 814 non
249 788 436 822 postponas,
460 793 533 814 eum
554 784 593 814 ad
613 784 646 813 id
669 783 861 822 apostolica,
884 783 912 812 si
934 790 1067 811 necesse

66 835 178 870 suerit,
209 836 414 871 auctoritate,
447 836 666 875 appellatione
694 840 828 870 remota,
855 834 1063 873 compellens.

66 889 140 918 Dat.
158 888 279 923 Asisii,
297 888 448 918 kalendis
464 889 618 924 octobris,
637 888 846 926 pontificatus
863 887 966 917 nostri
981 896 1067 916 anno

65 948 163 971 nono.
186 952 198 966 »

135 1142 252 1171 2293
612 1144 722 1177 Assise,
737 1144 772 1170 1‘¹
786 1143 901 1171 octobre
916 1144 995 1170 1235.

99 1204 328 1239 Archiepiscopo
344 1204 514 1232 Calaritano
529 1204 669 1232 similiter
684 1205 805 1232 mandat
824 1207 968 1239 quatenus
989 1204 1067 1238 epis-

66 1260 136 1286 copo
160 1252 350 1287 Etnpuriensi
370 1253 507 1287 injungat
532 1255 565 1280 ut
591 1253 670 1280 infra
692 1256 749 1280 tres
770 1261 883 1279 menses
908 1252 1067 1287 apostolico

65 1301 234 1335 conspectui
269 1310 299 1328 se
329 1304 511 1336 praesentet,
543 1309 629 1336 super
654 1301 699 1328 his
729 1309 802 1335 quae
830 1301 1067 1335 archiepiscopus

65 1348 239 1377 Turritauus
255 1352 357 1376 contra
371 1358 437 1376 eum
451 1349 644 1384 proposuerit,
656 1358 855 1383 responsurus.
875 1364 904 1368 -—
919 1350 1005 1382 (Rae.
1022 1349 1066 1381 18,

65 1398 85 1424 f.
107 1397 140 1424 78
160 1400 200 1430 r⁰;
215 1405 283 1424 ann.
301 1397 354 1430 IX,
371 1405 395 1424 e.
409 1397 484 1428 253.)

107 1516 120 1530 «
149 1526 165 1533 ..
194 1505 418 1542 archiepiscopo
442 1505 631 1534 Calaritano.
659 1504 725 1534 Sua
748 1504 842 1533 nobis
868 1503 1068 1534 venerabilis

63 1556 167 1587 frater
198 1561 310 1586 noster
344 1579 363 1585 ..
392 1556 589 1586 Tui-ritanus
615 1556 883 1595 archiepiscopus
909 1556 1068 1594 petitione

65 1608 261 1639 monstravit
277 1609 374 1647 quod,
388 1617 462 1638 cum
479 1608 558 1638 olim
573 1609 644 1647 ipse
658 1618 732 1638 cum
748 1609 968 1646 suffraganeis
985 1609 1066 1642 suis,

63 1665 160 1700 prout
176 1661 277 1691 moris
293 1666 353 1697 est,
370 1661 572 1700 provinciale
590 1661 767 1691 concilium
782 1661 970 1699 disponeret
987 1661 1070 1691 cele-

63 1713 172 1749 brare,
203 1718 234 1744 et
263 1737 282 1742 ..
312 1714 566 1752 Empuriensem
593 1714 794 1752 episcopum,
821 1713 1070 1751 suffraganeum

65 1775 180 1802 suum,
199 1766 240 1796 ad
257 1766 318 1796 hoc
334 1766 443 1797 vocari
459 1766 612 1802 fecisset,
630 1766 718 1796 idem
735 1766 924 1804 episcopus,
949 1766 1069 1804 spiritu

64 1818 258 1849 rebellionis
275 1823 453 1857 assumpto,
474 1828 533 1849 nec
550 1827 608 1857 per
626 1827 672 1851 se,
690 1827 750 1848 nec
765 1827 823 1856 per
839 1818 940 1848 alium
957 1818 991 1847 in
1007 1818 1069 1848 hac

65 1875 158 1910 parte
181 1871 288 1910 ipsius
311 1871 381 1901 vice
397 1872 606 1909 fungentem,
627 1880 661 1901 se
677 1875 905 1909 representare
922 1871 1066 1906 curavit;

66 1925 147 1963 quin
165 1925 286 1963 potius,
303 1924 377 1954 licet
399 1925 587 1963 juramento
612 1928 762 1954 teneatur
775 1924 930 1953 astrictus
955 1924 1070 1953 Turri-

66 1980 178 2007 tanam
197 1977 370 2007 ecclesiam
392 1977 427 2006 in
444 1977 543 2006 certis
560 1976 638 2006 anni
654 1976 894 2006 festivitatibus
911 1985 1070 2014 persona-

64 2029 142 2059 liter
163 2029 317 2064 visitare‚
343 2029 376 2058 id
403 2033 527 2063 tamen,
552 2028 642 2058 nullo
663 2028 809 2065 legitimo
834 2028 1069 2066 impedimento

67 2081 230 2114 detentus.
245 2081 353 2111 facere
364 2090 421 2119 pro
438 2090 497 2111 sua
508 2090 652 2111 renuens
667 2081 845 2115 voluntate,
858 2081 945 2110 inter
961 2081 1070 2118 ipsum

67 2133 352 2171 archiepiscopum
377 2137 408 2164 et
438 2133 520 2163 alios
543 2133 694 2164 Sardinie
722 2133 879 2171 prelatos,
908 2142 944 2163 ex
978 2138 1069 2171 parte

67 2195 144 2222 una,
159 2190 190 2216 et
201 2185 424 2216 venerabilem
438 2186 574 2216 fratrem
590 2190 737 2215 nostrum
753 2208 772 2214 ..
786 2185 1069 2223 archiepiscopum

67 2238 239 2273 Pisanum,
255 2239 305 2275 [ex
320 2237 432 2273 altera,
448 2246 545 2276 super
559 2237 712 2276 primatia
728 2237 879 2268 Sardinie
896 2238 1068 2276 questione

67 2291 246 2330 pendente,
269 2291 453 2329 predictum
479 2290 763 2328 archiepiscopum
781 2291 976 2328 Pisanum]¹
997 2295 1069 2320 tan-

67 2352 166 2383 quam
179 2343 354 2382 primatem
366 2343 512 2381 recipere
527 2346 557 2372 et
569 2343 602 2372 in
619 2342 725 2381 ipsius
737 2351 834 2380 grave
850 2343 1069 2382 prejudicium

65 2404 243 2435 procurare
266 2395 481 2434 presumpsit;
506 2398 638 2433 propter
660 2394 746 2433 quod
766 2395 962 2425 Tui-ritanus
985 2395 1067 2434 ipse,

67 2448 209 2479 eundem
225 2447 356 2478 vinculo
373 2447 723 2478 excommunicationis
742 2447 941 2485 astringens,
960 2448 1069 2486 ipsum

67 2509 86 2531 a
117 2499 348 2539 temporalium
381 2499 681 2530 amministratione
713 2500 872 2538 privavit,
902 2500 1004 2530 donec
1035 2509 1069 2530 se

66 2557 180 2584 nostro
200 2553 390 2592 conspectui
412 2556 632 2592 presentaret‚
660 2561 758 2591 super
780 2553 952 2591 premissis
975 2562 1070 2583 man-

68 2606 154 2636 datis
177 2606 366 2645 apostolicis
390 2605 568 2644 pariturus.
592 2606 634 2635 At
655 2605 743 2643 ipse,
767 2605 934 2643 prioribus
958 2606 1070 2644 pejora

68 2658 294 2693 committens,
332 2658 367 2688 in
395 2658 504 2688 anime
534 2667 592 2688 sue
623 2657 831 2696 dispendium
865 2662 896 2687 et
922 2658 1069 2697 ejusdem

68 2710 238 2741 Turritani
256 2710 495 2748 archiepiscopi
513 2710 671 2749 injuriam
687 2714 718 2740 et
734 2714 967 2748 contemptum,
985 2710 1070 2740 divi-

67 2771 186 2794 norum
199 2763 303 2793 cultui
316 2767 437 2793 temere
451 2771 486 2793 se
501 2763 623 2801 ingerit
640 2767 670 2792 et
685 2763 837 2801 ingessit.
851 2763 958 2799 Quare
975 2763 1070 2794 nobis

99 2895 120 2919 1.
136 2895 175 2920 La
187 2895 273 2926 partie
289 2895 431 2926 imprimite
444 2897 521 2919 entre
534 2895 659 2919 crochets
676 2894 684 2925 [
697 2894 704 2926 ]
722 2897 763 2919 est
774 2895 887 2918 retablie
902 2902 950 2926 par
963 2896 1070 2925 conjec-

68 2941 138 2970 ture,
155 2938 261 2970 d'apres
276 2939 302 2963 la
315 2938 392 2970 piece
408 2939 582 2970 precedente.

1147 361 1254 391 dictus
1270 362 1466 392 Turi-itanus
1483 363 1653 392 humiliter
1670 363 1864 402 supplicavit
1883 370 1956 398 etc„
1981 369 2014 393 ut
2034 374 2142 403 supra,

1148 414 1302 452 usquein
1322 415 1432 444 tinem.
1450 415 1524 444 Dat.
1543 419 1702 453 utsupra.
1723 428 1735 442 u

1220 618 1342 646 2800

1183 677 1334 713 Officium),
1345 680 1521 707 subdiacono
1533 689 1593 711 suo,
1605 680 1691 714 priori
1705 680 1863 712 Nucerino,
1874 681 2032 714 apostolico
2042 682 2144 714 legato,

1695 619 1804 651 Awise,
1822 620 1855 646 1*
1867 619 1982 647 octobre
1996 620 2073 646 1235.

1149 728 1270 754 mandat
1284 732 1437 762 quatenus,
1454 737 1519 755 cum
1534 729 1684 759 Arzottus,
1700 729 1748 762 qui
1766 737 1816 762 pro
1833 729 1991 755 Sulticnsis
2007 730 2146 756 ccclesiae

1149 779 1262 810 pastore
1284 785 1313 802 se
1336 776 1466 809 gcrcbat,
1490 785 1647 811 procurans
1667 777 1702 803 ad
1725 777 1901 810 pontifis-alis
1928 778 2043 804 honoris
2063 778 2146 805 sasti—

1149 825 1227 857 gium
1246 825 1414 858 pervenire,
1432 825 1507 852 bona
1527 825 1618 859 ipsius
1639 825 1778 852 ccclesiae
1798 826 1957 852 simoniace
1979 826 2097 860 perdere
2119 830 2147 853 et

1150 873 1232 906 plura
1253 873 1313 900 alia
1334 874 1519 900 «committere
1539 874 1697 905 diceretur,
1720 873 1862 907 inquisita
1880 882 1966 907 super
1987 874 2031 900 his
2051 878 2076 899 et
2099 882 2146 900 co-

1149 921 1231 953 gnita
1247 921 1419 952 diligentius
1435 922 1570 954 veritate,
1587 922 1662 955 quod
1680 922 1824 948 invenerit
1845 930 1894 955 por
1909 930 1975 947 snas
1990 930 2080 956 papae
2097 922 2147 949 lit-

1150 971 1225 995 teras
1239 969 1351 995 studeat
1368 969 1493 995 fideliter
1509 969 1657 996 intimare.
1674 984 1703 987 —
1719 970 1804 1000 (lieo.
1820 970 1863 1001 18,
1877 971 1896 995 f.
1909 970 1942 995 78
1956 973 1994 1001 t·⁰;
2011 978 2080 996 ann.
2094 971 2146 999 lx.

1149 1024 1173 1042 e.
1190 1016 1264 1046 254.)

1191 1136 1203 1148 «
1222 1124 1264 1158 0.‚
1283 1124 1465 1152 subdiacono
1481 1128 1589 1157 nostra,
1605 1125 1706 1161 priori
1718 1125 1879 1153 Nucerino.
1893 1126 2055 1161 Apostolice
2066 1126 2149 1154 Sedis

1149 1176 1254 1212 leyaco.
1279 1176 1327 1205 Ne
1352 1175 1512 1205 notabiles
1535 1175 1685 1205 homines
1706 1193 1754 1204 —.
1775 1177 1847 1205 Dat.
1865 1177 1979 1206 Asisii.
1998 1178 2148 1208 kalendis

1149 1227 1302 1262 octobris,
1322 1236 1407 1257 anno
1427 1237 1523 1257 nono.
1544 1240 1556 1254 η

1219 1431 1336 1459 280¹

1186 1493 1329 1527 Episcopo
1343 1493 1486 1520 Perusino
1503 1494 1623 1519 mandat
1638 1497 1780 1527 quatenus
1792 1494 1968 1521 sententiam
1981 1503 2150 1522 excommu-

1696 1432 1827 1465 Foligno,
1841 1432 1857 1458 6
1873 1433 1987 1460 octobre
2001 1434 2079 1460 1235.

1150 1542 1308 1569 nicationis
1325 1542 1354 1568 in
1370 1542 1553 1575 Hugolinum
1570 1542 1606 1569 de
1622 1542 1784 1575 Hugolino,
1802 1543 1866 1576 qui,
1886 1543 1963 1569 inter
1978 1544 2046 1571 alia.
2064 1544 2151 1577 quod-

1149 1591 1216 1617 dam
1240 1593 1368 1617 castrum
1393 1590 1543 1617 Ecclesiae
1566 1591 1715 1617 Romanae
1738 1590 1874 1617 incendio
1896 1591 2101 1618 devastaverat
2123 1596 2152 1619 et

1150 1639 1307 1673 quemdam
1320 1640 1481 1665 vassallum
1497 1639 1649 1672 cujusdam
1668 1639 1763 1665 fidelis
1778 1639 1927 1666 Ec‹-1esiae
1940 1639 2063 1666 interfici
2079 1642 2151 1667 tece-

1150 1691 1205 1720 rat,
1218 1690 1246 1714 et
1261 1688 1289 1714 in
1303 1696 1404 1713 omncs
1419 1687 1449 1713 in
1464 1688 1516 1713 lioc
1532 1687 1725 1714 adhaerentes
1739 1687 1844 1716 cidem.
1864 1688 1901 1714 ab
1916 1688 1978 1722 ipso
1994 1696 2067 1722 papa
2084 1697 2151 1722 pro-

1151 1737 1324 1770 mulgatam,
1338 1744 1390 1762 nec
1402 1744 1459 1762 non
1473 1735 1546 1762 alias
1560 1735 1721 1762 sententias
1736 1735 1765 1761 in
1782 1735 1881 1761 eodem
1897 1736 2011 1769 negotio
2024 1737 2107 1765 latas,
2120 1736 2149 1762 in

1150 1784 1322 1816 Tudertina,
1336 1784 1480 1811 Perusina
1494 1787 1521 1810 et
1537 1784 1604 1810 aliis
1619 1783 1792 1811 civitatibus
1807 1787 1835 1810 et
1851 1784 2031 1810 dioecesibus
2043 1784 2151 1811 vicinis

1151 1833 1281 1867 publicet
1299 1837 1327 1860 et
1347 1833 1494 1860 observari
1513 1833 1611 1859 saciat.
1634 1847 1665 1850 —
1684 1833 1770 1863 (Rso.
1790 1833 1838 1862 18,
1862 1834 1880 1859 f.
1898 1833 1931 1859 78
1945 1836 1989 1863 v⁰:
2007 1842 2075 1860 ami.
2098 1834 2149 1860 lx.

1151 1890 1174 1908 c.
1192 1881 1267 1912 255.)

1193 1999 1204 2012 ι(
1233 2010 1252 2014 ..
1276 1988 1409 2024 episcopo
1432 1987 1589 2015 Perusino.
1612 1986 1694 2016 Cum
1718 1986 1913 2024 perditionis
1935 1987 2022 2016 iilius
2042 1989 2151 2025 liugo-

1150 2039 1240 2068 linus
1267 2039 1305 2068 de
1337 2038 1519 2076 Hugolino,
1547 2047 1604 2076 pro
1633 2047 1670 2068 eo
1700 2039 1786 2077 quod
1815 2039 1976 2077 quoddam
2008 2044 2151 2069 castrum

1152 2091 1297 2121 Ecclesie
1310 2093 1456 2121 Romane
1469 2091 1621 2121 incendio
1638 2091 1831 2121 devastavit.
1846 2096 1875 2120 et
1892 2092 2066 2130 quemdam
2083 2101 2151 2122 vas-

1152 2144 1270 2174 sallum
1288 2144 1459 2183 cujusdam
1476 2144 1579 2173 nostri
1597 2143 1703 2173 tidelis
1720 2143 1861 2173 interfici
1878 2144 2010 2179 fecerat,
2030 2145 2151 2173 nostris

1148 2197 1291 2236 jurasset
1310 2201 1395 2227 stare
1411 2197 1573 2226 mandatis
1591 2201 1621 2226 et
1638 2201 1743 2226 certos
1761 2196 1970 2235 fidejussores
1986 2197 2081 2227 nobis
2095 2208 2152 2235 pro

1152 2253 1239 2279 certa
1263 2249 1402 2287 pecunie
1429 2258 1556 2278 summa
1579 2249 1740 2283 dedisset,
1764 2249 1841 2287 quia
1867 2249 1952 2286 ipse,
1971 2250 2151 2288 juramenti

1150 2302 1281 2340 prestiti
1296 2301 1490 2331 temerarius
1504 2301 1651 2335 violator,
1671 2301 1710 2330 ad
1726 2302 1926 2339 presentiam
1943 2307 2099 2336 nostram,
2117 2303 2151 2332 in

1151 2354 1273 2392 prefixo
1293 2353 1357 2383 sibi
1379 2353 1536 2388 termino,
1555 2362 1653 2391 super
1671 2354 1842 2391 premissis
1860 2354 1981 2384 nostris
1998 2354 2153 2392 benepla-

1151 2407 1226 2436 citis
1248 2407 1433 2444 pariturus.
1456 2410 1485 2436 et
1509 2415 1606 2444 super
1629 2415 1666 2436 eo
1692 2406 1791 2435 etiam
1814 2407 1900 2444 quod
1921 2406 2049 2437 dilectis
2074 2407 2151 2437 tiliis

1152 2459 1295 2489 Hem-ico
1311 2458 1350 2488 de
1370 2458 1565 2493 Pareniano,
1585 2458 1785 2487 subdiacono
1802 2463 1923 2494 nostro,
1944 2463 1975 2489 et
1994 2459 2151 2488 fratribus

1151 2512 1238 2550 ejus,
1257 2511 1426 2549 Sanguine
1445 2511 1483 2541 de
1502 2510 1673 2541 Collazone
1692 2515 1721 2539 et
1744 2510 1940 2548 quibusdam
1962 2511 2036 2540 aliis
2059 2511 2152 2540 uobi-

1151 2564 1250 2599 libus,
1273 2564 1426 2594 fidelibus
1453 2564 1586 2599 nostris⁷
1605 2564 1745 2601 dampna
1763 2564 1873 2600 gravia
1897 2568 1926 2593 ct
1943 2564 2098 2602 injurias.
2117 2564 2151 2593 in

1151 2620 1374 2655 contemptum
1397 2616 1491 2646 Sedis
1517 2616 1714 2654 Apostolicc,
1741 2616 1912 2653 irrogarat,
1938 2615 2060 2653 pluries
2083 2625 2151 2645 mo-

1151 2669 1241 2698 nitus
1267 2669 1379 2699 venire
1405 2669 1616 2706 contempsit,
1645 2668 1677 2696 in
1707 2676 1781 2697 cum
1804 2668 2151 2697 cxrommunicationis

1152 2722 1351 2752 sententiam
1371 2722 1508 2751 fecimus
1525 2720 1736 2759 promulgari.
1759 2719 1820 2755 Qui
1841 2719 1986 2754 tandem,
2006 2719 2092 2753 licet,
2111 2719 2151 2749 ad

1152 2774 1373 2813 Apostolicam
1403 2774 1519 2804 Sedent
1546 2773 1719 2803 accedens.
1750 2772 1788 2801 dc
1815 2772 1958 2809 parendo
1987 2772 2150 2801 mandatis

1152 2827 1274 2856 nostris
1301 2826 1466 2865 corporale
1489 2825 1667 2864 prestiterit
1691 2825 1926 2863 juramentum.
1952 2829 1981 2853 et
2011 2824 2151 2854 nichilo-

1152 2878 1263 2908 minus
1286 2888 1343 2916 pro
1368 2883 1454 2908 certa
1479 2886 1604 2907 summa
1629 2876 1766 2914 pecunie
1789 2876 1883 2905 nobis
1911 2876 2151 2914 fidejussoriam

1154 2930 1280 2960 dederit
1305 2931 1508 2965 cautionem,
1537 2929 1623 2959 idem
1654 2933 1774 2962 tamon,
1802 2928 1956 2958 versutiis
1984 2928 2150 2958 consuetis
