2423 3487
166 347 220 378 559
884 343 1122 374 REGisTREs
1144 341 1199 371 DE
1221 333 1443 370 GREGOIRE
1467 340 1526 369 1x.
2198 338 2255 368 560

166 423 239 443 cum
258 413 380 443 venerit
401 413 431 441 in
450 412 648 450 1i›rosun‹‘lum
666 411 838 439 malorum.
857 409 1071 446 contempnit.
1091 407 1165 436 nul-

166 466 228 495 lam
247 465 375 494 videtur
393 465 548 502 recipere,
567 473 638 492 cum
656 472 832 501 percussus
850 471 914 490 non
932 461 1049 490 doleat.
1065 459 1166 489 medi-

165 519 284 547 cinam.
316 519 438 547 Yernm
473 522 596 551 tamen,
636 526 675 545 ne
711 520 764 545 tuc
801 515 971 543 videamur
1012 512 1165 551 petitioni

164 572 292 604 deesse,
311 571 390 609 quin
408 570 515 608 potius
535 570 599 598 tuis
616 569 806 602 desideriis,
826 572 984 606 quantum
1005 575 1078 595 cum
1096 567 1164 595 Deo

165 632 354 662 possumus,
383 632 577 651 concurrere
608 622 794 659 cupientes,
824 620 913 657 regie
944 619 1165 655 circumspec-

166 676 246 705 tioni
264 675 499 705 committimus
517 679 562 709 ut,
581 678 709 711 recepta
727 673 766 702 ab
786 682 822 701 eo
842 671 1019 701 sufficienti
1041 675 1071 700 et
1094 670 1164 699 ido-

164 738 222 758 nea
247 728 416 761 cautione,
435 727 521 765 quod
543 727 577 755 in
597 726 743 764 proximo
762 725 928 762 passagio.
954 723 1106 753 videlicet
1129 723 1164 751 in

164 782 246 810 sesto
263 781 349 809 beati
365 780 529 811 Joltannis
546 779 693 817 Baptiste
710 778 862 816 sequenti
879 781 947 814 post
966 775 1161 814 proximum,

162 834 249 864 omni
270 834 441 863 occasione
459 837 486 861 et
505 832 716 861 excusatione
733 830 952 859 cessantibus.
968 829 1164 858 transfreta-

163 888 219 917 bit.
240 887 415 916 terminum
434 886 463 915 ei
480 894 584 923 usque
602 884 639 913 ad
660 884 745 912 idem
765 882 964 920 passagium.
990 890 1063 910 cum
1087 889 1165 910 con-

162 941 237 969 silio
253 940 428 969 karissime
445 939 478 968 in
493 938 626 969 Christo
644 937 710 965 lilie
728 940 838 965 nostre
852 934 1036 974 B[tancl1e],
1051 934 1164 971 regine

162 998 361 1026 Francorum
379 993 530 1022 illustris.
549 991 665 1020 matris
682 994 747 1019 tue.
768 998 803 1018 ac
822 988 1022 1027 prelatorum
1043 987 1164 1026 quibus

162 1060 259 1088 super
274 1049 334 1077 hoc
351 1047 525 1084 dirigimus
545 1045 666 1082 scripta
684 1047 806 1076 nostra,
824 1042 957 1071 studeas
975 1049 1163 1079 prorogare.

161 1102 252 1139 Quod
270 1102 297 1131 si
314 1101 500 1130 cautionem
521 1098 657 1127 eandem
675 1100 821 1134 prestare
839 1094 993 1129 noluerit,
1014 1093 1165 1123 conside-

162 1156 241 1185 ratis
265 1152 525 1184 circumstantiis
549 1149 717 1179 universis
738 1157 800 1187 que
826 1148 860 1176 in
885 1147 945 1176 1100
967 1146 1093 1176 suerint
1116 1150 1165 1175 at-

161 1208 337 1241 tendendo,
357 1206 511 1243 disponas
529 1213 626 1241 super
642 1202 703 1231 hoc
726 1205 821 1239 prout
838 1200 975 1229 utilitati
993 1199 1118 1237 negotii
1134 1203 1166 1229 et

162 1260 351 1292 necessitati
368 1260 478 1292 Terre,
494 1256 676 1287 secundum
695 1255 803 1284 datam
825 1253 884 1282 tibi
901 1262 917 1282 a
937 1254 1004 1283 Deo
1021 1252 1165 1290 pruden-

162 1316 256 1349 tiam,
276 1313 399 1342 videris
418 1311 585 1349 expedire,
604 1309 735 1347 proviso
753 1307 838 1346 quod
854 1306 942 1335 ultra
958 1306 1080 1335 dictum
1099 1309 1165 1335 ter-

160 1369 287 1397 minum
304 1365 431 1395 indutie
449 1364 639 1393 nullatenus
657 1361 721 1391 sibi
745 1363 973 1398 prorogentur,
997 1358 1163 1393 Ceterum,

161 1430 234 1451 cum
260 1430 378 1458 nuper.
404 1418 443 1448 ad
468 1416 664 1446 instantiam
693 1414 885 1443 nuntiorum
915 1417 1062 1447 tuorum,
1089 1411 1165 1440 illos

161 1475 217 1514 qui
249 1474 287 1503 ad
319 1471 572 1511 inquisitionem
611 1467 802 1507 hujusmodi
833 1467 968 1495 fuerunt
998 1464 1163 1502 deputati,

161 1537 242 1566 quos
257 1527 343 1555 idem
359 1533 466 1554 comes
484 1526 653 1560 suspectos
666 1530 699 1550 se
711 1520 833 1549 habere
848 1518 986 1553 dicebat,
1003 1518 1042 1547 ab
1057 1517 1165 1556 inqui-

161 1581 281 1611 sitione
300 1580 369 1617 ipsa
389 1576 592 1614 fec[er]imus
610 1573 765 1607 amoveri,
782 1573 859 1611 quia
877 1571 1007 1609 negotio
1023 1570 1100 1600 fidei
1118 1570 1165 1600 510

161 1637 268 1672 posset
289 1640 417 1669 semper
438 1628 550 1663 illudi,
572 1626 747 1665 presertim
773 1634 847 1654 cum
868 1629 981 1653 contra
1002 1623 1165 1662 predictos

162 1688 281 1716 fratres
313 1693 420 1713 comcs
446 1683 516 1720 ipsc
543 1679 742 1718 suspicionis
773 1687 906 1708 causam
933 1676 1166 1707 rationabilem

164 1749 227 1769 non
255 1737 414 1771 ostendat,
444 1736 532 1773 ipsos
559 1734 598 1763 ad
626 1741 761 1771 presens
793 1731 831 1761 ab
857 1730 1075 1769 inquisitione
1100 1738 1166 1759 non

163 1792 365 1831 providimus
386 1788 600 1822 amovendos,
620 1786 675 1815 sed
692 1785 753 1814 boc
775 1788 876 1814 totum
896 1783 1089 1813 discretioni
1111 1791 1168 1812 ve-

163 1845 322 1877 nerabilis
354 1843 464 1872 fratris
493 1840 598 1870 nostri
628 1863 645 1868 ..
676 1837 915 1875 archiepiscopi
942 1835 1164 1870 Viennensis,

162 1897 348 1937 Apostolicc
368 1895 461 1926 Sedis
477 1893 588 1931 legati,
606 1891 853 1924 committimus,
872 1894 917 1919 ut.
942 1889 969 1919 si
989 1889 1095 1918 dictus
1112 1897 1166 1918 00-

162 1961 230 1981 mes
247 1958 379 1980 causam
397 1946 627 1977 rationabilem
645 1943 846 1982 suspicionis
858 1942 1039 1972 ostenderit
1054 1946 1167 1971 contra

162 2014 227 2039 eos,
246 2003 327 2042 ipsis
344 2001 472 2035 amotis,
492 2008 648 2038 personas
670 1997 858 2035 suspicione
880 2000 1030 2025 carentes
1049 1995 1167 2033 hujus-

162 2057 249 2087 modi
267 2055 397 2093 negotio
414 2053 543 2084 studeat
559 2052 726 2090 deputare.
745 2052 817 2080 Dat.
834 2051 1035 2083 Inteimnne,
1049 2049 1078 2078 V
1092 2048 1166 2077 idus

162 2109 334 2141 februarii,
353 2116 439 2137 anno
455 2106 592 2136 decimo.
610 2117 622 2131 υ

233 2306 349 2335 3499
745 2301 847 2333 Terni,
862 2301 877 2327 9
894 2300 1093 2327 tex-rier1237.

199 2378 212 2395 <t
230 2371 261 2397 In
284 2368 408 2395 eundem
430 2368 488 2393 fere
510 2365 627 2391 modum
649 2385 666 2390 ..

163 2422 195 2447 ut
211 2426 312 2453 supra,
328 2424 418 2450 usque
435 2424 441 2441 2
459 2414 574 2441 studeat
595 2413 744 2447 deputare.
768 2412 891 2445 Ideoque
911 2411 1100 2437 serenitatem
1120 2418 1165 2436 re-

163 2467 240 2501 giam
267 2465 425 2499 rogandam
450 2462 590 2489 duximus
614 2463 642 2488 et
667 2460 843 2487 monendam
871 2462 1014 2493 quatenus
1039 2459 1164 2485 eundem

163 2524 259 2549 regem
276 2513 419 2541 attentius
434 2520 551 2538 moneas
570 2513 598 2537 et
615 2509 738 2536 inducas
757 2512 789 2535 ut
805 2516 891 2542 super
910 2508 963 2534 hoe
984 2507 1083 2534 taliter
1103 2510 1166 2534 stu-

162 2565 230 2591 deat
245 2562 413 2598 providere,
431 2560 506 2594 quod
524 2560 584 2586 Deo
598 2558 710 2593 potius,
727 2557 810 2590 cujus
831 2559 873 2583 est
894 2556 1059 2590 negotium,
1077 2564 1164 2589 quam

164 2612 277 2639 homini
301 2612 461 2637 deleratur.
482 2609 549 2636 Dat.
565 2610 597 2634 ut
618 2615 714 2641 supra.
733 2614 746 2631 ))
762 2621 793 2624 -—
810 2606 895 2637 (Rae.
911 2604 955 2636 18,
971 2606 990 2631 f.
1005 2604 1056 2631 ‘228
1072 2607 1117 2636 v⁰3
1133 2619 1164 2622 —

162 2661 295 2688 MOREAU
308 2659 387 2688 1191,
406 2659 425 2684 f.
440 2657 492 2684 208
505 2657 558 2687 v⁰.)

683 2365 772 2396 rcqine
789 2364 956 2388 Francorum
975 2363 1080 2387 illustri
1097 2364 1164 2394 etc.‚

233 2851 350 2880 3500
738 2845 842 2878 Terni‚
859 2845 875 2871 9
892 2844 999 2871 fe'vrier
1015 2844 1093 2870 1237.

200 2922 213 2939 (t
239 2915 271 2940 In
293 2912 418 2939 eundem
444 2912 503 2937 tere
525 2910 645 2937 modum
663 2930 681 2936 ..
699 2908 897 2940 archiepiscopo
920 2906 1082 2938 Senonensi,
1105 2908 1128 2930 ct
1146 2925 1164 2932 ..

164 2962 359 2990 silvanectensi
373 2963 395 2985 rt
412 2981 428 2986 ..
447 2959 575 2984 chlclensi
590 2958 727 2990 episcopis,
742 2964 833 2990 usque
849 2964 854 2982 t
872 2955 1022 2989 deputare.
1041 2954 1165 2988 Ideoque

166 3011 340 3039 mandamus
359 3011 501 3043 quatenus
517 3007 631 3033 eosdem
648 3014 744 3039 regem
761 3008 789 3032 et
810 3004 941 3038 reginam
959 3002 1104 3029 moneatis
1120 3005 1165 3029 at:-

1247 406 1358 433 tentius
1372 408 1440 438 etc„
1456 408 1485 432 ut
1503 413 1599 439 supra.
1617 405 1685 432 Dat.
1703 408 1735 431 ut
1751 413 1847 439 supra.
1865 413 1878 430 ))
1894 420 1924 423 -
1942 405 2028 437 (Rm.
2045 405 2089 436 18.
2106 406 2126 432 f.
2143 405 2195 432 228
2208 408 2253 437 v⁰·,

1247 469 1279 472 —
1296 454 1428 481 Monam
1443 453 1522 483 1191,
1540 455 1558 480 f.
1577 453 1628 480 208
1642 454 1695 483 νο.)

1317 639 1429 666 3501

1281 701 1512 735 Archiepiscopo
1538 702 1720 734 Viennensi,
1750 702 1938 736 Apostolicae
1967 702 2052 729 Sedis
2079 703 2188 735 legato,
2219 702 2255 729 de

1246 750 1347 777 eadem
1372 758 1402 776 re
1425 750 1543 783 scribit,
1563 750 1648 784 eique
1672 751 1794 777 mandat
1817 753 1977 784 quatenus,
1998 751 2023 777 si
2047 758 2098 784 per
2117 751 2254 777 eumdem

1246 807 1343 832 regem
1369 799 1549 825 Francorum
1575 799 1732 833 contigerit
1757 799 1870 826 dictum
1902 799 2065 826 terminum
2095 798 2253 833 prorogari,

1246 847 1367 874 interim
1380 847 1443 881 ipse
1455 847 1636 874 exsecutioni
1651 847 1785 874 mandati
1796 847 1961 882 apostolici,
1974 847 2115 874 videlicet
2126 847 2162 874 de
2175 855 2256 874 com-

1246 896 1384 929 pellendo
1407 895 1544 922 eumdem
1570 896 1708 922 comitem
1732 896 1768 922 ad
1792 896 2045 923 transfretandum
2067 896 2098 922 in
2121 895 2255 930 proximo

1247 944 1354 971 martio
1368 948 1385 977 ¹,
1403 944 1601 978 supersedeat,
1619 947 1647 971 et¹
1663 945 1858 977 sententiam,
1874 945 1897 971 si
1915 953 2001 979 quam
2020 946 2117 971 forsan
2139 947 2257 979 propter

1247 994 1300 1019 hoe
1321 993 1351 1019 in
1374 993 1471 1026 ipsum
1495 993 1634 1019 comitem
1656 994 1832 1027 protulerat,
1852 994 1936 1027 juxta
1956 994 2082 1020 formam
2104 993 2255 1020 Ecclesiae

1246 1042 1374 1073 relaxet3
1390 1041 1466 1074 quod
1480 1041 1503 1067 si
1521 1042 1671 1075 praefatus
1688 1050 1784 1068 comes
1798 1050 1916 1068 causam
1934 1041 2142 1068 rationabilem
2159 1041 2256 1076 suspi-

1247 1090 1341 1116 cionis
1355 1092 1457 1116 contra
1469 1091 1573 1116 fratres
1585 1090 1776 1123 inquisitores
1790 1090 1962 1123 ostenderit,
1975 1090 2047 1124 ipsis
2061 1090 2179 1123 amotis,
2191 1098 2256 1117 sus-

1246 1139 1363 1173 picione
1379 1141 1511 1165 carentes
1527 1146 1665 1172 personas
1682 1138 1797 1172 negotio
1813 1138 1881 1164 fidei
1897 1138 2028 1173 deputet.
2051 1153 2082 1156 —-
2102 1140 2188 1171 (ΗΕΘ.
2209 1138 2255 1172 18,

1247 1188 1267 1214 f.
1290 1186 1341 1213 228
1357 1190 1402 1218 v⁰;
1420 1195 1490 1213 ann.
1505 1187 1549 1219 X,
1567 1195 1591 1213 0.
1609 1186 1678 1219 360;
1694 1202 1725 1204 -
1740 1186 1873 1214 MOREAU
1890 1187 1970 1219 1191,
1985 1188 2005 1214 f.
2022 1187 2098 1219 205.)

1833 640 1932 673 Terni,
1947 640 1963 666 9
1979 640 2088 666 sevrier
2103 640 2182 667 1237.

1289 1301 1302 1314 α
1334 1313 1352 1317 ..
1382 1289 1609 1325 ανειίιῖορὶεοορο
1642 1289 1817 1323 Viennensi,
1845 1289 2011 1326 Apostolicc
2038 1289 2122 1318 Sedis
2149 1289 2255 1326 leyato.

1247 1341 1330 1371 Cum
1358 1341 1558 1370 karissimus
1582 1340 1615 1369 in
1643 1358 1692 1369 —.
1719 1341 1791 1370 Dat.
1818 1341 2025 1376 Interamnc‚
2054 1341 2083 1371 V
2107 1341 2182 1371 idus
2206 1341 2256 1371 fe-

1246 1394 1386 1429 bruarii,
1408 1403 1495 1424 anno
1513 1394 1652 1423 decimo.
1674 1406 1686 1420 »

1319 1586 1436 1613 3502

1284 1648 1441 1676 Universis
1455 1648 1686 1682 archiepiscopis
1703 1650 1731 1675 et
1747 1648 1892 1682 episcopis
1908 1656 1959 1682 per
1974 1656 2096 1681 regnum
2114 1647 2257 1675 Franciae

1248 1697 1419 1724 constitutis
1437 1697 1627 1730 conqueritur
1645 1697 1680 1723 de
1699 1696 1835 1730 turpibus
1855 1696 1970 1723 actibus
1986 1697 2255 1730 crucesignatorum

1248 1746 1279 1773 in
1291 1746 1392 1773 eodem
1409 1754 1507 1780 regno,
1520 1746 1677 1780 privilegio
1692 1745 1904 1779 crucesignatis
1920 1745 2037 1772 indulto
2050 1745 2255 1778 abutentiuuu

1249 1795 1372 1822 mandat
1383 1794 1425 1821 015
1437 1797 1581 1828 quatenus
1594 1795 1769 1828 provideant
1782 1796 1815 1820 ut
1825 1794 1943 1820 illorum
1959 1794 2087 1820 erimina
2097 1802 2153 1821 non
2163 1802 2258 1821 rema-

1931 1851 2001 1869 ann.
2023 1843 2067 1876 X,
2089 1851 2114 1870 0.
2132 1842 2200 1875 361;
2225 1857 2256 1861 -

1817 1586 1917 1618 Terni,
1932 1585 1966 1612 10
1981 1585 2090 1612 sevrier
2105 1585 2183 1612 1237.

1249 1846 1339 1870 neant
1354 1843 1515 1878 impunita.
1533 1858 1564 1861 -
1589 1844 1675 1875 (Rae.
1691 1842 1739 1875 18,
1757 1844 1777 1869 f.
1801 1843 1853 1869 229
1869 1846 1909 1875 r⁰;

1249 1893 1286 1919 cf.
1304 1899 1400 1925 supra,
1418 1901 1446 1919 n.
1464 1891 1640 1924 3308-3312.)

1291 2007 1304 2020 <c
1326 1995 1481 2023 Universis
1497 1995 1733 2031 archiepiscopis
1749 1999 1774 2022 et
1791 1995 1935 2031 episcopis
1947 2002 2000 2031 per
2012 2002 2143 2030 regnum
2156 1993 2257 2022 Fran-

1249 2049 1292 2077 cie
1319 2047 1504 2076 constitutis.
1533 2047 1701 2083 Quantum
1730 2055 1789 2075 nos
1816 2050 1932 2083 urgeat
1960 2046 2127 2083 negotium
2158 2046 2258 2075 Terre

1250 2100 1380 2134 Sancte,
1394 2100 1426 2129 Is
1442 2099 1533 2129 novit
1549 2098 1692 2137 plenius,
1707 2098 1763 2137 qui
1778 2098 1873 2128 finxit
1887 2098 1984 2128 corda
1997 2098 2170 2127 hominum
2187 2097 2258 2127 sin-

1249 2152 1408 2190 gillatim,
1426 2161 1501 2181 cum
1518 2152 1557 2181 ad
1574 2151 1806 2181 liberationem
1822 2151 1929 2189 ipsius
1946 2152 2045 2181 Terre
2064 2150 2141 2180 totis
2158 2150 2258 2181 affec-

1250 2205 1339 2235 tibus
1360 2205 1504 2243 totisque
1522 2204 1698 2234 desideriis
1716 2204 1912 2242 aspiremus.
1938 2204 2034 2234 Unde
2051 2212 2115 2233 non
2133 2203 2257 2242 absque

1249 2256 1357 2286 cordis
1375 2255 1608 2289 amaritudine,
1623 2255 1802 2285 karissimo
1818 2255 1852 2284 in
1870 2254 2003 2285 Christo
2020 2254 2088 2284 filio
2106 2259 2218 2284 nostro
2236 2277 2256 2283 ..

1248 2309 1373 2338 illustri
1385 2318 1461 2347 rege
1476 2308 1615 2338 Francie
1632 2318 1689 2346 per
1704 2308 1834 2338 litteras
1851 2317 1928 2338 suas
1945 2312 1976 2338 et
1990 2308 2144 2337 nuntium
2161 2307 2258 2338 nohis

1249 2366 1448 2400 exponente,
1474 2362 1663 2391 audivimus
1687 2361 1773 2400 quod
1797 2361 1950 2391 nonnulli
1973 2361 2197 2399 crucesignati
2221 2360 2257 2391 in

1248 2423 1351 2452 regno
1370 2414 1508 2444 Francie
1530 2414 1727 2448 existentes,
1749 2413 1820 2452 qui,
1840 2413 1936 2452 quasi
1959 2413 2173 2448 sanctificati,
2191 2414 2257 2443 Do-

1248 2467 1332 2496 mini
1359 2467 1512 2497 timorem
1537 2471 1568 2497 et
1597 2476 1741 2497 amorem
1768 2466 1918 2496 divinum
1946 2466 2104 2496 deberent
2134 2465 2257 2496 habere

1249 2528 1379 2558 semper
1395 2523 1470 2549 ante
1488 2519 1600 2550 oculos
1617 2529 1676 2549 sue
1692 2519 1826 2554 mentis,
1840 2524 1876 2549 ut
1893 2519 1999 2549 nichil
2014 2516 2258 2549 committerent

1248 2582 1305 2611 per
1325 2573 1411 2611 quod
1430 2573 1577 2603 divinam
1594 2573 1800 2603 offenderent
1816 2573 2034 2612 maJestatem,
2050 2576 2258 2611 assumptum

1249 2625 1378 2656 vivifice
1393 2626 1501 2655 crucis
1513 2626 1657 2663 signum,
1671 2625 1795 2655 astutia
1808 2625 1972 2655 diabolica
1987 2625 2154 2660 fascinati,
2168 2624 2259 2655 velut

1247 2678 1283 2707 in
1300 2678 1472 2716 angariam
1488 2678 1686 2717 bajulantes,
1701 2677 1882 2708 virtutibus
1894 2677 2007 2708 libello
2024 2677 2098 2707 dato
2114 2677 2256 2716 repudii,

1248 2731 1295 2760 sic
1312 2735 1505 2761 contraxere
1521 2740 1595 2760 cum
1612 2731 1715 2766 vitiis,
1735 2740 1771 2760 ex
1788 2730 1917 2760 indulto
1931 2729 2173 2768 crucesignatis
2188 2729 2258 2768 pri-

1247 2783 1423 2821 vilegiode
1440 2783 1639 2821 impunitate
1656 2783 1783 2817 confisi,
1800 2782 1888 2822 quod
1901 2782 2039 2812 utilitati
2055 2781 2181 2820 negotii
2199 2790 2259 2820 per

1247 2835 1324 2871 hoc,
1344 2845 1408 2866 non
1425 2836 1550 2875 absque
1567 2836 1747 2866 multorum
1770 2835 1943 2871 scandalo,
1961 2835 2142 2874 plurimum
2161 2835 2258 2865 dero-

1248 2893 1344 2926 gatur
1362 2906 1410 2917 —.
1431 2889 1652 2919 Universitati
1670 2892 1777 2918 vestre
1794 2888 1991 2918 mandamus
2008 2891 2173 2926 quatenus
2190 2887 2257 2917 sin-

1281 3007 1300 3031 1.
1320 3007 1360 3031 Cl.
1378 3014 1475 3036 supra.
1493 3012 1520 3030 n‘·
1537 3007 1607 3034 3188,
1624 3008 1674 3031 col.
1694 3007 1748 3030 4:513.
