2519 3518
95 327 150 357 757

95 397 128 423 et
143 402 219 423 suos
241 393 382 431 collegas
401 394 609 424 obtentarum
631 393 776 423 debitum
794 394 933 424 velimus
955 393 1097 424 obtineri

96 445 249 483 rigorem,
267 446 479 477 universitati
495 451 601 476 vestre
615 455 670 484 per
681 446 859 484 apostolica
872 446 992 484 scripta
1004 455 1096 475 man-

94 497 212 528 damus
231 503 406 537 quatenus,
427 504 492 529 tam
510 499 544 528 in
562 498 792 537 spiritualibus
809 508 905 538 quam
923 499 955 528 in
975 503 1097 536 tempo-

98 550 222 581 ralibus
237 551 346 581 abbati
362 551 552 582 obedientes
569 551 686 585 eidem,
701 551 934 581 correctionem
952 556 982 581 et
998 552 1097 580 resor-

98 602 286 639 mationem,
316 613 352 633 ac
383 603 447 633 alia
475 608 597 633 statuta
623 608 654 633 et
684 604 838 633 mandata
862 603 1010 633 salubria
1035 612 1097 642 que

97 655 184 685 idem
200 655 301 686 abbas
321 656 354 685 in
374 661 482 686 vestro
498 655 640 694 capitulo
657 656 815 693 generali,
832 655 882 686 vel
898 655 1098 694 specialibus

100 708 311 738 monasteriis
327 713 358 738 et
373 708 524 746 personis
540 708 686 747 ejusdem
702 708 840 743 ordinis,
855 708 980 743 fecerit,
993 707 1098 737 humi-

99 759 174 791 liter
193 764 224 790 et
238 760 351 791 devote
370 761 516 799 recipere
530 760 745 791 etobservare
762 761 895 795 curetis,
911 769 970 790 nec
984 769 1098 798 presu-

99 812 196 842 matis
214 813 392 851 quominus
406 813 476 851 ipse
493 814 543 843 sui
561 818 740 852 exequatur
755 813 854 843 oflicii
867 813 1026 848 debitum,
1040 812 1098 841 im-

99 865 220 903 pedire.
245 865 400 904 Alioquin
420 875 484 895 non
501 866 680 904 poterimus
697 866 918 904 equanimiter
933 865 1097 895 sustinere

97 917 178 956 quin
197 917 456 948 inobedientiam
480 923 620 948 vestram
646 918 789 955 graviter
811 918 998 956 puniamus.
1023 919 1094 948 Dat.

98 969 252 1004 Viterhii.
271 970 299 999 V
314 969 472 1000 kalendas
488 970 693 1008 septembris,
715 979 800 1000 anno
815 971 998 1000 undecimo.
1018 982 1029 996 »

135 1204 271 1230 Remensi
285 1203 504 1237 archiepiscopo
520 1208 545 1230 et
565 1204 766 1230 suessionensi
782 1203 926 1237 episeopo.
943 1204 978 1229 de
994 1203 1094 1229 eadem

667 1142 798 1171 Vitta-bv,
815 1142 848 1168 28
863 1145 929 1167 ausit
948 1142 1024 1168 1237.

98 1259 127 1277 re
137 1250 276 1278 scribens.
291 1251 412 1277 mandat
424 1255 566 1285 quatenus
581 1251 715 1277 eumdem
729 1251 863 1278 abbatem
879 1252 1096 1277 I‘raemonstta-

98 1303 208 1325 tensem
231 1302 257 1325 et
272 1299 345 1326 alias
359 1300 488 1333 ejusdem
507 1299 618 1326 ordinis
636 1299 934 1326 l'raemonstratensis
950 1307 1095 1333 personas,

98 1347 261 1374 sententiae
278 1348 455 1381 apostolicae
472 1356 571 1381 parere
583 1351 781 1381 prm-urantes,
799 1348 947 1375 molestari
961 1356 1016 1373 non
1031 1355 1096 1382 per-

100 1395 236 1424 mittant:
261 1395 463 1429 praesentibus
486 1400 545 1429 post
571 1395 732 1422 triennium
757 1395 880 1422 minime
901 1395 1048 1422 valituris.
1064 1409 1096 1414 —-

98 1443 184 1473 (Rso.
203 1443 245 1470 18.
263 1445 281 1470 t'.
299 1443 347 1470 321
366 1448 403 1474 r‘';
420 1452 489 1469 ann.
509 1444 560 1471 XI.
578 1452 602 1470 c.
617 1444 682 1471 22⁶2:
701 1458 730 1461 —
750 1443 1096 1474 Moass.tu1191,1·.367.)

138 1555 150 1568 ι(
181 1565 200 1571 ..
224 1544 358 1573 Remensz'
380 1544 602 1581 archiepiscopo
628 1549 653 1572 et
680 1566 699 1572 ..
722 1544 854 1581 episcopo
875 1544 1095 1573 Suessionensi'.

96 1593 179 1625 Cum
195 1594 290 1625 nobis
302 1594 380 1625 olim
396 1612 444 1623 —.
464 1596 537 1625 Dat.
557 1600 591 1624 ut
607 1604 714 1633 supra.
739 1608 751 1621 »

165 1765 284 1793 8859
666 1767 797 1799 Yiterbe,
814 1768 845 1794 31
863 1770 929 1794 aout
946 1768 1024 1794 1237.

131 1827 233 1853 Sancti
250 1827 343 1855 Petri.
362 1828 463 1854 Sancti
482 1829 624 1862 Stephani
643 1833 666 1854 et
688 1830 813 1855 Sancta<-
831 1829 944 1856 Mariae
962 1830 990 1856 iu
1008 1832 1097 1857 (faui-

98 1875 141 1909 pis
157 1875 401 1907 Maguutinorutu
417 1876 536 1902 decanis
554 1877 671 1903 mandat
688 1882 831 1910 quatenus
846 1877 1097 1912 (·‹›1n·a‹tu=1›.[ea-

97 1924 235 1950 nonicum
253 1914 483 1959 coloniensem}
499 1925 696 1958 praepositum
713 1927 839 1952 Sanctae
851 1926 963 1952 Mariae
979 1927 1013 1953 ad
1027 1929 1096 1953 Gra-

97 1971 150 1998 dus
173 1971 368 2000 Coloniensis.
393 1987 421 1990 —
442 1973 502 2006 qui,
527 1982 592 1999 cum
617 1974 768 2000 Conradus
784 1974 818 2000 de
835 1975 921 2003 Bure.
939 1975 1098 2001 eanonicus

97 2019 292 2051 Coloniensis,
317 2024 484 2054 procurator
507 2021 645 2050 Couradi,
663 2022 820 2055 praepositi
842 2022 1036 2055 cotoniensis,
1068 2023 1096 2049 in

97 2069 275 2101 corporalem
292 2069 500 2101 possessionem
518 2077 596 2098 suae„
612 2069 749 2096 videlicet
765 2070 960 2099 Coloniensis,
978 2079 1098 2105 praepo-

98 2116 206 2143 siturae
224 2116 421 2148 induceretur,
438 2126 496 2143 una
512 2126 576 2143 cum
593 2117 766 2150 quibusdam
785 2119 978 2152 complicibus
994 2128 1098 2146 conca-

100 2164 236 2191 nonicum
253 2165 337 2191 illum
355 2164 474 2199 [suutul,
492 2165 631 2192 videlicet
647 2166 814 2192 (roni—adum
832 2167 867 2193 (lc
881 2167 967 2196 Bure.
988 2176 1038 2201 per
1054 2176 1098 2194 ca-

99 2213 185 2246 pillos
199 2214 349 2247 expulerat
364 2222 379 2239 a
394 2214 522 2247 capitulo
537 2214 690 2242 violenter.
705 2220 731 2241 et
748 2218 856 2248 postea,
871 2216 1000 2248 ejusdem
1014 2225 1098 2243 cano-

100 2261 158 2288 nici
173 2262 291 2288 domum
309 2262 463 2293 invadens,
474 2262 556 2288 bonis
572 2263 709 2289 munibus
726 2263 834 2290 ibidem
851 2264 980 2290 inventis
992 2265 1098 2291 exinde

98 2309 265 2343 asportatis,
279 2318 345 2336 eum
365 2310 392 2336 in
411 2319 553 2336 carcerem
570 2311 743 2343 conjecerat,
761 2326 790 2329 ——
806 2312 929 2345 pulsatis
945 2314 1098 2346 campanis

99 2362 125 2384 et
147 2358 277 2385 candelis
302 2358 442 2389 accensis,
467 2359 591 2390 singulis
616 2359 718 2385 diebus
741 2360 899 2386 dominicis
920 2364 946 2387 et
973 2361 1097 2394 festivis,

99 2407 386 2433 excouununicatuut
398 2415 464 2433 cum
479 2407 588 2433 eisdem
602 2408 796 2441 eomplicibus
813 2409 929 2442 publice
944 2410 1098 2442 nuntient3

103 2455 226 2489 adjectis
247 2456 397 2481 nonnullis
421 2455 568 2482 mandatis
584 2456 618 2481 ad
638 2464 695 2482 reni
713 2457 846 2482 eamdem
871 2458 1097 2490 pcrtinentibus.

99 2518 130 2522 —
147 2504 232 2534 (Rau.
251 2503 298 2530 18.
322 2505 340 2529 s.
365 2504 412 2529 321
436 2508 474 2531 r'':
492 2512 560 2530 ann.
580 2504 632 2532 xl,
649 2512 673 2530 c.
691 2504 758 2533 223:
777 2519 806 2522 —
826 2506 980 2532 Por‘ruasr
995 2507 1098 2535 10139:

101 2566 130 2570 —
147 2553 184 2578 cf.
202 2559 296 2584 supra,
315 2561 342 2578 n.
357 2552 436 2579 2:258.
451 2552 530 2580 2323,
549 2552 618 2578 3157
636 2557 661 2578 et
679 2553 771 2578 3427.)

141 2664 153 2678 ι
173 2674 191 2680 ..
211 2652 316 2681 Sancti
333 2653 422 2687 Petri,
443 2675 461 2680 ..
480 2653 584 2681 Sancti
599 2653 744 2689 Stephani
760 2659 786 2682 e!
804 2676 823 2681 ..
839 2654 943 2683 Sam-le
959 2655 1053 2684 Marte
1068 2657 1099 2684 ἰη

100 2705 221 2742 Campis
249 2704 394 2743 ‹Iecan[is]
425 2704 649 2743 ,tlayzciitin[is].
683 2705 837 2734 Exliibita
868 2706 962 2736 nobis
989 2707 1100 2737 dilecti

100 2755 161 2786 filii
176 2755 355 2795 C[onradi],
374 2756 530 2795 prepositi
549 2756 768 2786 Coloniensis.
786 2758 900 2795 petitio
912 2759 1100 2789 continebat

101 2808 197 2847 quod,
215 2817 289 2839 cum
305 2809 428 2838 dudum
441 2808 648 2846 C[onradus]‚
665 2810 850 2847 prepositus
866 2810 983 2841 Sancte
997 2812 1100 2841 Marte

102 2860 141 2890 ad
162 2861 291 2891 Gradus
317 2860 541 2896 Coloniensis,
564 2861 672 2898 ipsum
696 2862 901 2899 prepositura
923 2871 981 2892 sua
1004 2863 1100 2893 Colo-

102 2913 211 2943 niensi
236 2922 293 2952 per
317 2913 509 2943 violentiam
537 2912 726 2951 spoliasset.
759 2922 833 2949 nos,
860 2920 929 2952 post
953 2915 1101 2946 diversas

101 2965 351 2995 commissiones
372 2965 551 3004 adjudices
571 2965 718 2995 diversos
743 2966 820 2996 hinc
841 2967 917 2997 inde
939 2967 978 2997 ab
996 2969 1101 3006 Apos-

949 321 1140 358 oxztmffl
1164 320 1320 357 ΔΝΜ-ΞΕ.

1139 2969 1143 3015 t

2120 333 2177 361 7:3⁸

1180 392 1277 422 tolica
1301 393 1382 423 Sede
1406 394 1571 423 obtentas.
1597 394 1725 423 dilectis
1754 394 1832 424 tiliis
1859 417 1864 423 .
1902 395 2010 424 abbati
2034 397 2177 426 Eberha-

1179 446 1281 480 ccnsi‚
1305 446 1497 483 Maguntine
1523 447 1678 475 diocesis.
1707 448 1871 477 ..decano
1899 453 1927 477 et
1957 472 1975 477 ..
2004 449 2177 479 scolastico

1180 498 1384 535 Maguntinis
1409 498 1559 527 dedimus
1586 501 1706 528 nostris
1733 500 1851 529 litteris
1878 501 1909 529 iu
1938 502 2100 531 mandatis
2124 507 2174 531 ut.

1181 550 1281 580 nullis
1303 550 1424 580 litteris
1448 561 1465 580 a
1489 552 1570 581 Sede
1594 552 1780 590 Apostolica
1802 553 1984 590 impetratis
2010 553 2057 583 vel
2077 555 2175 583 etiam

1180 603 1396 641 impetrandis
1413 604 1631 634 obstantibus.
1650 614 1712 643 que
1729 605 1767 633 de
1783 605 1849 634 illis
1867 605 1994 643 plenam
2014 615 2075 635 non
2095 608 2176 635 sace-

1180 657 1478 686 rentmentionem.
1496 657 1615 694 ipsum.
1634 657 1722 685 omui
1740 657 1931 686 dillicultate
1954 663 1981 687 et
2005 659 2176 688 occasione

1180 709 1382 746 postpositis.
1401 709 1433 738 in
1452 709 1597 748 ejusdem
1615 710 1818 747 prepositure
1836 710 2035 748 corporalem
2054 720 2178 748 posses-

1181 761 1307 790 sionem
1330 762 1486 791 inducere
1508 771 1542 791 ac
1569 762 1738 791 inductum
1759 762 1933 792 defendere
1952 769 2176 800 procurarent.

1181 813 1331 843 invocato
1350 814 1388 843 ad
1406 814 1475 848 hoc,
1500 815 1526 844 si
1550 823 1630 852 opus
1647 819 1744 844 esset.
1768 814 1890 843 auxitio
1907 814 2031 844 brachii
2050 815 2178 845 secula-

1180 866 1243 895 ris:
1269 866 1525 896 contradictores
1548 883 1583 888 -—
1601 866 1847 904 compescendo.
1874 867 1947 896 Sed.
1973 867 2021 896 eis
2047 868 2176 897 tandem

1179 918 1365 949 Conradum
1383 919 1421 948 de
1439 919 1536 948 Bure.
1552 919 1745 948 canonicum
1766 918 2008 949 Coloniensem.
2024 928 2178 957 procura-

1181 976 1280 1001 torem
1302 972 1440 1009 ipsius1.
1460 972 1530 1010 ejus
1555 971 1699 1005 nomine,
1724 971 1758 1000 in
1775 972 2016 1009 possessionem
2041 972 2176 1001 eandem

1179 1024 1424 1058 inducentibus,
1449 1029 1478 1053 et
1499 1024 1748 1060 assignantibus
1768 1023 1797 1053 ei
1823 1023 1954 1053 stallum
1973 1024 2063 1053 chori
2084 1029 2113 1054 et
2131 1024 2176 1054 lo-

1179 1085 1252 1105 cum
1281 1076 1416 1114 capituli
1448 1081 1661 1110 consuetum,
1695 1076 1802 1105 dictus
1840 1076 2023 1113 prepositus
2060 1077 2178 1106 Sancto.-

1179 1128 1294 1163 Marie,
1313 1129 1430 1166 spiritu
1450 1128 1596 1167 nequitie
1613 1129 1807 1158 concitatus
1826 1133 1855 1157 et
1870 1128 2002 1166 quidam
2018 1128 2073 1157 alii
2091 1138 2179 1159 coin—

1178 1180 1280 1218 plices
1297 1181 1349 1210 sui
1370 1180 1644 1218 Cotoniemsmm]
1667 1185 1697 1209 et
1713 1180 1990 1219 Treveren[sium]
2009 1181 2178 1210 civitatum

1179 1238 1210 1263 et
1232 1233 1417 1267 diocesum,
1444 1233 1702 1261 concanonicum
1731 1232 1856 1270 ipsum.
1884 1241 1947 1261 non
1974 1233 2096 1271 absque
2128 1233 2179 1262 in-

1175 1285 1319 1324 jectione
1348 1293 1504 1314 manuum
1535 1284 1697 1314 violenta.
1731 1293 1787 1322 per
1819 1284 1956 1322 capillos
1985 1285 2177 1323 expulerunt

1179 1338 1296 1368 exinde
1313 1337 1484 1371 violenter,
1505 1342 1596 1375 prout
1622 1342 1806 1375 presentate
1832 1337 1926 1366 nobis
1947 1338 2107 1366 dit-torum
2125 1339 2180 1377 ju-

1180 1391 1288 1420 dicum
1304 1390 1413 1420 littere
1431 1390 1661 1419 continebant:
1683 1395 1813 1427 propter
1829 1390 1914 1427 quod
1927 1390 2025 1419 iidem
2038 1390 2177 1428 judices.

1178 1443 1246 1474 illis
1256 1443 1547 1473 excommunicatis
1560 1443 1688 1481 publice
1703 1443 1875 1472 nuntiatis.
1890 1443 1922 1471 in
1936 1443 2181 1480 perturbatores

1180 1497 1400 1534 possessionis
1435 1496 1540 1534 ipsius
1577 1495 1927 1525 exconumiuicationis
1962 1496 2177 1524 sententiam.

1179 1550 1328 1587 exigente
1356 1549 1501 1587 justitia,
1532 1548 1792 1587 promulgarunt.
1822 1549 1943 1577 Verum
1973 1548 2180 1586 supradictus

1179 1602 1365 1640 prepositus
1382 1602 1499 1631 Sancte
1518 1601 1631 1631 Mai-ic.
1650 1601 1752 1630 illatis
1769 1601 1854 1630 dicto
1871 1601 2028 1630 canonico
2047 1601 2179 1639 injuriis

1179 1664 1243 1684 non
1261 1659 1445 1688 contentus,
1463 1654 1627 1692 quandam
1642 1654 1712 1693 ejus
1728 1654 1858 1682 domum
1877 1662 1950 1682 cum
1965 1653 2180 1690 complicibus

1180 1707 1378 1746 supradictis
1399 1707 1575 1736 invadens.
1597 1706 1691 1735 bonis
1714 1706 1867 1735 omnibus
1890 1706 2011 1734 ibidem
2036 1706 2180 1735 inventis

1180 1760 1296 1790 exinde
1315 1769 1372 1798 per
1392 1759 1581 1789 violentiam
1606 1759 1798 1797 asportatis.
1824 1759 1965 1788 eundem
1985 1758 2178 1787 canonicum

1179 1813 1303 1843 detinet
1320 1812 1477 1842 carcerali
1496 1812 1643 1842 custodie
1664 1812 1886 1850 mancipatum
1908 1829 1956 1841 —.
1982 1812 2044 1840 sibi
2064 1817 2093 1841 et
2111 1812 2180 1841 suis

1180 1866 1288 1904 pejora
1307 1865 1471 1902 prioribus
1491 1865 1732 1894 comminando.
1758 1865 1926 1897 Preterea,
1951 1864 2034 1893 sicut
2053 1864 2181 1901 accepi-

1180 1927 1264 1948 mus.
1282 1940 1301 1945 ..
1319 1917 1462 1947 decanus
1479 1917 1591 1947 Sancti
1610 1917 1696 1946 Petri
1713 1917 1934 1954 Trajectensis
1957 1921 1985 1944 et
2009 1916 2078 1954 ejus
2103 1925 2181 1945 con-

1176 1970 1317 2008 J'udices.
1341 1970 1380 1999 ad
1403 1978 1484 2008 quos.
1507 1974 1705 1998 memoratus
1732 1968 1916 2006 prepositus
1939 1969 2056 1998 Sancte
2079 1969 2180 1997 Marie

1181 2026 1293 2052 contra
1310 2022 1491 2060 predictum
1509 2022 1711 2059 prepositum
1727 2021 1956 2051 Coloniensem
1978 2031 1994 2049 a
2018 2021 2111 2050 nobis
2128 2020 2183 2049 lit-

1183 2080 1267 2105 teras
1286 2075 1320 2104 in
1341 2076 1445 2104 forma
1467 2074 1609 2112 simplici
1632 2074 1753 2103 dicitur
1772 2073 1981 2111 impetrasse.
2005 2073 2038 2101 in
2063 2082 2181 2111 preno-

1182 2128 1342 2157 minatum
1362 2127 1511 2157 abbatem
1538 2126 1799 2156 Eberl.»aceusem
1823 2126 1958 2164 ejusque
1981 2125 2180 2164 conjudices.

1181 2181 1215 2209 in
1233 2189 1314 2219 quos
1333 2179 1421 2209 nulla
1440 2184 1487 2209 est
1505 2179 1552 2209 eis
1565 2179 1754 2218 jurisdictio
1771 2178 1939 2211 attributa,
1959 2178 2184 2207 excommuni-

1181 2233 1322 2263 cationis
1339 2232 1537 2262 sententiam
1556 2232 1594 2261 de
1611 2232 1708 2261 facto.
1727 2240 1801 2260 cum
1818 2231 1856 2260 de
1869 2231 1943 2269 jure
1958 2231 2181 2269 nequiverint.

1182 2285 1442 2324 promulgantes.
1473 2284 1688 2313 inhibuerunt
1718 2287 1748 2313 et
1779 2282 1929 2312 inhibent
1960 2292 1998 2312 ue
2030 2282 2103 2320 quis
2134 2282 2182 2311 eis

1182 2338 1312 2368 obediat
1328 2337 1362 2366 in
1379 2337 1438 2366 hac
1456 2341 1562 2375 parte;
1587 2341 1717 2374 propter
1739 2335 1824 2374 quod
1848 2335 1881 2364 in
1906 2335 2036 2372 negotio
2061 2344 2183 2364 memo-

1182 2395 1252 2420 rato
1263 2390 1394 2419 debitus
1412 2399 1475 2419 non
1490 2394 1594 2427 potest
1613 2388 1725 2417 haberi
1740 2396 1911 2426 processus
1926 2405 1970 2415 —-.
1988 2387 2182 2416 Mandamus

1182 2448 1345 2481 quatenus
1363 2442 1545 2480 sepefatum
1568 2441 1770 2479 prepositum
1794 2442 1911 2469 Sancte
1932 2440 2033 2469 Mario
2058 2449 2092 2467 ac
2112 2439 2182 2477 ejus

1183 2495 1358 2533 complices
1382 2495 1416 2523 in
1442 2494 1501 2523 hac
1528 2498 1617 2531 parte
1639 2493 1779 2522 tamdiu.
1805 2492 2022 2530 appellatione
2047 2496 2180 2520 remota.

1182 2557 1239 2586 per
1259 2547 1490 2578 Coloniensem
1511 2546 1713 2584 provinciam
1733 2550 1760 2575 et
1787 2545 1851 2573 alia
1877 2544 1957 2573 loca.
1976 2550 2067 2581 prout
2087 2553 2183 2581 expe-

1183 2600 1252 2629 dire
1268 2599 1430 2633 videritis,
1450 2599 1588 2637 pulsatis
1611 2597 1780 2635 campanis
1804 2602 1833 2625 et
1855 2595 2001 2625 candelis
2021 2596 2180 2624 accensis,

1183 2652 1324 2690 singulis
1339 2652 1455 2681 diebus
1467 2651 1642 2681 dominicis
1658 2655 1686 2679 et
1703 2649 1868 2688 setstivisj,
1885 2648 2181 2678 excoummnicatos

1183 2705 1313 2743 publice
1331 2704 1493 2733 nuntietis
1513 2708 1541 2733 et
1565 2703 1694 2732 faciatis
1716 2702 1815 2731 etiam
1833 2701 1990 2730 nuntiari.
2010 2700 2110 2729 doum·
2127 2708 2182 2729 su-

1184 2757 1341 2795 pradictis
1369 2756 1532 2794 preposito
1552 2754 1741 2785 Coloniensi
1765 2763 1799 2782 ac
1827 2753 2029 2791 procuratori
2061 2761 2119 2781 suo
2144 2752 2182 2779 d·-

1217 2888 1238 2912 l.
1256 2888 1409 2915 POTrHAST,
1426 2892 1454 2910 n·
1472 2886 1544 2910 toti—4
1564 2886 1606 2913 (εἰ.
1625 2893 1719 2914 supra.
1737 2890 1761 2907 u‘
1780 2884 1858 2908 3427&
1876 2891 1890 2906 a
1906 2883 2043 2906 contondu
2065 2889 2095 2905 ce
2111 2884 2182 2905 Con-

1185 2935 1272 2956 radus
1288 2935 1321 2956 de
1337 2934 1419 2959 Bure,
1438 2933 1593 2954 canonicus
1615 2930 1799 2953 cotoniensis.
1815 2934 1879 2951 avec
1896 2928 1920 2951 ie
1938 2928 2183 2954 cc=r;1·.-1‹111s.prae-

1183 2978 1295 3006 positus
1311 2976 1495 3002 cotoniensis,
1511 2974 1576 2998 dont
1595 2974 1611 2996 ll
1628 2973 1696 2996 n'est
1712 2979 1764 3002 que
1781 2973 1804 2995 te
1820 2978 1978 3001 procureur.
