2519 3518
142 301 198 333 493

142 369 310 404 privaverat
325 368 462 396 omnibus
478 367 706 403 possessionibus
722 370 750 394 et
763 367 912 394 beneflciis
927 375 1000 401 quac
1019 368 1134 394 fucrant

141 417 256 452 abipso
274 421 303 444 et
319 417 356 444 ab
376 417 468 451 ipsius
489 416 720 451 progenitoribus
743 417 906 449 consecuti,
931 416 1087 450 privilegia
1106 420 1134 442 et

141 465 339 492 instrumenta
359 465 427 491 inde
442 466 574 491 coniecta
595 464 711 499 penitus
728 464 884 496 irritando,
900 479 931 482 —
946 467 1045 491 notum
1064 465 1134 491 iacit

140 521 171 541 se
193 513 268 547 quod
289 512 326 540 ab
343 512 442 539 eodem
459 513 604 540 Parasono
619 520 705 546 super
719 512 764 539 his
780 514 888 538 iactum
907 513 1015 544 iuerat,
1030 512 1134 538 conflr-

142 570 231 589 mare.
245 576 276 580 —
287 562 373 594 (Rae.
389 561 432 593 18,
450 562 469 588 i.
485 561 535 587 197
549 564 588 592 r⁰;
603 569 672 587 ann.
689 561 727 593 X,
741 569 765 587 c.
780 561 854 591 215.)

183 673 196 688 α
220 662 319 690 Nobili
342 662 467 690 mulieri
495 661 644 694 Adelasie,
671 661 791 689 ‹lomim›
817 661 989 690 Turritane.
1014 660 1096 691 Cum
1117 669 1134 689 a

142 713 236 744 nobis
251 730 299 743 —-.
318 714 390 743 Dat.
407 717 442 743 ut
461 722 569 751 supra.
592 725 603 738 n

212 891 330 920 8352
702 890 792 920 Ricti,
809 890 843 916 10
857 889 971 917 octobre
984 890 1062 916 12³6.

178 953 280 981 Eidem
299 952 480 987 provinciam
497 951 701 983 Turritanam,
718 951 748 977 in
765 959 821 985 qua
845 951 908 984 jure
929 951 1133 983 haereditario,

141 1001 300 1028 decedente
317 1001 403 1027 fratre
417 1008 467 1026 suo
481 999 637 1031 Parasono,
651 998 810 1025 crudeliter
823 999 986 1030 interiecto,
1001 1001 1029 1024 ct
1043 998 1134 1024 homi-

142 1048 229 1076 nibus
242 1048 338 1075 dictae
353 1047 522 1081 provinciae
536 1047 628 1081 ipsam
644 1046 674 1072 in
688 1046 838 1072 dominam
850 1054 932 1072 suam
947 1045 1133 1079 eligentibus,

143 1096 275 1130 legitime
286 1098 473 1128 successerat,
485 1095 648 1122 confirmat.
662 1109 692 1113 —
706 1095 792 1125 (nm.
805 1094 848 1126 18,
860 1095 879 1120 i.
892 1094 943 1120 197
954 1097 996 1125 v·;
1011 1102 1080 1120 ann.
1095 1094 1134 1126 X,

143 1153 168 1172 c.
182 1144 257 1175 246.)

184 1256 197 1270 t(
219 1244 330 1273 Eidem.
351 1243 434 1273 Cum
450 1251 468 1272 a
484 1242 578 1272 nobis
594 1242 716 1280 petitur
733 1246 807 1275 etc,
825 1250 929 1280 usque
947 1251 953 1270 ι
971 1241 1134 1271 effectum.

143 1296 345 1335 Significasti
363 1294 526 1334 siquidem
544 1294 639 1324 nohis
659 1294 745 1332 quod
757 1317 764 1328 ,
783 1302 857 1323 cum
875 1293 958 1323 bone
979 1294 1137 1323 memorie

143 1349 324 1382 Marianus,
345 1352 437 1386 pater
457 1351 544 1381 tuus,
567 1346 656 1376 filius
671 1346 836 1384 quondam
856 1345 994 1376 Comite.
1016 1346 1137 1384 judicis

141 1400 324 1434 Turritani,
348 1399 454 1429 eidem
479 1398 512 1429 C.
543 1399 577 1427 in
602 1397 748 1427 dominio
774 1397 941 1435 provincie
963 1398 1137 1428 Turritane

139 1453 214 1493 jure
229 1451 430 1482 hereditario
447 1450 679 1485 successisset,
702 1450 788 1480 idem
811 1449 992 1481 Marianus.
1010 1449 1137 1479 duabus

142 1505 275 1535 filiabus
293 1504 374 1538 suis,
391 1507 420 1533 te
437 1502 590 1533 videlicet
606 1507 636 1532 et
652 1502 791 1541 quadam
809 1501 884 1536 alia,
900 1501 1018 1539 nuptui
1035 1501 1138 1531 tradi-

143 1558 186 1588 tis
201 1561 232 1587 et
248 1556 366 1586 dotatis
382 1555 416 1585 in
438 1555 577 1594 pecunia
597 1558 828 1593 competenter,
849 1554 1013 1593 quondam
1036 1555 1138 1584 Para-

141 1618 270 1643 sonum,
288 1608 393 1638 filium
412 1616 524 1642 suum,
548 1607 700 1637 heredem
725 1607 790 1636 sibi
811 1606 945 1645 reliquit
968 1606 1136 1644 provincie

141 1665 330 1696 memorate,
347 1660 387 1690 ab
401 1659 591 1689 hominibus
607 1659 871 1698 suisjuramenta
887 1658 1056 1688 fidelitatis
1072 1658 1137 1688 sibi

140 1713 266 1744 faciens
289 1712 447 1747 exhiberi,
477 1711 665 1741 conditione
688 1711 813 1749 adjecta
841 1711 936 1749 quod,
960 1710 988 1740 si
1013 1710 1136 1749 absque

141 1765 257 1796 liberis
272 1767 464 1800 moreretur,
483 1763 587 1794 altera
606 1772 755 1793 sororum
774 1763 879 1793 eidem
899 1763 934 1792 in
954 1762 1137 1793 hereditate

142 1817 342 1852 succederet,
362 1825 461 1855 quam
481 1816 632 1846 homines
649 1815 795 1854 ejusdem
815 1815 983 1853 provincie
997 1815 1061 1844 sibi
1077 1815 1137 1844 du-

142 1874 254 1901 cerent
267 1869 470 1907 eligendam;
494 1876 634 1907 cumque
653 1867 741 1897 idem
762 1868 948 1897 Parasonus
966 1876 983 1896 a
998 1867 1137 1905 quihus-

143 1923 217 1952 dam
241 1921 463 1960 proditoribus
488 1919 665 1950 crudeliter
686 1919 880 1949 interfectus
907 1919 1023 1953 fuerit,
1047 1918 1138 1948 nullo

144 1973 209 2004 sibi
224 1973 292 2003 filio
308 1973 456 2011 legitimo
471 1976 673 2006 remanente,
689 1971 840 2001 homines
856 1971 941 2000 dicte
957 1971 1136 2008 provincie,

142 2031 174 2057 te
197 2026 231 2055 in
253 2034 347 2055 suam
369 2024 536 2055 dominam
558 2023 732 2061 eligentes,
760 2022 929 2053 fidelitatis
951 2023 1139 2061 juramenta

143 2078 205 2108 tibi
221 2076 323 2107 semel
340 2076 505 2107 etiterum
518 2076 743 2114 prestiterunt.
761 2075 828 2104 Nos
843 2074 955 2112 igitur,
973 2078 1027 2104 tue
1045 2074 1139 2104 devo-

144 2130 245 2160 tionis
261 2129 413 2168 precibus
429 2127 592 2162 inclinati,
611 2127 731 2157 dictam
746 2127 960 2165 provinciam.
978 2135 1051 2156 cum
1069 2135 1139 2156 om-

145 2181 243 2212 nibus
255 2180 467 2220 pertinentiis
481 2179 563 2213 suis.
579 2183 609 2209 et
624 2178 689 2209 alia
699 2178 810 2209 omnia
823 2178 908 2208 bona
921 2182 987 2212 tua,
1006 2178 1091 2208 sicut
1102 2187 1139 2208 ea

145 2234 257 2265 omnia
273 2233 361 2273 juste
381 2232 529 2271 possides
549 2236 581 2262 et
600 2231 726 2270 quiete,
750 2231 942 2261 auctoritate
963 2230 1141 2268 apostolica

147 2286 378 2317 confirmamus
397 2288 427 2315 et
443 2283 606 2322 presentis
623 2283 735 2321 scripti
757 2283 939 2321 patrocinio
957 2282 1140 2312 communi-

145 2347 230 2374 mus,
250 2339 395 2368 Romane
412 2336 557 2366 Ecclesie
576 2335 610 2365 in
630 2335 783 2365 omnibus
797 2335 870 2374 jure
892 2334 982 2364 salvo
997 2351 1045 2363 —.
1065 2335 1138 2364 Dat.

145 2391 258 2425 Reate,
275 2390 320 2419 VI
336 2388 411 2418 idus
425 2387 578 2422 octobris,
595 2395 681 2417 anno
696 2387 834 2417 decimo.
854 2398 866 2412 n

215 2572 332 2600 8853
696 2569 774 2597 Rieti
786 2591 793 2602 ,
809 2570 840 2596 11
857 2568 972 2596 octobre
990 2569 1068 2596 1236.

181 2633 285 2661 Eidem
305 2632 426 2659 mandat
441 2635 584 2666 quatenus
601 2631 677 2658 nihil
692 2631 813 2658 omniuo
828 2630 919 2657 nobili
936 2630 1000 2656 viro
1013 2629 1141 2657 Radulio

144 2681 182 2708 de
197 2681 324 2716 Capran.
340 2680 376 2707 de
391 2680 515 2714 pecunia
527 2687 615 2714 quam
638 2678 786 2710 Ubaldus,
804 2678 851 2704 vir
866 2678 959 2712 ipsius
973 2677 1140 2710 Adelasiae,

146 2729 242 2756 eidem
257 2728 384 2756 Radulio
399 2729 511 2755 solvere
523 2727 712 2762 promiserat,
725 2726 834 2760 absque
848 2725 1007 2760 apostolica
1020 2725 1143 2752 licentia

145 2777 289 2805 exsolvat.
306 2791 338 2796 —-
353 2777 441 2808 (Rsc.
457 2775 506 2809 18,
522 2776 543 2803 f.
559 2775 611 2803 197
630 2778 674 2807 v·;
690 2782 760 2802 anu.
777 2774 820 2806 X,
837 2781 862 2800 c.
877 2773 953 2805 247.)

189 2887 203 2903 «x
219 2876 335 2905 Eidem.
353 2875 398 2905 Ex
419 2879 510 2913 parte
532 2878 588 2904 tua
605 2873 670 2904 fuit
694 2873 897 2912 propositum
919 2880 1027 2902 coram
1047 2872 1142 2902 nobis

146 2927 245 2966 quod,
271 2936 345 2958 cum
369 2927 491 2957 nobilis
521 2926 571 2956 vir
597 2925 760 2956 Radulfus
786 2924 825 2955 de
849 2924 1001 2963 Capran„
1025 2932 1084 2962 pro
1105 2932 1144 2954 eo

992 294 1177 331 mxmiin
1198 293 1356 330 ANNI-313.

2152 302 2210 332 494

1215 366 1301 404 quod
1326 365 1546 396 Calaritanam
1570 367 1772 404 provinciam
1798 367 1876 396 olim
1903 367 2068 397 invaserat
2095 373 2210 398 contra

1216 418 1310 447 Sedis
1326 418 1511 456 Apostolice
1529 418 1739 448 voluntatem.
1758 424 1843 448 essct
1860 420 2210 450 excommunicationis

1216 469 1347 498 vinculo
1363 470 1550 500 innodatus.
1566 475 1607 503 et.
1620 470 1658 500 de
1675 470 1745 508 ipsa
1757 471 1960 508 postmodum
1978 472 2112 510 ejectus,
2127 481 2162 502 se
2174 472 2209 502 in

1216 522 1423 551 Turritamun
1443 522 1644 560 provinciam
1663 523 1854 560 recepisset,
1877 523 2038 557 L'haldus,
2055 524 2104 553 vir
2120 529 2208 558 tuus,

1217 582 1254 603 eo
1276 574 1310 602 in
1334 574 1493 603 auxilium
1518 583 1614 603 suum
1637 574 1749 607 ascito,
1775 579 1829 604 tuo
1851 576 1948 605 etiam
1970 576 2211 606 interveniente

1217 634 1394 659 consensu,
1413 626 1476 655 duo
1491 625 1582 655 milia
1598 625 1755 655 librarum
1769 627 1943 664 januensis
1959 632 2087 657 monete
2106 636 2210 666 usque

1217 677 1257 706 ad
1268 682 1391 707 certum
1405 682 1531 715 tempus
1546 677 1671 707 solvere
1684 678 1832 715 promisit
1845 679 1960 713 eidem,
1975 679 2100 718 adjecto
2111 679 2208 718 quod,

1217 729 1245 758 si
1261 734 1382 759 statuto
1399 730 1538 759 termino
1554 729 1618 758 sibi
1637 738 1702 759 non
1718 730 1800 759 soret
1816 730 1854 760 de
1870 731 1941 768 ipsa
1957 732 2097 769 pecunia
2112 732 2211 761 satis-

1215 782 1349 815 factum,
1368 786 1504 819 uterque
1518 786 1662 811 vestrum
1676 782 1709 811 in
1724 781 1864 811 solidum
1877 787 2043 813 teneretur
2058 784 2091 812 in
2109 792 2211 822 quan-

1217 834 1308 863 titate
1325 834 1486 871 predicta,
1507 838 1537 863 61
1559 833 1700 871 singulis
1716 833 1928 864 hebdomadis
1943 835 2096 865 exhibere
2112 836 2211 874 quin-

1216 885 1320 915 decim
1335 885 1436 915 lihras
1448 885 1594 924 ejusdcm
1611 890 1750 921 monete,
1765 887 1923 916 consectis
1941 887 2057 917 exinde
2070 887 2212 926 publicis

1216 938 1459 972 instrumentis,
1473 942 1501 967 et
1517 942 1581 966 tarn
1594 938 1755 975 juratoria
1767 948 1864 976 quam
1878 939 2083 978 fidejussoria
2094 940 2212 970 adicio

1218 989 1344 1020 Uhaldo
1361 990 1497 1027 prestita
1513 990 1681 1024 cautione,
1701 999 1759 1020 nec
1780 1000 1842 1020 non
1861 992 2036 1021 Turritana
2052 997 2082 1021 et
2097 992 2213 1022 Gallu-

1216 1042 1306 1071 rensi
1332 1042 1510 1079 provinciis
1535 1046 1665 1079 propter
1693 1042 1752 1071 hoc
1778 1042 1827 1071 illi
1852 1043 1890 1073 de
1915 1044 2000 1073 sacto
2026 1044 2214 1082 specialiter

1217 1094 1382 1132 obligatis.
1401 1094 1506 1125 Unde.
1527 1104 1600 1123 cum
1622 1103 1686 1124 non
1703 1095 1817 1125 debeat
1840 1095 1889 1125 illi
1912 1106 1983 1126 esse
2005 1106 2062 1126 sua
2086 1098 2212 1136 iniqui-

1218 1152 1267 1176 tas
1291 1148 1470 1182 fructuosa,
1497 1156 1610 1186 quam,
1638 1147 1673 1176 in
1698 1147 1916 1186 prejudicium
1938 1154 1967 1178 et
1991 1154 2213 1188 contemptum

1217 1199 1403 1237 Apostolice
1437 1199 1530 1229 Sedis
1543 1222 1550 1235 ,
1580 1199 1734 1229 intrando
1762 1200 1905 1229 insulam
1935 1201 2104 1236 Sardinie,
2136 1211 2214 1232 nos-

1218 1251 1303 1281 citur
1317 1256 1539 1290 attemptasse,
1557 1256 1587 1282 ct
1607 1256 1640 1281 tu
1662 1261 1726 1281 11011
1744 1252 1888 1282 sufficias
1904 1253 1975 1283 sine
1992 1254 2214 1284 destructione

1218 1307 1303 1333 terre
1329 1308 1380 1333 tue
1405 1307 1529 1332 tantam
1554 1302 1679 1333 solvere
1702 1304 1840 1341 pecunie
1861 1305 2093 1342 quantitatem,
2118 1306 2213 1336 nobis

1218 1355 1282 1384 fuit
1295 1354 1468 1384 humiliter
1485 1354 1715 1392 supplicatum,
1731 1360 1766 1384 ut
1782 1365 1880 1393 super
1895 1356 1954 1385 hoc
1970 1357 2140 1394 providere
2155 1357 2215 1387 tibi

1219 1406 1396 1436 salubriter
1417 1415 1618 1436 curaremus.
1645 1407 1804 1443 Quocirca
1826 1408 2018 1438 mandamus
2038 1414 2213 1448 quatenus,

1219 1459 1248 1489 si
1267 1463 1316 1489 est
1331 1459 1387 1494 ita,
1406 1467 1447 1488 ne
1463 1458 1549 1488 idem
1562 1459 1598 1489 R.
1618 1459 1694 1489 inde
1710 1464 1851 1497 reportet
1867 1461 2048 1496 comodum,
2067 1461 2152 1492 unde
2163 1470 2214 1500 pe-

1219 1519 1295 1540 nam
1312 1511 1419 1548 potius
1433 1510 1581 1540 noscitur
1596 1511 1769 1546 meruisse,
1787 1511 1891 1541 nichil
1904 1513 2038 1542 omnino
2055 1513 2161 1544 solvas
2175 1514 2214 1545 de

1218 1563 1364 1601 predicta
1383 1563 1523 1600 pecunia
1543 1562 1667 1601 absque
1690 1567 1801 1593 nostra
1823 1563 1957 1594 licentia
1979 1565 2125 1603 speciali.
2146 1566 2214 1596 Nos

1219 1615 1308 1645 enim
1327 1615 1442 1644 damus
1461 1614 1642 1645 venerabili
1657 1615 1753 1644 fratri
1770 1620 1880 1645 nostro
1899 1639 1920 1645 ..
1938 1617 2088 1655 episcopo
2104 1618 2214 1648 Gisar-

1218 1667 1323 1697 elensi
1347 1670 1378 1696 et
1400 1666 1518 1697 dilecto
1541 1666 1610 1697 filio
1637 1689 1656 1695 ..
1683 1667 1794 1697 abbati
1821 1668 2015 1705 Padulensi,
2038 1670 2214 1701 Turritane

1218 1719 1371 1754 diocesis,
1390 1719 1512 1749 nostris
1530 1718 1651 1749 litteris
1671 1719 1706 1748 in
1726 1720 1906 1755 mandatis,
1924 1726 1959 1751 ut
1976 1726 2005 1752 te
2026 1722 2075 1752 vel
2095 1727 2216 1753 terram

1218 1776 1309 1801 tuam
1325 1780 1389 1801 non
1405 1771 1596 1810 permittant
1613 1771 1802 1810 hujusmodi
1817 1774 1989 1804 occasione
2005 1774 2215 1813 aliquatenus

1218 1823 1402 1858 molestari,
1435 1832 1490 1853 eos
1521 1823 1579 1862 qui
1607 1832 1702 1854 secus
1728 1826 2004 1863 presumpserint,
2034 1827 2216 1857 monitione

1218 1875 1389 1913 premissa,
1419 1884 1477 1913 per
1500 1884 1674 1905 censuram
1702 1876 1970 1912 ecclesiasticam,
1998 1878 2216 1917 appellatione

1218 1927 1408 1965 postposita,
1428 1927 1674 1965 compescendo.
1694 1928 1767 1957 Dat.
1787 1929 1900 1963 Reate,
1922 1930 1949 1959 V
1968 1929 2043 1960 idus
2059 1930 2212 1967 octobris,

1219 1987 1305 2008 anno
1321 1979 1458 2009 decimo.
1480 1991 1493 2005 n

1255 2073 1357 2098 3³54.
1375 2085 1406 2089 —
1424 2070 1574 2105 Scriptum
1597 2074 1639 2098 est
1660 2079 1745 2106 super
1770 2072 1823 2098 hoc
1847 2072 1943 2098 ci'sdem
1967 2075 2085 2106 episcopo
2107 2073 2215 2109 [Βίων-

1220 2117 1313 2152 elensi]
1327 2121 1351 2144 et
1365 2119 1458 2144 abbata·
1473 2117 1654 2153 [Padutenstt

1289 2271 1409 2299 3355
1779 2272 1869 2305 Rieti,
1886 2273 1916 2300 11
1933 2274 2049 2301 octobre
2064 2275 2142 2303 1236.

1255 2333 1424 2360 Florentino
1435 2337 1462 2360 et
1477 2333 1651 2360 Pistoriensi
1663 2334 1818 2368 episcopis,
1830 2339 1857 2362 et
1867 2335 1956 2369 priori
1969 2335 2072 2364 Sancti
2082 2337 2215 2365 Fridiani

1219 2381 1332 2408 Lucani
1349 2381 1469 2408 mandat
1485 2385 1629 2415 quatenus
1650 2381 1778 2409 nobilem
1794 2383 1947 2410 mulierem
1963 2384 2132 2412 Adelasiam
2143 2407 2150 2418 ,
2164 2385 2216 2413 do-

1220 2428 1333 2455 minam
1349 2429 1550 2461 Turritanam,
1562 2429 1713 2456 occasione
1728 2430 1954 2464 promissionum
1970 2431 2007 2459 ab
2021 2440 2075 2459 avo
2091 2436 2118 2459 et
2134 2437 2216 2467 patre

1219 2476 1290 2509 suis,
1301 2476 1451 2510 judicibus
1466 2477 1637 2511 provinciae
1647 2477 1832 2509 Turritanae,
1847 2482 1875 2505 et
1890 2479 1927 2506 ab
1939 2479 2063 2511 L'baldo,
2078 2481 2140 2508 viro
2153 2490 2214 2513 suo,

1220 2524 1372 2551 nonnullis
1389 2524 1505 2552 civibus
1523 2525 1640 2551 Pisanis
1656 2528 1685 2552 et
1697 2525 1909 2559 Januensibus,
1924 2530 2054 2561 tempore
2070 2529 2215 2562 prosperi-

1221 2571 1291 2598 tatis
1306 2572 1437 2605 ejusdem
1456 2571 1636 2606 provinciae,
1653 2573 1813 2605 factarum,
1831 2581 1887 2600 non
1904 2575 2092 2608 permittant,
2110 2584 2214 2609 quam-

1221 2619 1273 2646 diu
1287 2620 1377 2647 fuerit
1398 2619 1434 2646 de
1453 2619 1612 2654 apostolico
1627 2619 1821 2654 beneplacito,
1840 2622 1998 2649 molestari.
2018 2636 2050 2641 -
2069 2623 2155 2654 (ΗΒΕ.
2170 2623 2213 2656 18,

1222 2667 1242 2693 f.
1257 2666 1308 2694 197
1323 2670 1366 2699 v·;
1383 2675 1452 2694 ann.
1464 2667 1504 2699 X,
1517 2675 1542 2694 6.
1554 2667 1630 2697 248.)

1264 2778 1278 2793 «ι
1309 2789 1328 2795 ..
1354 2767 1529 2796 Florentino
1552 2772 1578 2796 et
1602 2789 1622 2795 ..
1648 2767 1828 2796 pistoriensi
1849 2768 2002 2805 episcopis,
2025 2773 2051 2797 el
2072 2792 2092 2798 ..
2114 2771 2218 2807 priori

1222 2818 1329 2848 Sancti
1344 2819 1490 2848 fridiani
1508 2819 1633 2848 Lucani.
1652 2819 1697 2848 Ex
1713 2823 1803 2856 parte
1820 2818 1936 2849 dilecte
1952 2820 1986 2848 in
2003 2819 2134 2851 Christo
2149 2821 2218 2852 filie

1223 2870 1345 2900 nobilis
1356 2870 1506 2900 mulieris
1519 2869 1684 2905 Adelasie,
1701 2870 1832 2900 domine
1845 2871 2030 2907 Turritane,
2046 2872 2110 2901 fuit
2123 2872 2219 2904 nobis

1222 2921 1395 2952 humiliter
1417 2921 1636 2960 supplicatum
1655 2926 1708 2957 ut,
1732 2930 1807 2951 cum
1825 2921 1909 2952 hone
1925 2923 2082 2954 memorie
2099 2946 2120 2953 ..
2136 2933 2218 2955 avus
