2423 3487
168 274 224 304 155
884 265 1122 298 REGisrrzEs
1145 264 1199 293 DE
1222 256 1443 293 GREGOIRE
1466 264 1525 293 lx.
2196 262 2254 292 156

168 343 232 373 tur,
257 337 411 367 officiales
430 342 459 366 et
486 336 619 375 quidam
641 336 699 365 alii
723 334 857 365 vassalli
881 333 933 363 sui
957 340 1033 370 sepe
1052 331 1164 360 domos

169 389 357 429 hujusmodi
369 397 583 426 personarum
598 387 796 424 infringunt,
812 390 854 421 et,
869 385 938 415 sive
952 383 1166 413 inveniantur

169 442 324 471 mulieres
343 450 416 470 cum
428 441 485 476 eis,
505 441 573 470 sive
589 448 665 474 non,
684 439 815 469 easdem
831 446 988 476 personas
1002 436 1166 464 infamant

169 498 199 524 et
215 493 299 522 bona
315 493 475 530 diripiunt
493 492 699 526 earumdem3
714 495 845 529 propter
856 489 942 528 quod
956 486 1113 517 nonnulle
1128 494 1166 515 ex

167 546 260 584 ipsis,
281 549 389 575 coacte
412 544 572 574 redimere
593 543 796 573 vexationem
821 540 1021 581 hujusmodi,
1042 538 1166 568 officia-

168 598 255 628 libus
270 602 300 627 et
317 597 391 626 aliis
407 601 528 626 certam
541 595 768 634 persolverunt
779 594 917 633 pecunie
934 592 1164 631 quantitatem.

170 651 340 685 Preterea,
368 649 395 677 si
424 648 592 685 contingat
618 647 796 686 aliquando
823 646 909 684 quod
936 645 1108 683 episcopus
1135 647 1165 672 et

168 703 238 742 ejus
260 701 375 731 vicarii
398 700 573 739 procedant
597 705 709 729 contra
728 708 885 737 personas
911 696 1164 730 ecclesiasticas,

169 754 334 793 puniendo
348 754 446 791 ipsas,
462 753 554 792 juxta
575 752 661 791 quod
675 761 787 782 earum
804 759 957 781 excessus
974 752 1163 787 exposcunt,

167 807 273 837 dictus
291 815 346 836 rex
358 806 466 844 ipsum
480 809 509 835 et
526 805 678 839 vicarios,
695 808 729 833 ut
742 812 859 842 penam
873 801 1063 841 hujusmodi
1076 808 1166 830 revo-

167 863 254 895 cent,
275 864 340 888 1301
359 867 416 896 per
432 857 679 895 occupationem
694 856 855 885 bonorum
877 863 975 893 quam
992 853 1090 888 alias,
1108 861 1166 890 pro

168 921 228 942 sua
252 911 418 941 voluntate
444 909 624 948 compellit,
651 913 706 938 aut
729 917 785 947 per
806 916 882 937 suos
904 906 981 936 facit
1006 905 1167 943 integrari

169 965 318 1004 punitos;
337 973 372 993 ex
392 972 455 1002 quo
476 963 616 993 crimina
631 965 803 991 remanent
819 961 1014 990 incorrecta.
1032 958 1167 996 Episco-

166 1028 242 1057 pum
266 1026 395 1056 quoque
420 1026 456 1046 30
478 1024 636 1054 personas
657 1014 898 1045 ecclesiasticas
914 1018 949 1043 ut
966 1013 999 1042 in
1017 1021 1075 1042 suo
1092 1020 1167 1050 pro-

168 1072 284 1102 cedant
300 1070 458 1103 cxercitu,
477 1078 534 1107 pro
551 1078 609 1099 sue
630 1068 708 1098 citat
726 1067 864 1097 arbitrio
879 1066 1075 1100 voluntatis,
1094 1073 1167 1094 eos-

167 1133 229 1163 que
257 1124 297 1154 ad
326 1123 387 1153 1100
415 1132 473 1161 per
502 1131 536 1152 se
567 1131 603 1151 ac
632 1130 709 1151 suos
734 1120 819 1157 cogit
846 1120 979 1149 invitos.
1009 1126 1167 1157 personas

166 1176 406 1207 ecclesiasticas
422 1174 660 1205 nichilominus
679 1174 718 1203 ad
737 1172 947 1203 retinendum
966 1171 1118 1201 homines
1137 1174 1167 1200 et

165 1239 267 1269 equos
288 1238 365 1259 suos
385 1229 420 1257 in
441 1227 656 1258 ecclesiarum
681 1226 831 1255 domibus
853 1230 883 1254 et
909 1223 1168 1253 ministrandum

167 1283 214 1313 015
232 1281 435 1315 0000553113,
454 1285 483 1310 et
501 1285 565 1309 tam
582 1279 688 1318 ipsius
705 1287 803 1317 quam
819 1278 980 1307 baronum
997 1281 1027 1306 et
1043 1276 1167 1306 officia-

165 1336 247 1365 lium
264 1343 398 1364 suorum
414 1334 521 1363 banna
537 1337 567 1362 et
580 1337 702 1362 statuta
716 1340 858 1363 servare,
875 1330 929 1369 [et]
944 1330 1056 1359 subire
1070 1338 1167 1366 anga-

167 1389 234 1418 rias
247 1392 277 1418 et
287 1387 501 1426 perangarias
514 1391 543 1416 et
556 1385 638 1415 alia¹
654 1384 853 1423 compellens
865 1392 965 1413 onera
977 1382 1164 1412 inhonesta.

166 1442 217 1472 Ad
230 1441 301 1475 hec,
320 1441 347 1470 si
361 1449 425 1479 qua
436 1448 576 1478 persona
588 1438 823 1472 ecclesiastica,
839 1446 937 1476 super
950 1436 1166 1475 possessioni-

169 1497 230 1527 bus
247 1496 297 1526 vel
313 1496 411 1525 rebus
435 1494 510 1524 aliis
533 1497 693 1524 conventa
714 1502 731 1522 a
752 1492 836 1522 laico
858 1492 894 1521 in
917 1491 1059 1522 seculari
1076 1491 1166 1530 judi-

167 1550 228 1586 cio,
246 1549 310 1580 sori
327 1548 515 1586 exceptione
534 1546 715 1585 proposita,
734 1546 781 1575 ibi
798 1545 939 1584 experiri
960 1549 1105 1580 recusat,
1131 1544 1167 1573 in

166 1603 216 1633 rei
231 1602 330 1641 petite
349 1600 557 1639 possessione
573 1599 706 1638 ponitur
722 1598 834 1628 statim
850 1602 950 1631 actor,
969 1598 1081 1636 sicque
1094 1606 1166 1627 con-

166 1660 285 1686 ventus
301 1654 353 1684 vel
368 1662 437 1684 rem
454 1653 559 1691 ipsam
576 1652 741 1687 ammittit,
760 1651 811 1681 vel
827 1651 888 1681 5011
905 1660 969 1680 000
984 1660 1043 1680 500
1056 1650 1167 1689 judice

165 1708 297 1746 litigare
315 1711 370 1737 aut
392 1705 663 1744 compositionem
685 1704 812 1742 cogitur
831 1704 917 1733 inire
940 1703 1164 1741 dampnosam,

169 1766 211 1797 et,
243 1760 329 1800 quod
358 1759 490 1798 gravius
518 1762 577 1794 est,
606 1762 672 1787 tam
701 1757 736 1786 in
761 1756 927 1787 criminali
952 1766 1051 1795 quam
1077 1756 1169 1786 civili

168 1823 268 1845 causa
283 1813 407 1852 passim
423 1812 595 1850 episcopus
615 1815 645 1841 et
661 1811 787 1849 prefate
809 1819 947 1848 persone
965 1809 1168 1848 compellun-

166 1871 221 1897 tur
237 1866 348 1896 subire
359 1865 665 1905 judicialaicorum.
684 1865 834 1901 Insuper,
850 1863 1003 1902 quotiens
1019 1863 1167 1901 prefatus

164 1928 222 1949 rex
237 1919 316 1948 facit
330 1927 388 1956 per
404 1917 560 1948 ecclesias
576 1921 605 1947 et
623 1916 824 1947 monasteria
840 1916 1028 1950 transitum,
1047 1915 1086 1945 ab
1099 1915 1168 1945 illis

167 1979 231 2010 que
247 1970 338 2000 nulla
353 1970 503 1999 obtinent
520 1969 559 1999 ab
575 1969 645 2007 ipso
658 1968 793 2007 regalia.
807 1968 1065 2006 procurationes,
1083 1972 1113 1997 ct
1128 1968 1167 1998 ab

167 2023 258 2059 aliis,
276 2022 544 2062 procurationum
561 2026 727 2060 pretextu.
747 2021 921 2059 pecuniam
944 2021 1044 2058 exigit
1068 2025 1099 2051 et
1117 2030 1167 2051 ex-

166 2080 311 2115 torquet,
342 2075 424 2105 alias
454 2075 585 2105 easdem
616 2074 768 2112 pluribus
798 2073 1025 2104 exactionibus
1056 2083 1168 2112 aggra-

167 2129 284 2159 vando.
297 2129 337 2158 Et
353 2137 426 2158 0001
440 2127 738 2157 excommunicatos
752 2136 808 2156 rex
818 2127 888 2165 ipse
901 2127 1030 2157 cautius
1045 2127 1168 2158 evitare

167 2181 315 2216 deberet,
334 2180 465 2211 eosdem
484 2180 525 2210 ad
546 2180 812 2210 communionem
835 2188 929 2209 suam
952 2180 1096 2210 scienter
1112 2181 1169 2210 ad-

167 2234 286 2269 mittit,
312 2233 399 2263 bona
429 2233 636 2271 episcopatus
659 2232 925 2270 portugalensis,
952 2232 1166 2269 cathedralis,

167 2286 444 2317 monasteriorum
461 2290 491 2316 et
514 2285 655 2315 aliarum
676 2285 907 2321 ecclesiarum,
926 2290 1056 2324 sumpta
1076 2296 1169 2316 0003-

169 2339 262 2370 sione
291 2338 437 2377 qualibet
464 2342 578 2368 contra
605 2338 693 2376 ipsa,
724 2338 933 2376 frequentius
959 2339 1167 2377 occupando;

168 2392 225 2431 qui
244 2391 353 2427 etiam,
373 2399 438 2420 non
454 2390 627 2420 attendens
645 2390 731 2429 quod
746 2390 852 2426 laicis,
866 2395 1170 2430 quantumcumque

167 2443 350 2481 religiosis,
369 2452 467 2481 super
483 2442 647 2477 ecclesiis,
662 2443 814 2480 personis
834 2448 863 2473 et
882 2443 979 2473 rebus
996 2444 1170 2474 ecclesias-

167 2497 245 2528 ticis
271 2496 362 2526 nulla
389 2497 431 2526 sit
457 2496 628 2526 attribuita
650 2500 811 2534 potestas,
835 2505 916 2534 quos
939 2502 1049 2526 manet
1075 2498 1171 2527 obse-

168 2549 292 2589 quendi
314 2549 509 2584 necessitas,
534 2557 599 2578 non
616 2548 794 2578 auctoritas
809 2548 1012 2586 imperandi,
1033 2549 1071 2579 de
1089 2550 1170 2588 ipsis

167 2606 282 2632 contra
298 2602 456 2631 canonica
471 2601 624 2631 instituta
641 2601 797 2639 disponit.
815 2601 986 2639 Idemque,
1010 2601 1094 2631 bona
1117 2612 1170 2632 oc-

167 2664 293 2694 cupans
309 2655 524 2686 ecclesiarum
542 2655 740 2688 vacantium,
757 2664 836 2693 que,
854 2654 1011 2692 quamdiu
1028 2660 1170 2685 rectores

167 2708 343 2743 haberent,
365 2717 422 2746 per
447 2708 636 2746 episcopum
656 2711 687 2737 et
712 2707 782 2746 ejus
806 2707 946 2736 vicarios
969 2707 1049 2737 viris
1072 2708 1171 2738 eccle-

199 2839 220 2863 ¹.
241 2842 290 2863 Ms.
309 2849 315 2863 .·
332 2848 343 2862 11
359 2843 385 2863 01
398 2840 431 2863 ad
448 2841 513 2867 alia:
531 2849 542 2863 »
557 2841 582 2863 13
597 2841 676 2871 10000
692 2848 702 2861 α
719 2843 745 2863 01
763 2840 824 2868 alia⁷
842 2847 854 2861 »
870 2839 978 2862 sournie
994 2846 1041 2868 par
1055 2840 1079 2862 la
1095 2840 1172 2869 01000

169 2883 227 2907 1327
250 2884 312 2914 (col.
335 2884 389 2912 742,
414 2886 443 2908 in
466 2886 544 2914 fine),
568 2885 657 2915 parait
680 2884 713 2908 de
733 2885 876 2914 beaucoup
897 2883 1062 2914 preferable;
1085 2891 1172 2914 voyez

168 2926 306 2951 d'ailleurs
322 2935 359 2951 un
375 2935 427 2959 peu
444 2929 504 2959 plus
517 2929 587 2958 loin,
603 2929 654 2954 col.
673 2928 724 2952 156.

1247 328 1392 358 siasticis
1408 328 1569 359 hactenus
1585 331 1836 363 consueverant,
1851 328 1938 357 13010
1953 327 2152 362 inventario,
2167 336 2251 357 eom-

1246 381 1407 415 mendari,
1428 381 1559 411 easdem
1575 381 1655 410 facit
1671 390 1728 419 per
1744 380 1847 410 laicos
1863 379 2038 415 custodiri;
2057 383 2105 415 et,
2125 379 2161 409 in
2176 380 2254 419 qui-

1245 433 1385 463 busdam
1414 443 1527 464 earum
1553 434 1609 473 jus
1641 437 1834 472 patronatus
1859 432 1924 463 sibi
1952 437 2066 462 contra
2086 432 2252 472 justitiam

1246 487 1415 517 vindicare
1436 487 1652 523 contendens,
1678 487 1875 525 quandoque
1898 486 1939 516 ad
1954 495 2009 516 eas
2030 495 2189 524 personas
2204 486 2252 516 in-

1247 539 1375 577 dignas,
1394 544 1566 569 extraneas
1582 544 1613 570 et
1628 540 1770 577 ignotas,
1791 539 1941 569 nolentes
1958 539 1992 568 in
2011 539 2094 576 ipsis
2107 539 2253 569 residen-

1246 592 1327 621 tiam
1347 592 1456 622 facere
1479 601 1538 622 nec
1561 592 1602 622 ad
1624 592 1863 630 presbiteratus
1885 591 2036 622 ordinem
2054 591 2251 630 promoveri,

1247 645 1399 682 00150000
1415 649 1635 683 1·epresentat;
1655 654 1733 684 (100,
1752 645 1823 683 1050
1837 649 1984 683 cogente,
2003 644 2115 683 sepius
2132 644 2254 674 admit-

1247 701 1379 732 tuntur;
1398 697 1595 736 quandoque
1611 707 1688 728 vero
1704 698 1739 727 in
1754 697 1923 736 aliquibus
1938 697 2154 727 ecclesiarum
2169 697 2255 735 ipsa-

1247 759 1320 779 rum
1349 759 1507 788 personas
1537 750 1694 785 intrudit,
1728 750 1880 788 episcopo
1908 749 2047 779 minime
2078 749 2252 788 requisito.

1248 802 1413 832 Ecclesias
1430 803 1530 832 etiam
1553 812 1589 833 ac
1609 803 1812 833 monasteria
1830 807 1860 833 et
1879 802 2012 833 colonos
2032 802 2181 840 ipsarum
2196 811 2256 840 per

1247 855 1404 884 officiales
1423 864 1518 890 suos,
1541 855 1598 894 qui
1615 857 1731 885 merim·
1751 855 1933 893 vulgariter
1953 854 2172 894 appellantur,
2194 855 2257 885 sub

1249 908 1357 945 500010
1367 907 1583 943 defensionis,
1594 908 1674 938 adeo
1684 908 1912 938 exactionibus
1921 912 2077 946 aggravat
2087 912 2118 938 et
2127 907 2253 946 affligit,

1248 960 1335 999 quod
1346 960 1446 990 iidem
1459 961 1567 990 coloni
1579 970 1656 991 suas
1670 961 1817 991 colonias
1831 961 1983 991 deserere
1995 960 2253 999 compelluntur;

1249 1013 1331 1043 alias
1351 1013 1558 1052 episcopum,
1578 1014 1703 1044 clerum
1723 1023 1759 1044 30
1776 1023 1854 1044 51105
1872 1013 2025 1053 injuriis,
2043 1013 2207 1043 molestiis
2225 1017 2257 1043 01

1248 1066 1498 1105 gravaminibus
1510 1067 1736 1105 opprimendo.
1746 1067 1842 1098 Unde
1853 1075 1922 1102 nos,
1937 1066 1994 1105 qui
2006 1066 2155 1105 ejusdem
2167 1065 2255 1104 regis

1249 1119 1389 1150 salutem
1407 1119 1443 1148 in
1460 1120 1601 1149 Domino
1619 1120 1788 1158 cupimus,
1811 1129 1886 1150 eum
1909 1128 1927 1149 a
1945 1119 2053 1149 noxiis
2077 1123 2107 1149 et
2127 1118 2258 1148 illicitis

1248 1182 1404 1202 revocare
1420 1172 1584 1207 volentes,
1601 1177 1631 1202 et
1649 1173 1864 1203 ecelesiarum
1881 1173 2029 1211 ipsarum
2046 1180 2082 1201 ac
2098 1180 2258 1210 persona-

1248 1234 1323 1255 rum
1355 1225 1671 1260 ecclesiasticarum,
1706 1226 1791 1255 sicut
1824 1229 1991 1261 tenemur,
2023 1223 2259 1262 indempnitati

1249 1277 1434 1312 consulere,
1448 1278 1632 1307 venerabili
1645 1278 1739 1307 fratri
1751 1282 1863 1308 nostro
1878 1301 1898 1306 ..
1913 1277 2065 1315 episcopo
2082 1276 2258 1307 Palentino

1251 1335 1281 1360 et
1301 1330 1531 1369 conjudicibus
1559 1331 1629 1360 suis
1653 1331 1776 1360 nostris
1797 1330 1948 1360 dedimus
1967 1330 2088 1360 litteris
2109 1329 2143 1358 in
2163 1337 2258 1359 man-

1250 1383 1335 1412 datis
1350 1387 1397 1412 ut.
1416 1383 1456 1412 ad
1472 1392 1582 1421 regem
1598 1383 1708 1421 ipsum
1722 1383 1942 1421 personaliter
1958 1382 2162 1417 accedentes,
2181 1390 2257 1412 eum

1249 1440 1422 1466 monerent
1443 1435 1584 1466 sollicite
1607 1445 1644 1466 ac
1667 1436 1844 1474 diligenter
1860 1435 2057 1465 inducerent
2072 1439 2125 1470 ut,
2143 1434 2257 1473 prohi-

1249 1489 1331 1519 bens
1347 1489 1544 1519 officialibus
1559 1493 1589 1519 et
1604 1489 1680 1519 aliis
1692 1489 1845 1519 vassallis
1863 1489 1933 1518 suis
1950 1497 1990 1518 ne
2008 1488 2171 1517 infamare
2187 1496 2258 1526 per-

1250 1551 1348 1572 sonas
1374 1541 1636 1575 ecclesiasticas,
1666 1541 1717 1571 vel
1742 1542 1854 1571 domos
1879 1541 2064 1579 infringere
2088 1549 2146 1570 5011
2171 1540 2258 1570 bona

1249 1595 1398 1634 ipsarum
1418 1595 1578 1633 diripere,
1599 1595 1745 1634 predicto
1763 1594 1812 1624 vel
1830 1594 1894 1624 alio
1911 1593 2015 1624 simili
2030 1593 2125 1623 modo
2141 1601 2258 1631 presu-

1249 1653 1355 1683 mant,
1375 1648 1402 1677 si
1420 1648 1551 1686 quando
1569 1648 1742 1686 episcopus
1759 1652 1789 1677 et
1806 1647 1876 1686 ejus
1893 1646 2009 1676 vicarii
2023 1651 2137 1676 contra
2153 1644 2258 1675 eccle-

1250 1702 1403 1732 siasticos
1422 1702 1511 1731 viros
1527 1701 1767 1740 processerint,
1786 1701 1824 1731 de
1840 1701 1927 1730 facta
1944 1709 1981 1730 ex
1999 1700 2046 1730 eis
2059 1699 2191 1739 justitia
2206 1698 2258 1728 vel

1250 1756 1350 1786 etiam
1377 1755 1529 1785 facienda
1560 1764 1594 1784 se
1625 1754 1816 1784 nullatenus
1842 1753 2058 1788 intromittat,
2088 1761 2147 1783 000
2175 1751 2258 1782 alias

1249 1809 1356 1847 ipsius
1380 1808 1525 1847 episcopi
1546 1807 1597 1838 vel
1621 1807 1813 1837 officialium
1836 1815 1972 1837 suorum
1989 1805 2259 1845 jurisdictionem

1249 1862 1407 1901 impediat
1425 1867 1479 1892 aut
1502 1861 1658 1900 impediri
1678 1861 1858 1899 permittat,
1879 1869 1953 1890 cum
1970 1868 2036 1890 non
2053 1859 2096 1889 sit
2113 1859 2164 1889 135
2183 1866 2259 1888 eum

1250 1915 1373 1946 talibus
1383 1915 1577 1945 immisceri.
1588 1914 1820 1953 Episcopatum
1831 1922 1962 1952 quoque
1971 1911 2256 1950 Portugalensem,

1249 1969 1302 2000 vel
1312 1968 1448 2007 majoris
1460 1972 1515 1997 aut
1527 1967 1668 1997 aliarum
1679 1967 1896 1997 ecclesiarum
1909 1975 1967 1996 seu
1980 1963 2259 1995 monasteriorum

1250 2022 1337 2052 bona
1352 2022 1388 2050 in
1404 2026 1470 2050 toto
1487 2029 1552 2050 non
1569 2016 1705 2058 occupet
1724 2019 1775 2049 vel
1791 2019 1825 2048 in
1844 2023 1953 2057 parte,
1975 2018 2112 2048 studens
2129 2024 2259 2046 excom-

1251 2075 1437 2105 municatos
1450 2074 1554 2104 artius
1571 2074 1713 2107 evitare;
1728 2082 1787 2102 nec
1800 2082 1857 2111 per
1874 2081 1907 2102 se
1924 2081 1984 2101 000
1999 2080 2055 2109 per
2071 2079 2149 2101 suos
2165 2074 2261 2108 cogat

1251 2137 1409 2167 personas
1424 2127 1666 2157 ecclesiasticas
1681 2127 1714 2155 in
1731 2125 1873 2155 seculari
1886 2125 1956 2155 foro
1970 2124 2008 2154 de
2025 2124 2136 2154 causis
2149 2123 2260 2153 crimi-

1252 2182 1384 2211 nalibus
1397 2181 1447 2210 vel
1464 2180 1619 2209 civilibus
1632 2179 1830 2217 respondere
1845 2189 1850 2213 ;
1870 2178 1957 2208 viros
1972 2177 2072 2208 etiam
2087 2176 2259 2207 ecclesias-

1252 2235 1334 2264 ticos
1358 2234 1397 2264 ab
1420 2234 1487 2263 11115
1511 2242 1573 2272 que
1599 2236 1712 2262 tenent
1738 2236 1768 2261 et
1790 2231 1975 2270 possident,
1995 2239 2060 2260 non
2079 2232 2256 2263 removeat,

1252 2287 1428 2317 dummodo
1443 2285 1550 2324 parati
1564 2285 1630 2314 sint
1644 2293 1743 2323 super
1758 2284 1827 2313 illis
1841 2293 1951 2313 001301
1967 2292 2026 2313 5110
2039 2282 2151 2322 judice
2168 2282 2206 2311 de
2223 2289 2259 2311 se

1253 2339 1533 2378 conquerentibus
1552 2337 1707 2368 exhibere
1724 2337 1853 2376 justitie
1873 2336 2161 2374 complementum.
2179 2335 2260 2364 Pre-

1253 2398 1342 2424 terea
1364 2393 1399 2422 in
1422 2392 1573 2422 ecclesiis
1596 2391 1726 2430 aliquos
1748 2399 1813 2420 1100
1831 2390 1980 2419 intrudat
1999 2398 2058 2419 nec
2077 2389 2117 2418 ab
2134 2387 2260 2418 eisdem

1253 2450 1401 2476 amoveat
1422 2445 1606 2479 institutos,
1629 2452 1749 2473 cavens
1770 2452 1810 2472 ne
1834 2442 2023 2480 episcopum
2045 2445 2074 2471 et
2099 2448 2260 2479 personas

1253 2498 1496 2529 ecclesiasticas
1512 2497 1547 2526 in
1566 2496 1773 2534 expeditione
1793 2505 1852 2525 sua
1870 2494 2050 2533 proficisci,
2069 2503 2129 2524 seu
2148 2493 2261 2522 113003

1253 2557 1283 2582 et
1303 2555 1425 2581 statuta
1443 2550 1561 2588 ipsius,
1585 2549 1747 2578 baronum
1768 2552 1799 2578 et
1819 2547 2012 2577 officialium
2032 2555 2168 2577 suorum
2189 2554 2260 2575 ser-

1254 2613 1347 2638 vare,
1376 2603 1445 2633 sive
1474 2602 1628 2640 angarias
1656 2601 1707 2630 vel
1734 2600 1949 2638 pei-angarias
1979 2604 2034 2629 aut
2062 2598 2128 2628 alia
2158 2606 2261 2628 onera

1254 2656 1430 2686 inhonesta
1447 2655 1559 2684 subire
1576 2653 1760 2692 compellat,
1782 2653 1822 2682 ab
1838 2652 1985 2691 ejusdem
2005 2651 2166 2690 episcopi,
2184 2659 2260 2688 per-

1254 2718 1426 2743 sonarum,
1445 2708 1722 2738 monasteriorum
1741 2710 1771 2736 et
1788 2705 2004 2736 ecclesiarum
2020 2705 2169 2743 ipsarum
2184 2712 2260 2741 gra-

1255 2762 1460 2795 vaminibus,
1486 2760 1622 2799 injuriis
1649 2764 1679 2789 et
1711 2758 1875 2788 molestiis
1907 2757 2071 2796 expressis
2105 2755 2260 2795 superius

1253 2816 1386 2853 penitus
1403 2814 1604 2844 desistendo.
1624 2812 1798 2851 Alioquin,
1817 2820 1891 2841 01110
1908 2820 1973 2840 000
1993 2811 2035 2840 sit
2052 2810 2208 2848 cuiquam
2223 2808 2258 2837 in

1254 2867 1363 2896 anime
1385 2876 1443 2896 sue
1462 2865 1682 2905 prejudicium
1704 2863 1937 2898 deferendum,
1960 2862 2100 2902 predicti
2115 2861 2257 2901 judices,

1254 2920 1449 2950 auctoritate
1467 2923 1590 2954 nostra,
1608 2918 1760 2953 barones,
1779 2917 1936 2952 merinos,
1955 2915 2112 2946 officiales
2129 2918 2160 2945 et
2176 2913 2260 2944 alios
