<?xml version="1.0" encoding="UTF-8"?>
<!DOCTYPE html PUBLIC "-//W3C//DTD XHTML 1.0 Transitional//EN"
    "http://www.w3.org/TR/xhtml1/DTD/xhtml1-transitional.dtd">
<html xmlns="http://www.w3.org/1999/xhtml" xml:lang="en" lang="en">
 <head>
  <title>
</title>
<meta http-equiv="Content-Type" content="text/html;charset=utf-8" />
  <meta name='ocr-system' content='tesseract 3.04.00' />
  <meta name='ocr-capabilities' content='ocr_page ocr_carea ocr_par ocr_line ocrx_word'/>
</head>
<body>
  <div class='ocr_page' id='page_1' title='image "./lesregistresdale02cathuoft_0625.png"; bbox 0 0 2519 3518; ppageno 0'>
   <div class='ocr_carea' id='block_1_1' title="bbox 154 280 1088 385">
    <p class='ocr_par' dir='ltr' id='par_1_1' title="bbox 154 280 1088 385">
     <span class='ocr_line' id='line_1_1' title="bbox 154 280 229 311; baseline 0.027 -2"><span class='ocrx_word' id='word_1_1' title='bbox 154 280 229 311; x_wconf 81' lang='lat'>1129</span> 
     </span>
     <span class='ocr_line' id='line_1_2' title="bbox 221 348 1088 385; baseline 0.006 -10"><span class='ocrx_word' id='word_1_2' title='bbox 221 348 347 377; x_wconf 73' lang='lat'>45¹5</span> <span class='ocrx_word' id='word_1_3' title='bbox 728 351 858 385; x_wconf 81' lang='lat' dir='ltr'>Anagni,</span> <span class='ocrx_word' id='word_1_4' title='bbox 875 353 909 379; x_wconf 90' lang='grc'>30</span> <span class='ocrx_word' id='word_1_5' title='bbox 924 355 992 380; x_wconf 70' lang='lat' dir='ltr'>amit</span> <span class='ocrx_word' id='word_1_6' title='bbox 1009 352 1088 380; x_wconf 79' lang='lat'>1238.</span> 
     </span>
    </p>
   </div>
   <div class='ocr_carea' id='block_1_2' title="bbox 149 410 1163 979">
    <p class='ocr_par' dir='ltr' id='par_1_2' title="bbox 149 410 1163 979">
     <span class='ocr_line' id='line_1_3' title="bbox 186 410 1163 448; baseline 0.005 -10"><span class='ocrx_word' id='word_1_7' title='bbox 186 410 330 445; x_wconf 79' lang='lat' dir='ltr'>Magistro</span> <span class='ocrx_word' id='word_1_8' title='bbox 351 413 438 439; x_wconf 86' lang='lat' dir='ltr'>Petro</span> <span class='ocrx_word' id='word_1_9' title='bbox 458 412 603 445; x_wconf 75' lang='lat' dir='ltr'>Eximini,</span> <span class='ocrx_word' id='word_1_10' title='bbox 625 415 778 448; x_wconf 81' lang='lat' dir='ltr'>capellano</span> <span class='ocrx_word' id='word_1_11' title='bbox 801 416 953 448; x_wconf 66' lang='lat' dir='ltr'>Ricmrdi,</span> <span class='ocrx_word' id='word_1_12' title='bbox 971 416 1075 443; x_wconf 82' lang='lat' dir='ltr'>Sancti</span> <span class='ocrx_word' id='word_1_13' title='bbox 1099 416 1163 443; x_wconf 80' lang='lat' dir='ltr'>An-</span> 
     </span>
     <span class='ocr_line' id='line_1_4' title="bbox 149 459 1162 500; baseline 0.006 -14"><span class='ocrx_word' id='word_1_14' title='bbox 149 459 208 493; x_wconf 73' lang='lat' dir='ltr'>geli</span> <span class='ocrx_word' id='word_1_15' title='bbox 225 460 342 487; x_wconf 84' lang='lat' dir='ltr'>diaconi</span> <span class='ocrx_word' id='word_1_16' title='bbox 359 461 530 494; x_wconf 77' lang='lat' dir='ltr'>cardinalis,</span> <span class='ocrx_word' id='word_1_17' title='bbox 552 477 588 480; x_wconf 96' lang='lat'><strong>—</strong></span> <span class='ocrx_word' id='word_1_18' title='bbox 609 471 675 489; x_wconf 86' lang='lat' dir='ltr'>cum</span> <span class='ocrx_word' id='word_1_19' title='bbox 694 472 750 497; x_wconf 83' lang='lat' dir='ltr'>quo</span> <span class='ocrx_word' id='word_1_20' title='bbox 766 464 914 492; x_wconf 79' lang='lat' dir='ltr'>Honorius</span> <span class='ocrx_word' id='word_1_21' title='bbox 931 463 994 500; x_wconf 81' lang='lat'>[111]</span> <span class='ocrx_word' id='word_1_22' title='bbox 1009 473 1085 500; x_wconf 85' lang='lat' dir='ltr'>papa</span> <span class='ocrx_word' id='word_1_23' title='bbox 1100 465 1162 492; x_wconf 82' lang='lat' dir='ltr'>dis-</span> 
     </span>
     <span class='ocr_line' id='line_1_5' title="bbox 152 509 1162 547; baseline 0.005 -12"><span class='ocrx_word' id='word_1_24' title='bbox 152 511 327 542; x_wconf 87' lang='lat' dir='ltr'>pensaverat</span> <span class='ocrx_word' id='word_1_25' title='bbox 344 512 387 541; x_wconf 88' lang='lat' dir='ltr'>ut,</span> <span class='ocrx_word' id='word_1_26' title='bbox 409 518 465 537; x_wconf 89' lang='lat' dir='ltr'>non</span> <span class='ocrx_word' id='word_1_27' title='bbox 485 509 621 537; x_wconf 84' lang='lat' dir='ltr'>obstante</span> <span class='ocrx_word' id='word_1_28' title='bbox 645 511 762 538; x_wconf 82' lang='lat' dir='ltr'>defectu</span> <span class='ocrx_word' id='word_1_29' title='bbox 786 513 931 539; x_wconf 87' lang='lat' dir='ltr'>natalium</span> <span class='ocrx_word' id='word_1_30' title='bbox 949 521 1047 547; x_wconf 76' lang='lat' dir='ltr'>quem,</span> <span class='ocrx_word' id='word_1_31' title='bbox 1063 513 1099 539; x_wconf 88' lang='lat' dir='ltr'>de</span> <span class='ocrx_word' id='word_1_32' title='bbox 1115 521 1162 540; x_wconf 84' lang='lat' dir='ltr'>so-</span> 
     </span>
     <span class='ocr_line' id='line_1_6' title="bbox 152 558 1162 595; baseline 0.004 -11"><span class='ocrx_word' id='word_1_33' title='bbox 152 559 214 585; x_wconf 89' lang='lat' dir='ltr'>luto</span> <span class='ocrx_word' id='word_1_34' title='bbox 236 560 264 584; x_wconf 93' lang='lat' dir='ltr'>et</span> <span class='ocrx_word' id='word_1_35' title='bbox 281 559 377 585; x_wconf 80' lang='lat' dir='ltr'>soluta</span> <span class='ocrx_word' id='word_1_36' title='bbox 397 558 529 591; x_wconf 80' lang='lat' dir='ltr'>genitus.</span> <span class='ocrx_word' id='word_1_37' title='bbox 552 559 731 595; x_wconf 87' lang='lat' dir='ltr'>patiebatur,</span> <span class='ocrx_word' id='word_1_38' title='bbox 753 564 848 595; x_wconf 87' lang='lat' dir='ltr'>posset</span> <span class='ocrx_word' id='word_1_39' title='bbox 869 561 905 588; x_wconf 88' lang='lat' dir='ltr'>ad</span> <span class='ocrx_word' id='word_1_40' title='bbox 926 570 1021 588; x_wconf 86' lang='lat' dir='ltr'>sacros</span> <span class='ocrx_word' id='word_1_41' title='bbox 1044 562 1162 588; x_wconf 76' lang='lat' dir='ltr'>ordines</span> 
     </span>
     <span class='ocr_line' id='line_1_7' title="bbox 151 608 1161 644; baseline 0.005 -12"><span class='ocrx_word' id='word_1_42' title='bbox 151 608 318 641; x_wconf 76' lang='lat' dir='ltr'>promoveri</span> <span class='ocrx_word' id='word_1_43' title='bbox 331 610 360 635; x_wconf 84' lang='lat' dir='ltr'>et</span> <span class='ocrx_word' id='word_1_44' title='bbox 375 609 411 635; x_wconf 85' lang='lat' dir='ltr'>ad</span> <span class='ocrx_word' id='word_1_45' title='bbox 423 610 655 637; x_wconf 83' lang='lat' dir='ltr'>ecclesiasticam</span> <span class='ocrx_word' id='word_1_46' title='bbox 672 609 849 644; x_wconf 84' lang='lat' dir='ltr'>dignitatem</span> <span class='ocrx_word' id='word_1_47' title='bbox 867 611 988 641; x_wconf 82' lang='lat' dir='ltr'>assumi,</span> <span class='ocrx_word' id='word_1_48' title='bbox 1006 610 1048 637; x_wconf 80' lang='lat' dir='ltr'>ita</span> <span class='ocrx_word' id='word_1_49' title='bbox 1062 613 1161 637; x_wconf 88' lang='lat' dir='ltr'>tamen</span> 
     </span>
     <span class='ocr_line' id='line_1_8' title="bbox 150 655 1160 693; baseline 0.005 -12"><span class='ocrx_word' id='word_1_50' title='bbox 150 655 238 689; x_wconf 83' lang='lat' dir='ltr'>quod,</span> <span class='ocrx_word' id='word_1_51' title='bbox 255 656 279 682; x_wconf 91' lang='lat' dir='ltr'>si</span> <span class='ocrx_word' id='word_1_52' title='bbox 295 657 332 683; x_wconf 88' lang='lat' dir='ltr'>ad</span> <span class='ocrx_word' id='word_1_53' title='bbox 350 657 546 693; x_wconf 88' lang='lat' dir='ltr'>episcopalem</span> <span class='ocrx_word' id='word_1_54' title='bbox 570 658 746 692; x_wconf 77' lang='lat' dir='ltr'>dignitatem</span> <span class='ocrx_word' id='word_1_55' title='bbox 764 667 830 685; x_wconf 91' lang='lat' dir='ltr'>eum</span> <span class='ocrx_word' id='word_1_56' title='bbox 851 659 1034 692; x_wconf 80' lang='lat' dir='ltr'>contingeret</span> <span class='ocrx_word' id='word_1_57' title='bbox 1050 659 1160 691; x_wconf 82' lang='lat' dir='ltr'>vocari,</span> 
     </span>
     <span class='ocr_line' id='line_1_9' title="bbox 152 703 1161 741; baseline 0.004 -11"><span class='ocrx_word' id='word_1_58' title='bbox 152 703 235 730; x_wconf 81' lang='lat' dir='ltr'>illam</span> <span class='ocrx_word' id='word_1_59' title='bbox 252 713 437 740; x_wconf 83' lang='lat' dir='ltr'>nequaquam</span> <span class='ocrx_word' id='word_1_60' title='bbox 453 707 596 741; x_wconf 83' lang='lat' dir='ltr'>reciperet</span> <span class='ocrx_word' id='word_1_61' title='bbox 609 706 718 740; x_wconf 84' lang='lat' dir='ltr'>absque</span> <span class='ocrx_word' id='word_1_62' title='bbox 735 706 820 733; x_wconf 87' lang='lat' dir='ltr'>Sedis</span> <span class='ocrx_word' id='word_1_63' title='bbox 838 707 1025 741; x_wconf 85' lang='lat' dir='ltr'>Apostolicae</span> <span class='ocrx_word' id='word_1_64' title='bbox 1040 707 1161 734; x_wconf 82' lang='lat' dir='ltr'>licentia</span> 
     </span>
     <span class='ocr_line' id='line_1_10' title="bbox 150 752 1161 789; baseline 0.003 -11"><span class='ocrx_word' id='word_1_65' title='bbox 150 752 285 786; x_wconf 84' lang='lat' dir='ltr'>speciali,</span> <span class='ocrx_word' id='word_1_66' title='bbox 302 756 332 780; x_wconf 91' lang='lat' dir='ltr'>et</span> <span class='ocrx_word' id='word_1_67' title='bbox 347 755 396 788; x_wconf 89' lang='lat' dir='ltr'>qui</span> <span class='ocrx_word' id='word_1_68' title='bbox 411 755 441 781; x_wconf 87' lang='lat' dir='ltr'>in</span> <span class='ocrx_word' id='word_1_69' title='bbox 458 758 580 789; x_wconf 85' lang='lat' dir='ltr'>utroque</span> <span class='ocrx_word' id='word_1_70' title='bbox 599 755 663 788; x_wconf 85' lang='lat' dir='ltr'>jure</span> <span class='ocrx_word' id='word_1_71' title='bbox 679 755 752 781; x_wconf 88' lang='lat' dir='ltr'>satis</span> <span class='ocrx_word' id='word_1_72' title='bbox 768 754 841 782; x_wconf 88' lang='lat' dir='ltr'>bene</span> <span class='ocrx_word' id='word_1_73' title='bbox 862 755 1049 789; x_wconf 86' lang='lat' dir='ltr'>postmodum</span> <span class='ocrx_word' id='word_1_74' title='bbox 1066 757 1161 789; x_wconf 82' lang='lat' dir='ltr'>prose—</span> 
     </span>
     <span class='ocr_line' id='line_1_11' title="bbox 152 802 1160 838; baseline 0.003 -11"><span class='ocrx_word' id='word_1_75' title='bbox 152 803 232 828; x_wconf 80' lang='lat' dir='ltr'>cerat</span> <span class='ocrx_word' id='word_1_76' title='bbox 245 805 274 828; x_wconf 90' lang='lat' dir='ltr'>et</span> <span class='ocrx_word' id='word_1_77' title='bbox 291 802 368 836; x_wconf 87' lang='lat' dir='ltr'>apud</span> <span class='ocrx_word' id='word_1_78' title='bbox 386 803 482 837; x_wconf 86' lang='lat' dir='ltr'>ipsum</span> <span class='ocrx_word' id='word_1_79' title='bbox 502 811 607 838; x_wconf 87' lang='lat' dir='ltr'>papam</span> <span class='ocrx_word' id='word_1_80' title='bbox 623 804 718 830; x_wconf 85' lang='lat' dir='ltr'>fuerat</span> <span class='ocrx_word' id='word_1_81' title='bbox 736 803 788 830; x_wconf 89' lang='lat' dir='ltr'>diu</span> <span class='ocrx_word' id='word_1_82' title='bbox 803 803 995 830; x_wconf 87' lang='lat' dir='ltr'>laudabiliter</span> <span class='ocrx_word' id='word_1_83' title='bbox 1008 812 1160 831; x_wconf 74' lang='lat' dir='ltr'>conversa-</span> 
     </span>
     <span class='ocr_line' id='line_1_12' title="bbox 152 850 1161 886; baseline 0.003 -10"><span class='ocrx_word' id='word_1_84' title='bbox 152 853 211 881; x_wconf 84' lang='lat' dir='ltr'>tus,</span> <span class='ocrx_word' id='word_1_85' title='bbox 229 864 261 868; x_wconf 91' lang='lat'>—</span> <span class='ocrx_word' id='word_1_86' title='bbox 275 850 409 884; x_wconf 81' lang='lat' dir='ltr'>indulget</span> <span class='ocrx_word' id='word_1_87' title='bbox 423 855 456 878; x_wconf 90' lang='lat' dir='ltr'>ut</span> <span class='ocrx_word' id='word_1_88' title='bbox 479 851 647 886; x_wconf 84' lang='lat' dir='ltr'>praedictus</span> <span class='ocrx_word' id='word_1_89' title='bbox 667 851 799 878; x_wconf 82' lang='lat' dir='ltr'>deiectus</span> <span class='ocrx_word' id='word_1_90' title='bbox 815 852 841 878; x_wconf 90' lang='lat' dir='ltr'>ei</span> <span class='ocrx_word' id='word_1_91' title='bbox 856 859 870 876; x_wconf 77' lang='grc' dir='ltr'>(ι</span> <span class='ocrx_word' id='word_1_92' title='bbox 887 852 981 885; x_wconf 81' lang='lat' dir='ltr'>quoad</span> <span class='ocrx_word' id='word_1_93' title='bbox 999 852 1161 885; x_wconf 79' lang='lat' dir='ltr'>dignitates</span> 
     </span>
     <span class='ocr_line' id='line_1_13' title="bbox 152 899 1160 933; baseline 0.002 -8"><span class='ocrx_word' id='word_1_94' title='bbox 152 905 166 922; x_wconf 73' lang='lat'>¹)</span> <span class='ocrx_word' id='word_1_95' title='bbox 188 900 216 925; x_wconf 87' lang='lat' dir='ltr'>et</span> <span class='ocrx_word' id='word_1_96' title='bbox 237 899 410 932; x_wconf 79' lang='lat' dir='ltr'>spiritualia</span> <span class='ocrx_word' id='word_1_97' title='bbox 432 900 533 927; x_wconf 89' lang='lat' dir='ltr'>omnia</span> <span class='ocrx_word' id='word_1_98' title='bbox 551 900 645 926; x_wconf 79' lang='lat' dir='ltr'>nichil</span> <span class='ocrx_word' id='word_1_99' title='bbox 664 899 779 927; x_wconf 88' lang='lat' dir='ltr'>obsit».</span> <span class='ocrx_word' id='word_1_100' title='bbox 797 915 829 918; x_wconf 97' lang='lat'><strong>—</strong></span> <span class='ocrx_word' id='word_1_101' title='bbox 852 901 939 932; x_wconf 72' lang='lat' dir='ltr'>(Bm.</span> <span class='ocrx_word' id='word_1_102' title='bbox 957 900 1001 933; x_wconf 83' lang='lat'>19,</span> <span class='ocrx_word' id='word_1_103' title='bbox 1019 902 1038 927; x_wconf 82' lang='lat' dir='ltr'>f.</span> <span class='ocrx_word' id='word_1_104' title='bbox 1061 901 1094 927; x_wconf 68' lang='lat'>48</span> <span class='ocrx_word' id='word_1_105' title='bbox 1115 904 1160 933; x_wconf 80' lang='lat' dir='ltr'>v⁰;</span> 
     </span>
     <span class='ocr_line' id='line_1_14' title="bbox 149 947 443 979; baseline 0.007 -6"><span class='ocrx_word' id='word_1_106' title='bbox 149 955 220 973; x_wconf 80' lang='lat' dir='ltr'>ann.</span> <span class='ocrx_word' id='word_1_107' title='bbox 240 947 308 979; x_wconf 83' lang='lat' dir='ltr'>xil,</span> <span class='ocrx_word' id='word_1_108' title='bbox 325 955 350 974; x_wconf 86' lang='lat' dir='ltr'>e.</span> <span class='ocrx_word' id='word_1_109' title='bbox 366 947 443 979; x_wconf 80' lang='lat'>239.)</span> 
     </span>
    </p>
   </div>
   <div class='ocr_carea' id='block_1_3' title="bbox 149 1035 1162 1230">
    <p class='ocr_par' dir='ltr' id='par_1_3' title="bbox 149 1035 1162 1230">
     <span class='ocr_line' id='line_1_15' title="bbox 191 1035 1162 1073; baseline 0.002 -10"><span class='ocrx_word' id='word_1_110' title='bbox 191 1044 206 1063; x_wconf 86' lang='lat'>«</span> <span class='ocrx_word' id='word_1_111' title='bbox 231 1035 374 1072; x_wconf 64' lang='lat' dir='ltr'>Magistro</span> <span class='ocrx_word' id='word_1_112' title='bbox 392 1037 479 1066; x_wconf 84' lang='lat' dir='ltr'>Petro</span> <span class='ocrx_word' id='word_1_113' title='bbox 504 1036 654 1070; x_wconf 73' lang='lat' dir='ltr'>Eoeimini,</span> <span class='ocrx_word' id='word_1_114' title='bbox 682 1036 839 1073; x_wconf 80' lang='lat' dir='ltr'>capellano</span> <span class='ocrx_word' id='word_1_115' title='bbox 858 1036 962 1065; x_wconf 82' lang='lat' dir='ltr'>dilecti</span> <span class='ocrx_word' id='word_1_116' title='bbox 982 1036 1043 1072; x_wconf 76' lang='lat' dir='ltr'>filii</span> <span class='ocrx_word' id='word_1_117' title='bbox 1063 1038 1162 1065; x_wconf 78' lang='lat' dir='ltr'>nostri</span> 
     </span>
     <span class='ocr_line' id='line_1_16' title="bbox 151 1087 1159 1127; baseline 0.003 -11"><span class='ocrx_word' id='word_1_118' title='bbox 151 1087 342 1127; x_wconf 60' lang='lat' dir='ltr'>micent-dm</span> <span class='ocrx_word' id='word_1_119' title='bbox 363 1089 469 1118; x_wconf 78' lang='lat' dir='ltr'>Sancti</span> <span class='ocrx_word' id='word_1_120' title='bbox 483 1088 724 1126; x_wconf 69' lang='lat' dir='ltr'>Amyclidcaconi</span> <span class='ocrx_word' id='word_1_121' title='bbox 744 1089 927 1118; x_wconf 81' lang='lat' dir='ltr'>cardinalis.</span> <span class='ocrx_word' id='word_1_122' title='bbox 945 1088 1033 1119; x_wconf 90' lang='lat' dir='ltr'>Olim</span> <span class='ocrx_word' id='word_1_123' title='bbox 1049 1088 1159 1119; x_wconf 87' lang='lat' dir='ltr'>felicis</span> 
     </span>
     <span class='ocr_line' id='line_1_17' title="bbox 150 1140 1160 1180; baseline 0.002 -11"><span class='ocrx_word' id='word_1_124' title='bbox 150 1140 390 1171; x_wconf 83' lang='lat' dir='ltr'>recordationis</span> <span class='ocrx_word' id='word_1_125' title='bbox 406 1159 455 1170; x_wconf 95' lang='lat'>—.</span> <span class='ocrx_word' id='word_1_126' title='bbox 478 1142 552 1171; x_wconf 83' lang='lat' dir='ltr'>Dat.</span> <span class='ocrx_word' id='word_1_127' title='bbox 574 1141 738 1179; x_wconf 81' lang='lat' dir='ltr'>Anagnie‚</span> <span class='ocrx_word' id='word_1_128' title='bbox 766 1142 816 1171; x_wconf 81' lang='grc' dir='ltr'>ΙΙΙ</span> <span class='ocrx_word' id='word_1_129' title='bbox 840 1141 1000 1171; x_wconf 77' lang='lat' dir='ltr'>kalendas</span> <span class='ocrx_word' id='word_1_130' title='bbox 1017 1146 1160 1180; x_wconf 88' lang='lat' dir='ltr'>septem-</span> 
     </span>
     <span class='ocr_line' id='line_1_18' title="bbox 149 1193 590 1230; baseline -0.005 -7"><span class='ocrx_word' id='word_1_131' title='bbox 149 1193 230 1230; x_wconf 82' lang='lat' dir='ltr'>bris,</span> <span class='ocrx_word' id='word_1_132' title='bbox 249 1202 336 1224; x_wconf 84' lang='lat' dir='ltr'>anno</span> <span class='ocrx_word' id='word_1_133' title='bbox 351 1194 555 1225; x_wconf 88' lang='lat' dir='ltr'>duodecimo.</span> <span class='ocrx_word' id='word_1_134' title='bbox 577 1206 590 1221; x_wconf 85' lang='grc'>»</span> 
     </span>
    </p>
   </div>
   <div class='ocr_carea' id='block_1_4' title="bbox 219 1339 343 1367">
    <p class='ocr_par' dir='ltr' id='par_1_4' title="bbox 219 1339 343 1367">
     <span class='ocr_line' id='line_1_19' title="bbox 219 1339 343 1367; baseline 0.016 -2"><span class='ocrx_word' id='word_1_135' title='bbox 219 1339 343 1367; x_wconf 68' lang='lat'>⁴5¹6</span> 
     </span>
    </p>
   </div>
   <div class='ocr_carea' id='block_1_5' title="bbox 145 1400 1160 1775">
    <p class='ocr_par' dir='ltr' id='par_1_5' title="bbox 145 1400 1160 1775">
     <span class='ocr_line' id='line_1_20' title="bbox 185 1400 1160 1435; baseline 0.001 -8"><span class='ocrx_word' id='word_1_136' title='bbox 185 1400 324 1435; x_wconf 88' lang='lat' dir='ltr'>Capitulo</span> <span class='ocrx_word' id='word_1_137' title='bbox 338 1401 548 1428; x_wconf 82' lang='lat' dir='ltr'>policastrensi</span> <span class='ocrx_word' id='word_1_138' title='bbox 563 1401 712 1435; x_wconf 81' lang='lat' dir='ltr'>significat</span> <span class='ocrx_word' id='word_1_139' title='bbox 726 1410 755 1428; x_wconf 90' lang='lat' dir='ltr'>se</span> <span class='ocrx_word' id='word_1_140' title='bbox 769 1401 943 1428; x_wconf 80' lang='lat' dir='ltr'>electionem</span> <span class='ocrx_word' id='word_1_141' title='bbox 960 1402 996 1428; x_wconf 88' lang='lat' dir='ltr'>de</span> <span class='ocrx_word' id='word_1_142' title='bbox 1011 1403 1160 1429; x_wconf 82' lang='lat' dir='ltr'>archidia-</span> 
     </span>
     <span class='ocr_line' id='line_1_21' title="bbox 147 1450 1160 1485; baseline 0.002 -9"><span class='ocrx_word' id='word_1_143' title='bbox 147 1458 220 1476; x_wconf 83' lang='lat' dir='ltr'>cono</span> <span class='ocrx_word' id='word_1_144' title='bbox 230 1450 440 1477; x_wconf 87' lang='lat' dir='ltr'>Policastrensi</span> <span class='ocrx_word' id='word_1_145' title='bbox 452 1450 481 1476; x_wconf 89' lang='lat' dir='ltr'>in</span> <span class='ocrx_word' id='word_1_146' title='bbox 491 1451 662 1485; x_wconf 88' lang='lat' dir='ltr'>episcopum</span> <span class='ocrx_word' id='word_1_147' title='bbox 673 1451 921 1477; x_wconf 87' lang='lat' dir='ltr'>Policastrensem</span> <span class='ocrx_word' id='word_1_148' title='bbox 938 1458 951 1476; x_wconf 76' lang='lat' dir='ltr'>t(</span> <span class='ocrx_word' id='word_1_149' title='bbox 963 1451 1062 1477; x_wconf 86' lang='lat' dir='ltr'>minus</span> <span class='ocrx_word' id='word_1_150' title='bbox 1074 1459 1160 1478; x_wconf 87' lang='lat' dir='ltr'>cano-</span> 
     </span>
     <span class='ocr_line' id='line_1_22' title="bbox 149 1498 1160 1533; baseline 0.001 -9"><span class='ocrx_word' id='word_1_151' title='bbox 149 1507 163 1524; x_wconf 85' lang='lat'>»</span> <span class='ocrx_word' id='word_1_152' title='bbox 180 1498 245 1525; x_wconf 87' lang='lat' dir='ltr'>nice</span> <span class='ocrx_word' id='word_1_153' title='bbox 264 1498 454 1531; x_wconf 84' lang='lat' dir='ltr'>celebratam,</span> <span class='ocrx_word' id='word_1_154' title='bbox 473 1501 536 1526; x_wconf 89' lang='lat' dir='ltr'>tum</span> <span class='ocrx_word' id='word_1_155' title='bbox 554 1507 604 1533; x_wconf 87' lang='lat' dir='ltr'>pro</span> <span class='ocrx_word' id='word_1_156' title='bbox 620 1507 652 1525; x_wconf 90' lang='lat' dir='ltr'>eo</span> <span class='ocrx_word' id='word_1_157' title='bbox 671 1499 746 1533; x_wconf 85' lang='lat' dir='ltr'>quod</span> <span class='ocrx_word' id='word_1_158' title='bbox 769 1507 825 1525; x_wconf 89' lang='lat' dir='ltr'>non</span> <span class='ocrx_word' id='word_1_159' title='bbox 843 1499 1034 1526; x_wconf 85' lang='lat' dir='ltr'>confirmatus</span> <span class='ocrx_word' id='word_1_160' title='bbox 1050 1500 1160 1526; x_wconf 88' lang='lat' dir='ltr'>ammi—</span> 
     </span>
     <span class='ocr_line' id='line_1_23' title="bbox 148 1546 1159 1582; baseline 0.004 -11"><span class='ocrx_word' id='word_1_161' title='bbox 148 1555 162 1571; x_wconf 81' lang='lat'>»</span> <span class='ocrx_word' id='word_1_162' title='bbox 179 1547 351 1574; x_wconf 84' lang='lat' dir='ltr'>nistrationi</span> <span class='ocrx_word' id='word_1_163' title='bbox 366 1546 502 1582; x_wconf 86' lang='lat' dir='ltr'>[ecclesie</span> <span class='ocrx_word' id='word_1_164' title='bbox 518 1546 758 1582; x_wconf 83' lang='lat' dir='ltr'>Policastrensis]</span> <span class='ocrx_word' id='word_1_165' title='bbox 774 1550 884 1574; x_wconf 84' lang='lat' dir='ltr'>temere</span> <span class='ocrx_word' id='word_1_166' title='bbox 900 1556 930 1574; x_wconf 89' lang='lat' dir='ltr'>se</span> <span class='ocrx_word' id='word_1_167' title='bbox 945 1556 958 1573; x_wconf 88' lang='lat'>»</span> <span class='ocrx_word' id='word_1_168' title='bbox 981 1549 1159 1582; x_wconf 78' lang='lat' dir='ltr'>ingesserat,</span> 
     </span>
     <span class='ocr_line' id='line_1_24' title="bbox 146 1595 1159 1629; baseline 0.002 -8"><span class='ocrx_word' id='word_1_169' title='bbox 146 1603 161 1619; x_wconf 85' lang='lat'>«</span> <span class='ocrx_word' id='word_1_170' title='bbox 179 1597 240 1622; x_wconf 91' lang='lat' dir='ltr'>tum</span> <span class='ocrx_word' id='word_1_171' title='bbox 263 1598 382 1629; x_wconf 87' lang='lat' dir='ltr'>propter</span> <span class='ocrx_word' id='word_1_172' title='bbox 404 1595 572 1623; x_wconf 82' lang='lat' dir='ltr'>litterature</span> <span class='ocrx_word' id='word_1_173' title='bbox 592 1596 741 1623; x_wconf 81' lang='lat' dir='ltr'>deiectum</span> <span class='ocrx_word' id='word_1_174' title='bbox 758 1604 781 1627; x_wconf 79' lang='grc'>1),</span> <span class='ocrx_word' id='word_1_175' title='bbox 801 1596 948 1628; x_wconf 84' lang='lat' dir='ltr'>irritasse;</span> <span class='ocrx_word' id='word_1_176' title='bbox 971 1597 1013 1623; x_wconf 90' lang='lat' dir='ltr'>eis</span> <span class='ocrx_word' id='word_1_177' title='bbox 1029 1597 1159 1624; x_wconf 82' lang='lat' dir='ltr'>restituit</span> 
     </span>
     <span class='ocr_line' id='line_1_25' title="bbox 146 1643 1158 1679; baseline 0.002 -9"><span class='ocrx_word' id='word_1_178' title='bbox 146 1645 323 1677; x_wconf 81' lang='lat' dir='ltr'>potestatem</span> <span class='ocrx_word' id='word_1_179' title='bbox 339 1643 397 1670; x_wconf 89' lang='lat' dir='ltr'>sibi</span> <span class='ocrx_word' id='word_1_180' title='bbox 411 1644 541 1678; x_wconf 79' lang='lat' dir='ltr'>eligendi</span> <span class='ocrx_word' id='word_1_181' title='bbox 558 1645 612 1671; x_wconf 83' lang='lat' dir='ltr'>hae</span> <span class='ocrx_word' id='word_1_182' title='bbox 626 1644 692 1671; x_wconf 78' lang='lat' dir='ltr'>vice</span> <span class='ocrx_word' id='word_1_183' title='bbox 707 1645 889 1679; x_wconf 85' lang='lat' dir='ltr'>pontificem.</span> <span class='ocrx_word' id='word_1_184' title='bbox 907 1648 935 1672; x_wconf 91' lang='lat' dir='ltr'>et</span> <span class='ocrx_word' id='word_1_185' title='bbox 950 1645 1073 1672; x_wconf 84' lang='lat' dir='ltr'>mandat</span> <span class='ocrx_word' id='word_1_186' title='bbox 1088 1654 1158 1679; x_wconf 84' lang='lat' dir='ltr'>qua-</span> 
     </span>
     <span class='ocr_line' id='line_1_26' title="bbox 146 1692 1158 1728; baseline 0.002 -10"><span class='ocrx_word' id='word_1_187' title='bbox 146 1694 232 1718; x_wconf 82' lang='lat' dir='ltr'>tenus</span> <span class='ocrx_word' id='word_1_188' title='bbox 244 1700 294 1726; x_wconf 84' lang='lat' dir='ltr'>per</span> <span class='ocrx_word' id='word_1_189' title='bbox 304 1692 477 1719; x_wconf 86' lang='lat' dir='ltr'>elect-ionem</span> <span class='ocrx_word' id='word_1_190' title='bbox 490 1693 631 1719; x_wconf 87' lang='lat' dir='ltr'>canonica</span> <span class='ocrx_word' id='word_1_191' title='bbox 637 1701 662 1719; x_wconf 92' lang='lat' dir='ltr'>m</span> <span class='ocrx_word' id='word_1_192' title='bbox 675 1692 730 1720; x_wconf 83' lang='lat' dir='ltr'>sibi</span> <span class='ocrx_word' id='word_1_193' title='bbox 742 1693 777 1719; x_wconf 88' lang='lat' dir='ltr'>de</span> <span class='ocrx_word' id='word_1_194' title='bbox 787 1701 910 1727; x_wconf 83' lang='lat' dir='ltr'>persona</span> <span class='ocrx_word' id='word_1_195' title='bbox 921 1694 1028 1720; x_wconf 86' lang='lat' dir='ltr'>idonea</span> <span class='ocrx_word' id='word_1_196' title='bbox 1038 1693 1069 1720; x_wconf 91' lang='lat' dir='ltr'>in</span> <span class='ocrx_word' id='word_1_197' title='bbox 1083 1694 1158 1728; x_wconf 82' lang='lat' dir='ltr'>epis-</span> 
     </span>
     <span class='ocr_line' id='line_1_27' title="bbox 145 1741 1158 1775; baseline 0.003 -9"><span class='ocrx_word' id='word_1_198' title='bbox 145 1747 250 1774; x_wconf 80' lang='lat' dir='ltr'>copum</span> <span class='ocrx_word' id='word_1_199' title='bbox 278 1741 464 1775; x_wconf 79' lang='lat' dir='ltr'>provideant.</span> <span class='ocrx_word' id='word_1_200' title='bbox 482 1756 514 1759; x_wconf 96' lang='lat'>—</span> <span class='ocrx_word' id='word_1_201' title='bbox 531 1742 618 1774; x_wconf 63' lang='lat' dir='ltr'>(Rae.</span> <span class='ocrx_word' id='word_1_202' title='bbox 635 1742 680 1774; x_wconf 78' lang='lat'>19,</span> <span class='ocrx_word' id='word_1_203' title='bbox 698 1742 718 1768; x_wconf 82' lang='lat' dir='ltr'>f.</span> <span class='ocrx_word' id='word_1_204' title='bbox 736 1741 770 1768; x_wconf 71' lang='lat'>48</span> <span class='ocrx_word' id='word_1_205' title='bbox 783 1745 827 1774; x_wconf 72' lang='lat' dir='ltr'>v⁰;</span> <span class='ocrx_word' id='word_1_206' title='bbox 851 1751 921 1769; x_wconf 86' lang='lat' dir='ltr'>ann.</span> <span class='ocrx_word' id='word_1_207' title='bbox 944 1743 1012 1774; x_wconf 79' lang='lat' dir='ltr'>XII,</span> <span class='ocrx_word' id='word_1_208' title='bbox 1035 1751 1059 1769; x_wconf 79' lang='lat' dir='ltr'>c.</span> <span class='ocrx_word' id='word_1_209' title='bbox 1081 1742 1158 1774; x_wconf 70' lang='lat'>240.)</span> 
     </span>
    </p>
   </div>
   <div class='ocr_carea' id='block_1_6' title="bbox 647 1340 1086 1374">
    <p class='ocr_par' dir='ltr' id='par_1_6' title="bbox 647 1340 1086 1374">
     <span class='ocr_line' id='line_1_28' title="bbox 647 1340 1086 1374; baseline 0.002 -8"><span class='ocrx_word' id='word_1_210' title='bbox 647 1340 778 1373; x_wconf 82' lang='lat' dir='ltr'>Anagni,</span> <span class='ocrx_word' id='word_1_211' title='bbox 792 1340 808 1366; x_wconf 81' lang='lat'>2</span> <span class='ocrx_word' id='word_1_212' title='bbox 824 1340 991 1374; x_wconf 88' lang='lat' dir='ltr'>septembre</span> <span class='ocrx_word' id='word_1_213' title='bbox 1006 1340 1086 1367; x_wconf 73' lang='lat'>1238.</span> 
     </span>
    </p>
   </div>
   <div class='ocr_carea' id='block_1_7' title="bbox 147 1828 1157 1918">
    <p class='ocr_par' dir='ltr' id='par_1_7' title="bbox 147 1828 1157 1918">
     <span class='ocr_line' id='line_1_29' title="bbox 189 1828 1157 1865; baseline 0.002 -9"><span class='ocrx_word' id='word_1_214' title='bbox 189 1839 202 1854; x_wconf 81' lang='grc' dir='ltr'>(ι</span> <span class='ocrx_word' id='word_1_215' title='bbox 231 1828 370 1865; x_wconf 81' lang='lat' dir='ltr'>Capitulo</span> <span class='ocrx_word' id='word_1_216' title='bbox 394 1828 621 1857; x_wconf 78' lang='lat' dir='ltr'>Policaslrensi.</span> <span class='ocrx_word' id='word_1_217' title='bbox 650 1828 854 1858; x_wconf 84' lang='lat' dir='ltr'>Electionem</span> <span class='ocrx_word' id='word_1_218' title='bbox 880 1828 914 1857; x_wconf 90' lang='lat' dir='ltr'>in</span> <span class='ocrx_word' id='word_1_219' title='bbox 940 1828 1081 1859; x_wconf 81' lang='lat' dir='ltr'>ecclesia</span> <span class='ocrx_word' id='word_1_220' title='bbox 1107 1846 1157 1858; x_wconf 92' lang='lat'>—.</span> 
     </span>
     <span class='ocr_line' id='line_1_30' title="bbox 147 1880 1157 1918; baseline -0.001 -9"><span class='ocrx_word' id='word_1_221' title='bbox 147 1881 218 1909; x_wconf 89' lang='lat' dir='ltr'>Dat.</span> <span class='ocrx_word' id='word_1_222' title='bbox 232 1880 473 1918; x_wconf 80' lang='lat' dir='ltr'>Anagnie.IIII</span> <span class='ocrx_word' id='word_1_223' title='bbox 485 1889 589 1910; x_wconf 87' lang='lat' dir='ltr'>nonas</span> <span class='ocrx_word' id='word_1_224' title='bbox 602 1880 812 1918; x_wconf 78' lang='lat' dir='ltr'>septembris.</span> <span class='ocrx_word' id='word_1_225' title='bbox 825 1889 911 1911; x_wconf 84' lang='lat' dir='ltr'>anno</span> <span class='ocrx_word' id='word_1_226' title='bbox 924 1881 1126 1912; x_wconf 87' lang='lat' dir='ltr'>duodecimo.</span> <span class='ocrx_word' id='word_1_227' title='bbox 1144 1894 1157 1908; x_wconf 80' lang='grc'>»</span> 
     </span>
    </p>
   </div>
   <div class='ocr_carea' id='block_1_8' title="bbox 217 2031 339 2058">
    <p class='ocr_par' dir='ltr' id='par_1_8' title="bbox 217 2031 339 2058">
     <span class='ocr_line' id='line_1_31' title="bbox 217 2031 339 2058; baseline 0 -1"><span class='ocrx_word' id='word_1_228' title='bbox 217 2031 339 2058; x_wconf 59' lang='grc' dir='ltr'>451ἵ</span> 
     </span>
    </p>
   </div>
   <div class='ocr_carea' id='block_1_9' title="bbox 146 2093 1159 2418">
    <p class='ocr_par' dir='ltr' id='par_1_9' title="bbox 146 2093 1159 2418">
     <span class='ocr_line' id='line_1_32' title="bbox 183 2093 1158 2125; baseline 0.002 -5"><span class='ocrx_word' id='word_1_229' title='bbox 183 2093 323 2125; x_wconf 76' lang='lat' dir='ltr'>Johanni‚</span> <span class='ocrx_word' id='word_1_230' title='bbox 340 2093 550 2120; x_wconf 78' lang='lat' dir='ltr'>archidiacono</span> <span class='ocrx_word' id='word_1_231' title='bbox 566 2093 791 2120; x_wconf 68' lang='lat' dir='ltr'>Silviniaccnsi.</span> <span class='ocrx_word' id='word_1_232' title='bbox 806 2094 939 2120; x_wconf 80' lang='lat' dir='ltr'>Parisius</span> <span class='ocrx_word' id='word_1_233' title='bbox 951 2095 1158 2123; x_wconf 81' lang='lat' dir='ltr'>commoranti.</span> 
     </span>
     <span class='ocr_line' id='line_1_33' title="bbox 148 2141 1158 2175; baseline 0.001 -7"><span class='ocrx_word' id='word_1_234' title='bbox 148 2142 327 2168; x_wconf 71' lang='lat' dir='ltr'>cancellario</span> <span class='ocrx_word' id='word_1_235' title='bbox 356 2142 532 2170; x_wconf 78' lang='lat' dir='ltr'>Turonensi.</span> <span class='ocrx_word' id='word_1_236' title='bbox 558 2141 691 2168; x_wconf 85' lang='lat' dir='ltr'>Parisius</span> <span class='ocrx_word' id='word_1_237' title='bbox 715 2142 856 2168; x_wconf 80' lang='lat' dir='ltr'>similiter</span> <span class='ocrx_word' id='word_1_238' title='bbox 877 2143 1084 2175; x_wconf 75' lang='lat' dir='ltr'>commoranti,</span> <span class='ocrx_word' id='word_1_239' title='bbox 1106 2152 1158 2169; x_wconf 85' lang='lat' dir='ltr'>ne(-</span> 
     </span>
     <span class='ocr_line' id='line_1_34' title="bbox 150 2190 1156 2224; baseline 0.001 -8"><span class='ocrx_word' id='word_1_240' title='bbox 150 2199 205 2217; x_wconf 83' lang='lat' dir='ltr'>uon</span> <span class='ocrx_word' id='word_1_241' title='bbox 231 2190 371 2224; x_wconf 78' lang='lat' dir='ltr'>magistro</span> <span class='ocrx_word' id='word_1_242' title='bbox 394 2191 481 2217; x_wconf 85' lang='lat' dir='ltr'>Petro</span> <span class='ocrx_word' id='word_1_243' title='bbox 497 2190 532 2216; x_wconf 89' lang='lat' dir='ltr'>de</span> <span class='ocrx_word' id='word_1_244' title='bbox 550 2191 642 2224; x_wconf 84' lang='lat' dir='ltr'>Papa,</span> <span class='ocrx_word' id='word_1_245' title='bbox 671 2190 812 2216; x_wconf 79' lang='lat' dir='ltr'>canonico</span> <span class='ocrx_word' id='word_1_246' title='bbox 839 2191 1012 2223; x_wconf 83' lang='lat' dir='ltr'>Parisiensi‚</span> <span class='ocrx_word' id='word_1_247' title='bbox 1039 2200 1156 2217; x_wconf 88' lang='lat' dir='ltr'>causam</span> 
     </span>
     <span class='ocr_line' id='line_1_35' title="bbox 150 2238 1157 2277; baseline 0 -11"><span class='ocrx_word' id='word_1_248' title='bbox 150 2240 226 2266; x_wconf 84' lang='lat' dir='ltr'>inter</span> <span class='ocrx_word' id='word_1_249' title='bbox 238 2239 513 2277; x_wconf 79' lang='lat' dir='ltr'>Archembaudum,</span> <span class='ocrx_word' id='word_1_250' title='bbox 530 2239 684 2265; x_wconf 88' lang='lat' dir='ltr'>dominum</span> <span class='ocrx_word' id='word_1_251' title='bbox 702 2238 933 2271; x_wconf 86' lang='lat' dir='ltr'>Borbonensem,</span> <span class='ocrx_word' id='word_1_252' title='bbox 945 2248 980 2266; x_wconf 79' lang='lat' dir='ltr'>ex</span> <span class='ocrx_word' id='word_1_253' title='bbox 992 2248 1050 2266; x_wconf 89' lang='lat' dir='ltr'>una</span> <span class='ocrx_word' id='word_1_254' title='bbox 1064 2243 1157 2274; x_wconf 85' lang='lat' dir='ltr'>parte,</span> 
     </span>
     <span class='ocr_line' id='line_1_36' title="bbox 148 2287 1159 2322; baseline 0.002 -9"><span class='ocrx_word' id='word_1_255' title='bbox 148 2293 175 2315; x_wconf 83' lang='lat' dir='ltr'>ct</span> <span class='ocrx_word' id='word_1_256' title='bbox 206 2287 425 2314; x_wconf 85' lang='lat' dir='ltr'>Bituricensem</span> <span class='ocrx_word' id='word_1_257' title='bbox 448 2287 716 2321; x_wconf 77' lang='lat' dir='ltr'>archiepiscopum.</span> <span class='ocrx_word' id='word_1_258' title='bbox 738 2295 773 2313; x_wconf 82' lang='lat' dir='ltr'>ex</span> <span class='ocrx_word' id='word_1_259' title='bbox 795 2288 899 2318; x_wconf 85' lang='lat' dir='ltr'>altera,</span> <span class='ocrx_word' id='word_1_260' title='bbox 920 2291 1050 2314; x_wconf 82' lang='lat' dir='ltr'>exortam</span> <span class='ocrx_word' id='word_1_261' title='bbox 1072 2296 1159 2322; x_wconf 85' lang='lat' dir='ltr'>super</span> 
     </span>
     <span class='ocr_line' id='line_1_37' title="bbox 146 2335 1158 2370; baseline 0.001 -8"><span class='ocrx_word' id='word_1_262' title='bbox 146 2338 315 2370; x_wconf 82' lang='lat' dir='ltr'>juramento</span> <span class='ocrx_word' id='word_1_263' title='bbox 330 2345 346 2363; x_wconf 88' lang='lat' dir='ltr'>a</span> <span class='ocrx_word' id='word_1_264' title='bbox 362 2336 512 2370; x_wconf 86' lang='lat' dir='ltr'>praedicto</span> <span class='ocrx_word' id='word_1_265' title='bbox 529 2335 649 2362; x_wconf 91' lang='lat' dir='ltr'>domino</span> <span class='ocrx_word' id='word_1_266' title='bbox 665 2335 759 2362; x_wconf 85' lang='lat' dir='ltr'>eidem</span> <span class='ocrx_word' id='word_1_267' title='bbox 779 2336 1000 2370; x_wconf 82' lang='lat' dir='ltr'>archiepiscopo</span> <span class='ocrx_word' id='word_1_268' title='bbox 1013 2336 1048 2363; x_wconf 86' lang='lat' dir='ltr'>de</span> <span class='ocrx_word' id='word_1_269' title='bbox 1063 2336 1158 2364; x_wconf 79' lang='lat' dir='ltr'>rebel-</span> 
     </span>
     <span class='ocr_line' id='line_1_38' title="bbox 148 2384 1157 2418; baseline 0 -6"><span class='ocrx_word' id='word_1_270' title='bbox 148 2385 225 2412; x_wconf 87' lang='lat' dir='ltr'>libus</span> <span class='ocrx_word' id='word_1_271' title='bbox 241 2385 302 2411; x_wconf 87' lang='lat' dir='ltr'>suis</span> <span class='ocrx_word' id='word_1_272' title='bbox 318 2384 542 2418; x_wconf 68' lang='lat' dir='ltr'>impugnandis,</span> <span class='ocrx_word' id='word_1_273' title='bbox 560 2388 591 2411; x_wconf 93' lang='lat' dir='ltr'>ut</span> <span class='ocrx_word' id='word_1_274' title='bbox 605 2384 769 2415; x_wconf 80' lang='lat' dir='ltr'>dicebatur,</span> <span class='ocrx_word' id='word_1_275' title='bbox 786 2385 972 2418; x_wconf 79' lang='lat' dir='ltr'>praestando,</span> <span class='ocrx_word' id='word_1_276' title='bbox 995 2385 1157 2412; x_wconf 79' lang='lat' dir='ltr'>committit</span> 
     </span>
    </p>
   </div>
   <div class='ocr_carea' id='block_1_10' title="bbox 732 2031 1085 2064">
    <p class='ocr_par' dir='ltr' id='par_1_10' title="bbox 732 2031 1085 2064">
     <span class='ocr_line' id='line_1_39' title="bbox 732 2031 1085 2064; baseline 0.006 -7"><span class='ocrx_word' id='word_1_277' title='bbox 732 2031 862 2064; x_wconf 70' lang='lat' dir='ltr'>Anagni,</span> <span class='ocrx_word' id='word_1_278' title='bbox 876 2031 910 2058; x_wconf 71' lang='lat'>‘28</span> <span class='ocrx_word' id='word_1_279' title='bbox 923 2034 990 2058; x_wconf 82' lang='lat' dir='ltr'>aout</span> <span class='ocrx_word' id='word_1_280' title='bbox 1007 2032 1085 2059; x_wconf 70' lang='lat'>1238.</span> 
     </span>
    </p>
   </div>
   <div class='ocr_carea' id='block_1_11' title="bbox 146 2433 1158 2562">
    <p class='ocr_par' dir='ltr' id='par_1_11' title="bbox 146 2433 1158 2562">
     <span class='ocr_line' id='line_1_40' title="bbox 147 2433 1156 2468; baseline 0 -8"><span class='ocrx_word' id='word_1_281' title='bbox 147 2433 325 2460; x_wconf 82' lang='lat' dir='ltr'>audiendam</span> <span class='ocrx_word' id='word_1_282' title='bbox 339 2436 367 2460; x_wconf 89' lang='lat' dir='ltr'>et</span> <span class='ocrx_word' id='word_1_283' title='bbox 381 2433 613 2460; x_wconf 80' lang='lat' dir='ltr'>terminandam.</span> <span class='ocrx_word' id='word_1_284' title='bbox 629 2433 761 2466; x_wconf 88' lang='lat' dir='ltr'>alioquin</span> <span class='ocrx_word' id='word_1_285' title='bbox 776 2433 811 2459; x_wconf 86' lang='lat' dir='ltr'>ad</span> <span class='ocrx_word' id='word_1_286' title='bbox 824 2441 948 2459; x_wconf 78' lang='lat' dir='ltr'>examen</span> <span class='ocrx_word' id='word_1_287' title='bbox 962 2434 1156 2468; x_wconf 86' lang='lat' dir='ltr'>apostolicum</span> 
     </span>
     <span class='ocr_line' id='line_1_41' title="bbox 146 2481 1158 2514; baseline 0.001 -6"><span class='ocrx_word' id='word_1_288' title='bbox 146 2482 369 2509; x_wconf 69' lang='lat' dir='ltr'>remittendam.</span> <span class='ocrx_word' id='word_1_289' title='bbox 388 2496 420 2500; x_wconf 91' lang='lat'><strong>—</strong></span> <span class='ocrx_word' id='word_1_290' title='bbox 436 2482 523 2512; x_wconf 66' lang='lat' dir='ltr'>(Rae.</span> <span class='ocrx_word' id='word_1_291' title='bbox 550 2481 594 2513; x_wconf 81' lang='lat'>19,</span> <span class='ocrx_word' id='word_1_292' title='bbox 624 2483 644 2507; x_wconf 80' lang='lat' dir='ltr'>f.</span> <span class='ocrx_word' id='word_1_293' title='bbox 670 2481 704 2508; x_wconf 67' lang='lat'>48</span> <span class='ocrx_word' id='word_1_294' title='bbox 728 2484 772 2513; x_wconf 72' lang='lat' dir='ltr'>v⁶;</span> <span class='ocrx_word' id='word_1_295' title='bbox 801 2490 870 2508; x_wconf 87' lang='lat' dir='ltr'>ann.</span> <span class='ocrx_word' id='word_1_296' title='bbox 898 2481 971 2514; x_wconf 81' lang='lat' dir='ltr'>XII,</span> <span class='ocrx_word' id='word_1_297' title='bbox 993 2491 1018 2509; x_wconf 81' lang='lat' dir='ltr'>c.</span> <span class='ocrx_word' id='word_1_298' title='bbox 1044 2482 1158 2514; x_wconf 71' lang='lat'>241;—</span> 
     </span>
     <span class='ocr_line' id='line_1_42' title="bbox 146 2530 554 2562; baseline -0.007 -4"><span class='ocrx_word' id='word_1_299' title='bbox 146 2531 279 2558; x_wconf 61' lang='lat' dir='ltr'>Momm</span> <span class='ocrx_word' id='word_1_300' title='bbox 296 2530 376 2562; x_wconf 74' lang='lat'>1192,</span> <span class='ocrx_word' id='word_1_301' title='bbox 392 2531 411 2556; x_wconf 85' lang='lat' dir='ltr'>f.</span> <span class='ocrx_word' id='word_1_302' title='bbox 432 2530 506 2561; x_wconf 73' lang='lat'>173.)</span> <span class='ocrx_word' id='word_1_303' title='bbox 548 2545 554 2551; x_wconf 71' lang='lat'><strong>·</strong></span> 
     </span>
    </p>
   </div>
   <div class='ocr_carea' id='block_1_12' title="bbox 146 2616 1158 2709">
    <p class='ocr_par' dir='ltr' id='par_1_12' title="bbox 146 2616 1158 2709">
     <span class='ocr_line' id='line_1_43' title="bbox 187 2616 1157 2653; baseline 0.001 -8"><span class='ocrx_word' id='word_1_304' title='bbox 187 2631 200 2646; x_wconf 74' lang='lat' dir='ltr'>t(</span> <span class='ocrx_word' id='word_1_305' title='bbox 220 2619 368 2653; x_wconf 80' lang='lat' dir='ltr'>Johanni‚</span> <span class='ocrx_word' id='word_1_306' title='bbox 388 2617 607 2647; x_wconf 80' lang='lat' dir='ltr'>archidiacono</span> <span class='ocrx_word' id='word_1_307' title='bbox 625 2616 858 2652; x_wconf 75' lang='lat' dir='ltr'>Silviniacensi,</span> <span class='ocrx_word' id='word_1_308' title='bbox 884 2622 909 2646; x_wconf 83' lang='lat' dir='ltr'>el</span> <span class='ocrx_word' id='word_1_309' title='bbox 935 2640 954 2645; x_wconf 94' lang='lat'>..</span> <span class='ocrx_word' id='word_1_310' title='bbox 974 2619 1157 2647; x_wconf 77' lang='lat' dir='ltr'>cancellario</span> 
     </span>
     <span class='ocr_line' id='line_1_44' title="bbox 146 2669 1158 2709; baseline -0.002 -7"><span class='ocrx_word' id='word_1_311' title='bbox 146 2673 327 2705; x_wconf 72' lang='lat' dir='ltr'>Turonensz&#39;.</span> <span class='ocrx_word' id='word_1_312' title='bbox 343 2671 485 2700; x_wconf 79' lang='lat' dir='ltr'>Parisius</span> <span class='ocrx_word' id='word_1_313' title='bbox 494 2670 764 2705; x_wconf 76' lang='lat' dir='ltr'>commorantibus,</span> <span class='ocrx_word' id='word_1_314' title='bbox 775 2675 800 2699; x_wconf 75' lang='lat' dir='ltr'>el</span> <span class='ocrx_word' id='word_1_315' title='bbox 816 2671 964 2707; x_wconf 38' lang='lat' dir='ltr'>fmayistro</span> <span class='ocrx_word' id='word_1_316' title='bbox 975 2669 1084 2709; x_wconf 76' lang='lat' dir='ltr'>[²[etro]</span> <span class='ocrx_word' id='word_1_317' title='bbox 1095 2672 1108 2690; x_wconf 80' lang='lat'><em>2</em></span> <span class='ocrx_word' id='word_1_318' title='bbox 1124 2671 1158 2700; x_wconf 82' lang='lat' dir='ltr'>de</span> 
     </span>
    </p>
   </div>
   <div class='ocr_carea' id='block_1_13' title="bbox 146 2774 1158 2978">
    <p class='ocr_par' dir='ltr' id='par_1_13' title="bbox 146 2774 1157 2896">
     <span class='ocr_line' id='line_1_45' title="bbox 179 2774 1157 2806; baseline -0.003 -5"><span class='ocrx_word' id='word_1_319' title='bbox 179 2778 200 2801; x_wconf 88' lang='lat' dir='ltr'>l.</span> <span class='ocrx_word' id='word_1_320' title='bbox 220 2776 285 2800; x_wconf 84' lang='lat' dir='ltr'>Plus</span> <span class='ocrx_word' id='word_1_321' title='bbox 312 2775 521 2806; x_wconf 85' lang='lat' dir='ltr'>probablement</span> <span class='ocrx_word' id='word_1_322' title='bbox 546 2781 599 2805; x_wconf 83' lang='lat' dir='ltr'>que</span> <span class='ocrx_word' id='word_1_323' title='bbox 629 2774 790 2805; x_wconf 41' lang='lat' dir='ltr'>moment&amp;</span> <span class='ocrx_word' id='word_1_324' title='bbox 819 2775 844 2798; x_wconf 89' lang='lat' dir='ltr'>le</span> <span class='ocrx_word' id='word_1_325' title='bbox 873 2774 995 2798; x_wconf 80' lang='lat' dir='ltr'>cardinal</span> <span class='ocrx_word' id='word_1_326' title='bbox 1023 2774 1157 2803; x_wconf 84' lang='lat' dir='ltr'>Romaiu,</span> 
     </span>
     <span class='ocr_line' id='line_1_46' title="bbox 147 2818 1157 2853; baseline -0.001 -9"><span class='ocrx_word' id='word_1_327' title='bbox 147 2821 348 2853; x_wconf 73' lang='lat' dir='ltr'>predecesseur</span> <span class='ocrx_word' id='word_1_328' title='bbox 374 2819 517 2843; x_wconf 80' lang='lat' dir='ltr'>immediat</span> <span class='ocrx_word' id='word_1_329' title='bbox 541 2819 574 2842; x_wconf 87' lang='lat' dir='ltr'>de</span> <span class='ocrx_word' id='word_1_330' title='bbox 597 2820 767 2843; x_wconf 66' lang='lat' dir='ltr'>Bit-cardus.</span> <span class='ocrx_word' id='word_1_331' title='bbox 795 2818 862 2843; x_wconf 76' lang='lat' dir='ltr'>etait</span> <span class='ocrx_word' id='word_1_332' title='bbox 887 2819 992 2849; x_wconf 78' lang='lat' dir='ltr'>eveque</span> <span class='ocrx_word' id='word_1_333' title='bbox 1015 2819 1048 2842; x_wconf 88' lang='lat' dir='ltr'>de</span> <span class='ocrx_word' id='word_1_334' title='bbox 1073 2819 1157 2843; x_wconf 83' lang='lat' dir='ltr'>Porto</span> 
     </span>
     <span class='ocr_line' id='line_1_47' title="bbox 146 2864 332 2896; baseline -0.005 -7"><span class='ocrx_word' id='word_1_335' title='bbox 146 2865 247 2896; x_wconf 81' lang='lat' dir='ltr'>depuis</span> <span class='ocrx_word' id='word_1_336' title='bbox 264 2864 332 2888; x_wconf 71' lang='lat'>1236.</span> 
     </span>
    </p>

    <p class='ocr_par' dir='ltr' id='par_1_14' title="bbox 146 2906 1158 2978">
     <span class='ocr_line' id='line_1_48' title="bbox 179 2906 1158 2937; baseline -0.003 -4"><span class='ocrx_word' id='word_1_337' title='bbox 179 2910 201 2934; x_wconf 72' lang='lat'>2.</span> <span class='ocrx_word' id='word_1_338' title='bbox 220 2909 262 2933; x_wconf 90' lang='lat' dir='ltr'>On</span> <span class='ocrx_word' id='word_1_339' title='bbox 287 2912 385 2932; x_wconf 79' lang='lat' dir='ltr'>trouve</span> <span class='ocrx_word' id='word_1_340' title='bbox 406 2909 431 2930; x_wconf 84' lang='lat' dir='ltr'>la</span> <span class='ocrx_word' id='word_1_341' title='bbox 453 2907 539 2931; x_wconf 76' lang='lat' dir='ltr'>forme</span> <span class='ocrx_word' id='word_1_342' title='bbox 560 2906 695 2937; x_wconf 66' lang='lat' dir='ltr'>complete</span> <span class='ocrx_word' id='word_1_343' title='bbox 713 2907 746 2930; x_wconf 88' lang='lat' dir='ltr'>de</span> <span class='ocrx_word' id='word_1_344' title='bbox 766 2914 796 2930; x_wconf 85' lang='lat' dir='ltr'>ce</span> <span class='ocrx_word' id='word_1_345' title='bbox 821 2914 883 2930; x_wconf 87' lang='lat' dir='ltr'>nom</span> <span class='ocrx_word' id='word_1_346' title='bbox 910 2907 978 2930; x_wconf 80' lang='lat' dir='ltr'>dans</span> <span class='ocrx_word' id='word_1_347' title='bbox 1003 2907 1041 2930; x_wconf 89' lang='lat' dir='ltr'>lcs</span> <span class='ocrx_word' id='word_1_348' title='bbox 1066 2907 1158 2937; x_wconf 70' lang='lat' dir='ltr'>picces</span> 
     </span>
     <span class='ocr_line' id='line_1_49' title="bbox 146 2952 340 2978; baseline -0.01 -1"><span class='ocrx_word' id='word_1_349' title='bbox 146 2953 209 2978; x_wconf 68' lang='lat'><em>‘1217</em></span> <span class='ocrx_word' id='word_1_350' title='bbox 226 2956 254 2976; x_wconf 86' lang='lat' dir='ltr'>et.</span> <span class='ocrx_word' id='word_1_351' title='bbox 269 2952 340 2976; x_wconf 66' lang='lat'>4324.</span> 
     </span>
    </p>
   </div>
   <div class='ocr_carea' id='block_1_14' title="bbox 1002 277 1408 317">
    <p class='ocr_par' dir='ltr' id='par_1_15' title="bbox 1002 277 1408 317">
     <span class='ocr_line' id='line_1_50' title="bbox 1002 277 1408 317; baseline 0.002 -1"><span class='ocrx_word' id='word_1_352' title='bbox 1002 277 1224 316; x_wconf 74' lang='lat' dir='ltr'><strong>DOL&#39;ZIEME</strong></span> <span class='ocrx_word' id='word_1_353' title='bbox 1247 279 1408 317; x_wconf 79' lang='lat' dir='ltr'>ANNEE.</span> 
     </span>
    </p>
   </div>
   <div class='ocr_carea' id='block_1_15' title="bbox 2180 289 2255 322">
    <p class='ocr_par' dir='ltr' id='par_1_16' title="bbox 2180 289 2255 322">
     <span class='ocr_line' id='line_1_51' title="bbox 2180 289 2255 322; baseline 0 -2"><span class='ocrx_word' id='word_1_354' title='bbox 2180 289 2255 322; x_wconf 87' lang='lat'>1130</span> 
     </span>
    </p>
   </div>
   <div class='ocr_carea' id='block_1_16' title="bbox 1235 352 2253 2228">
    <p class='ocr_par' dir='ltr' id='par_1_17' title="bbox 1235 352 2253 2228">
     <span class='ocr_line' id='line_1_52' title="bbox 1245 352 2253 390; baseline 0.005 -9"><span class='ocrx_word' id='word_1_355' title='bbox 1245 352 1336 390; x_wconf 81' lang='lat' dir='ltr'>Papa,</span> <span class='ocrx_word' id='word_1_356' title='bbox 1361 355 1507 383; x_wconf 78' lang='lat' dir='ltr'>canonico</span> <span class='ocrx_word' id='word_1_357' title='bbox 1530 355 1709 384; x_wconf 77' lang='lat' dir='ltr'>Parisienst&#39;.</span> <span class='ocrx_word' id='word_1_358' title='bbox 1739 355 1894 385; x_wconf 85' lang='lat' dir='ltr'>Exhibita</span> <span class='ocrx_word' id='word_1_359' title='bbox 1919 355 2014 385; x_wconf 87' lang='lat' dir='ltr'>nobis</span> <span class='ocrx_word' id='word_1_360' title='bbox 2042 356 2164 386; x_wconf 87' lang='lat' dir='ltr'>nobilis</span> <span class='ocrx_word' id='word_1_361' title='bbox 2189 357 2253 386; x_wconf 84' lang='lat' dir='ltr'>viri</span> 
     </span>
     <span class='ocr_line' id='line_1_53' title="bbox 1244 405 2253 447; baseline 0.005 -12"><span class='ocrx_word' id='word_1_362' title='bbox 1244 405 1500 442; x_wconf 74' lang='lat' dir='ltr'>Archembaudi.</span> <span class='ocrx_word' id='word_1_363' title='bbox 1519 407 1645 437; x_wconf 86' lang='lat' dir='ltr'>domini</span> <span class='ocrx_word' id='word_1_364' title='bbox 1670 408 1906 442; x_wconf 76' lang='lat' dir='ltr'>Borhonensis,</span> <span class='ocrx_word' id='word_1_365' title='bbox 1931 409 2046 447; x_wconf 86' lang='lat' dir='ltr'>petitio</span> <span class='ocrx_word' id='word_1_366' title='bbox 2064 410 2253 441; x_wconf 84' lang='lat' dir='ltr'>continebat</span> 
     </span>
     <span class='ocr_line' id='line_1_54' title="bbox 1243 458 2252 501; baseline 0.005 -13"><span class='ocrx_word' id='word_1_367' title='bbox 1243 458 1340 497; x_wconf 79' lang='lat' dir='ltr'>quod,</span> <span class='ocrx_word' id='word_1_368' title='bbox 1364 467 1439 488; x_wconf 92' lang='lat' dir='ltr'>cum</span> <span class='ocrx_word' id='word_1_369' title='bbox 1455 459 1658 490; x_wconf 84' lang='lat' dir='ltr'>venerabilis</span> <span class='ocrx_word' id='word_1_370' title='bbox 1681 461 1784 490; x_wconf 82' lang='lat' dir='ltr'>frater</span> <span class='ocrx_word' id='word_1_371' title='bbox 1808 465 1919 490; x_wconf 86' lang='lat' dir='ltr'>noster</span> <span class='ocrx_word' id='word_1_372' title='bbox 1945 485 1964 490; x_wconf 91' lang='lat'>..</span> <span class='ocrx_word' id='word_1_373' title='bbox 1983 461 2252 501; x_wconf 72' lang='lat' dir='ltr'>archiepiscopus</span> 
     </span>
     <span class='ocr_line' id='line_1_55' title="bbox 1243 510 2252 553; baseline 0.005 -13"><span class='ocrx_word' id='word_1_374' title='bbox 1243 510 1476 546; x_wconf 77' lang='lat' dir='ltr'>Bituricensis‚</span> <span class='ocrx_word' id='word_1_375' title='bbox 1502 521 1655 543; x_wconf 77' lang='lat' dir='ltr'>asserens</span> <span class='ocrx_word' id='word_1_376' title='bbox 1681 513 1791 551; x_wconf 89' lang='lat' dir='ltr'>ipsum</span> <span class='ocrx_word' id='word_1_377' title='bbox 1811 513 1876 543; x_wconf 86' lang='lat' dir='ltr'>sibi</span> <span class='ocrx_word' id='word_1_378' title='bbox 1894 513 2012 544; x_wconf 82' lang='lat' dir='ltr'>debere</span> <span class='ocrx_word' id='word_1_379' title='bbox 2026 514 2252 553; x_wconf 88' lang='lat' dir='ltr'>juramentum</span> 
     </span>
     <span class='ocr_line' id='line_1_56' title="bbox 1243 565 2253 602; baseline 0.005 -9"><span class='ocrx_word' id='word_1_380' title='bbox 1243 568 1401 602; x_wconf 77' lang='lat' dir='ltr'>prestare,</span> <span class='ocrx_word' id='word_1_381' title='bbox 1419 569 1454 594; x_wconf 90' lang='lat' dir='ltr'>ut</span> <span class='ocrx_word' id='word_1_382' title='bbox 1469 565 1610 596; x_wconf 79' lang='lat' dir='ltr'>rebelles</span> <span class='ocrx_word' id='word_1_383' title='bbox 1633 575 1710 596; x_wconf 84' lang='lat' dir='ltr'>suos</span> <span class='ocrx_word' id='word_1_384' title='bbox 1734 566 1957 596; x_wconf 85' lang='lat' dir='ltr'>Bituricensis</span> <span class='ocrx_word' id='word_1_385' title='bbox 1973 567 2126 600; x_wconf 77' lang='lat' dir='ltr'>diocesis.</span> <span class='ocrx_word' id='word_1_386' title='bbox 2144 568 2253 599; x_wconf 86' lang='lat' dir='ltr'>karis-</span> 
     </span>
     <span class='ocr_line' id='line_1_57' title="bbox 1243 615 2252 656; baseline 0.005 -11"><span class='ocrx_word' id='word_1_387' title='bbox 1243 615 1326 646; x_wconf 89' lang='lat' dir='ltr'>simo</span> <span class='ocrx_word' id='word_1_388' title='bbox 1343 616 1377 646; x_wconf 93' lang='lat' dir='ltr'>in</span> <span class='ocrx_word' id='word_1_389' title='bbox 1395 617 1528 648; x_wconf 86' lang='lat' dir='ltr'>Christo</span> <span class='ocrx_word' id='word_1_390' title='bbox 1546 618 1614 648; x_wconf 82' lang='lat' dir='ltr'>tilio</span> <span class='ocrx_word' id='word_1_391' title='bbox 1638 623 1750 649; x_wconf 84' lang='lat' dir='ltr'>nostro</span> <span class='ocrx_word' id='word_1_392' title='bbox 1769 642 1788 648; x_wconf 77' lang='lat'>..</span> <span class='ocrx_word' id='word_1_393' title='bbox 1807 628 1883 656; x_wconf 75' lang='lat' dir='ltr'>rege</span> <span class='ocrx_word' id='word_1_394' title='bbox 1906 620 2107 649; x_wconf 86' lang='lat' dir='ltr'>Francorum</span> <span class='ocrx_word' id='word_1_395' title='bbox 2128 620 2252 651; x_wconf 86' lang='lat' dir='ltr'>illustri</span> 
     </span>
     <span class='ocr_line' id='line_1_58' title="bbox 1242 669 2249 710; baseline 0.004 -11"><span class='ocrx_word' id='word_1_396' title='bbox 1242 669 1410 699; x_wconf 85' lang='lat' dir='ltr'>dumtaxat</span> <span class='ocrx_word' id='word_1_397' title='bbox 1429 675 1573 709; x_wconf 77' lang='lat' dir='ltr'>excepto,</span> <span class='ocrx_word' id='word_1_398' title='bbox 1601 671 1702 701; x_wconf 84' lang='lat' dir='ltr'>donec</span> <span class='ocrx_word' id='word_1_399' title='bbox 1729 671 1769 701; x_wconf 84' lang='lat' dir='ltr'>ad</span> <span class='ocrx_word' id='word_1_400' title='bbox 1795 672 1865 710; x_wconf 85' lang='lat' dir='ltr'>ejus</span> <span class='ocrx_word' id='word_1_401' title='bbox 1891 672 2081 701; x_wconf 86' lang='lat' dir='ltr'>mandatum</span> <span class='ocrx_word' id='word_1_402' title='bbox 2103 673 2249 708; x_wconf 73' lang='lat' dir='ltr'>redeant,</span> 
     </span>
     <span class='ocr_line' id='line_1_59' title="bbox 1242 722 2252 764; baseline 0.005 -13"><span class='ocrx_word' id='word_1_403' title='bbox 1242 722 1312 752; x_wconf 82' lang='lat' dir='ltr'>suis</span> <span class='ocrx_word' id='word_1_404' title='bbox 1337 723 1524 760; x_wconf 85' lang='lat' dir='ltr'>sumptibus</span> <span class='ocrx_word' id='word_1_405' title='bbox 1546 724 1766 762; x_wconf 80' lang='lat' dir='ltr'>impugnaret,</span> <span class='ocrx_word' id='word_1_406' title='bbox 1792 724 1832 753; x_wconf 89' lang='lat' dir='ltr'>ad</span> <span class='ocrx_word' id='word_1_407' title='bbox 1852 725 2064 762; x_wconf 86' lang='lat' dir='ltr'>prestandum</span> <span class='ocrx_word' id='word_1_408' title='bbox 2079 726 2252 764; x_wconf 85' lang='lat' dir='ltr'>juramen-</span> 
     </span>
     <span class='ocr_line' id='line_1_60' title="bbox 1243 775 2251 817; baseline 0.005 -13"><span class='ocrx_word' id='word_1_409' title='bbox 1243 779 1311 805; x_wconf 86' lang='lat' dir='ltr'>tum</span> <span class='ocrx_word' id='word_1_410' title='bbox 1338 775 1529 815; x_wconf 83' lang='lat' dir='ltr'>hujusmodi</span> <span class='ocrx_word' id='word_1_411' title='bbox 1552 777 1693 809; x_wconf 80' lang='lat' dir='ltr'>eundem</span> <span class='ocrx_word' id='word_1_412' title='bbox 1719 786 1828 807; x_wconf 83' lang='lat' dir='ltr'>coram</span> <span class='ocrx_word' id='word_1_413' title='bbox 1855 786 1890 807; x_wconf 82' lang='lat' dir='ltr'>sc</span> <span class='ocrx_word' id='word_1_414' title='bbox 1908 778 2102 808; x_wconf 80' lang='lat' dir='ltr'>auctoritate</span> <span class='ocrx_word' id='word_1_415' title='bbox 2121 779 2251 817; x_wconf 86' lang='lat' dir='ltr'>propria</span> 
     </span>
     <span class='ocr_line' id='line_1_61' title="bbox 1242 828 2249 870; baseline 0.004 -13"><span class='ocrx_word' id='word_1_416' title='bbox 1242 828 1412 859; x_wconf 80' lang='lat' dir='ltr'>citavisset</span> <span class='ocrx_word' id='word_1_417' title='bbox 1430 839 1436 858; x_wconf 76' lang='lat' dir='ltr'>z</span> <span class='ocrx_word' id='word_1_418' title='bbox 1457 838 1495 859; x_wconf 86' lang='lat' dir='ltr'>ex</span> <span class='ocrx_word' id='word_1_419' title='bbox 1515 834 1607 868; x_wconf 84' lang='lat' dir='ltr'>parte</span> <span class='ocrx_word' id='word_1_420' title='bbox 1630 830 1736 868; x_wconf 82' lang='lat' dir='ltr'>ipsius</span> <span class='ocrx_word' id='word_1_421' title='bbox 1752 830 1816 860; x_wconf 79' lang='lat' dir='ltr'>fuit</span> <span class='ocrx_word' id='word_1_422' title='bbox 1835 830 2027 868; x_wconf 78' lang='lat' dir='ltr'>excipiendo</span> <span class='ocrx_word' id='word_1_423' title='bbox 2046 832 2249 870; x_wconf 87' lang='lat' dir='ltr'>propositum</span> 
     </span>
     <span class='ocr_line' id='line_1_62' title="bbox 1242 882 2248 924; baseline 0.005 -14"><span class='ocrx_word' id='word_1_424' title='bbox 1242 890 1350 911; x_wconf 82' lang='lat' dir='ltr'>coram</span> <span class='ocrx_word' id='word_1_425' title='bbox 1368 890 1405 911; x_wconf 89' lang='lat' dir='ltr'>eo</span> <span class='ocrx_word' id='word_1_426' title='bbox 1421 882 1508 920; x_wconf 83' lang='lat' dir='ltr'>quod</span> <span class='ocrx_word' id='word_1_427' title='bbox 1525 891 1584 912; x_wconf 89' lang='lat' dir='ltr'>nec</span> <span class='ocrx_word' id='word_1_428' title='bbox 1606 882 1677 920; x_wconf 88' lang='lat' dir='ltr'>ipse</span> <span class='ocrx_word' id='word_1_429' title='bbox 1701 883 1741 912; x_wconf 89' lang='lat' dir='ltr'>ad</span> <span class='ocrx_word' id='word_1_430' title='bbox 1765 883 2002 921; x_wconf 86' lang='lat' dir='ltr'>prestationcm</span> <span class='ocrx_word' id='word_1_431' title='bbox 2023 885 2141 922; x_wconf 81' lang='lat' dir='ltr'>prefati</span> <span class='ocrx_word' id='word_1_432' title='bbox 2155 885 2248 924; x_wconf 85' lang='lat' dir='ltr'>jura-</span> 
     </span>
     <span class='ocr_line' id='line_1_63' title="bbox 1242 934 2247 974; baseline 0.005 -12"><span class='ocrx_word' id='word_1_433' title='bbox 1242 934 1356 968; x_wconf 84' lang='lat' dir='ltr'>menti,</span> <span class='ocrx_word' id='word_1_434' title='bbox 1383 934 1469 972; x_wconf 83' lang='lat' dir='ltr'>quod</span> <span class='ocrx_word' id='word_1_435' title='bbox 1487 943 1655 973; x_wconf 83' lang='lat' dir='ltr'>nunquam</span> <span class='ocrx_word' id='word_1_436' title='bbox 1674 935 1713 964; x_wconf 85' lang='lat' dir='ltr'>ab</span> <span class='ocrx_word' id='word_1_437' title='bbox 1730 945 1766 965; x_wconf 93' lang='lat' dir='ltr'>eo</span> <span class='ocrx_word' id='word_1_438' title='bbox 1785 936 1835 966; x_wconf 79' lang='lat' dir='ltr'>vel</span> <span class='ocrx_word' id='word_1_439' title='bbox 1860 936 2148 974; x_wconf 78' lang='lat' dir='ltr'>predecessoribus</span> <span class='ocrx_word' id='word_1_440' title='bbox 2166 938 2247 967; x_wconf 85' lang='lat' dir='ltr'>suis.</span> 
     </span>
     <span class='ocr_line' id='line_1_64' title="bbox 1241 986 2249 1025; baseline 0.005 -11"><span class='ocrx_word' id='word_1_441' title='bbox 1241 986 1385 1016; x_wconf 88' lang='lat' dir='ltr'>dominis</span> <span class='ocrx_word' id='word_1_442' title='bbox 1417 987 1587 1023; x_wconf 87' lang='lat' dir='ltr'>Borbonii,</span> <span class='ocrx_word' id='word_1_443' title='bbox 1617 988 1791 1025; x_wconf 86' lang='lat' dir='ltr'>prestitum</span> <span class='ocrx_word' id='word_1_444' title='bbox 1821 988 1942 1024; x_wconf 81' lang='lat' dir='ltr'>suerat,</span> <span class='ocrx_word' id='word_1_445' title='bbox 1974 989 2157 1019; x_wconf 80' lang='lat' dir='ltr'>tenebatur.</span> <span class='ocrx_word' id='word_1_446' title='bbox 2191 999 2249 1020; x_wconf 82' lang='lat' dir='ltr'>ne(-</span> 
     </span>
     <span class='ocr_line' id='line_1_65' title="bbox 1241 1037 2249 1080; baseline 0.004 -13"><span class='ocrx_word' id='word_1_447' title='bbox 1241 1037 1328 1068; x_wconf 91' lang='lat' dir='ltr'>idem</span> <span class='ocrx_word' id='word_1_448' title='bbox 1347 1038 1381 1067; x_wconf 94' lang='lat' dir='ltr'>in</span> <span class='ocrx_word' id='word_1_449' title='bbox 1405 1048 1505 1068; x_wconf 86' lang='lat' dir='ltr'>causa</span> <span class='ocrx_word' id='word_1_450' title='bbox 1532 1040 1664 1077; x_wconf 85' lang='lat' dir='ltr'>propria</span> <span class='ocrx_word' id='word_1_451' title='bbox 1685 1040 1779 1077; x_wconf 75' lang='lat' dir='ltr'>fungi</span> <span class='ocrx_word' id='word_1_452' title='bbox 1803 1045 1929 1078; x_wconf 82' lang='lat' dir='ltr'>poterat</span> <span class='ocrx_word' id='word_1_453' title='bbox 1950 1041 2057 1070; x_wconf 89' lang='lat' dir='ltr'>officio</span> <span class='ocrx_word' id='word_1_454' title='bbox 2077 1042 2200 1080; x_wconf 84' lang='lat' dir='ltr'>judicis</span> <span class='ocrx_word' id='word_1_455' title='bbox 2218 1047 2249 1073; x_wconf 89' lang='lat' dir='ltr'>et</span> 
     </span>
     <span class='ocr_line' id='line_1_66' title="bbox 1241 1091 2249 1134; baseline 0.006 -15"><span class='ocrx_word' id='word_1_456' title='bbox 1241 1091 1372 1125; x_wconf 77' lang='lat' dir='ltr'>actoris.</span> <span class='ocrx_word' id='word_1_457' title='bbox 1408 1092 1583 1129; x_wconf 82' lang='lat' dir='ltr'>presertim</span> <span class='ocrx_word' id='word_1_458' title='bbox 1612 1101 1685 1121; x_wconf 86' lang='lat' dir='ltr'>cum</span> <span class='ocrx_word' id='word_1_459' title='bbox 1719 1097 1853 1130; x_wconf 85' lang='lat' dir='ltr'>paratus</span> <span class='ocrx_word' id='word_1_460' title='bbox 1882 1098 1967 1122; x_wconf 81' lang='lat' dir='ltr'>essct</span> <span class='ocrx_word' id='word_1_461' title='bbox 2001 1094 2155 1125; x_wconf 80' lang='lat' dir='ltr'>exhibere</span> <span class='ocrx_word' id='word_1_462' title='bbox 2186 1095 2249 1134; x_wconf 90' lang='lat' dir='ltr'>ipsi</span> 
     </span>
     <span class='ocr_line' id='line_1_67' title="bbox 1241 1142 2248 1183; baseline 0.005 -12"><span class='ocrx_word' id='word_1_463' title='bbox 1241 1142 1518 1180; x_wconf 82' lang='lat' dir='ltr'>complementum</span> <span class='ocrx_word' id='word_1_464' title='bbox 1541 1143 1672 1181; x_wconf 87' lang='lat' dir='ltr'>justitie</span> <span class='ocrx_word' id='word_1_465' title='bbox 1703 1153 1811 1173; x_wconf 88' lang='lat' dir='ltr'>coram</span> <span class='ocrx_word' id='word_1_466' title='bbox 1835 1144 1946 1183; x_wconf 85' lang='lat' dir='ltr'>judice</span> <span class='ocrx_word' id='word_1_467' title='bbox 1973 1147 2180 1183; x_wconf 70' lang='lat' dir='ltr'>competenti.</span> <span class='ocrx_word' id='word_1_468' title='bbox 2212 1148 2248 1177; x_wconf 88' lang='lat' dir='ltr'>Et</span> 
     </span>
     <span class='ocr_line' id='line_1_68' title="bbox 1241 1195 2251 1238; baseline 0.005 -14"><span class='ocrx_word' id='word_1_469' title='bbox 1241 1195 1319 1234; x_wconf 80' lang='lat' dir='ltr'>quia</span> <span class='ocrx_word' id='word_1_470' title='bbox 1344 1195 1451 1225; x_wconf 88' lang='lat' dir='ltr'>dictus</span> <span class='ocrx_word' id='word_1_471' title='bbox 1478 1195 1759 1234; x_wconf 75' lang='lat' dir='ltr'>archiepiscopus.</span> <span class='ocrx_word' id='word_1_472' title='bbox 1784 1196 1845 1226; x_wconf 85' lang='lat' dir='ltr'>hac</span> <span class='ocrx_word' id='word_1_473' title='bbox 1869 1197 1939 1235; x_wconf 86' lang='lat' dir='ltr'>ejus</span> <span class='ocrx_word' id='word_1_474' title='bbox 1962 1199 2151 1236; x_wconf 76' lang='lat' dir='ltr'>exceptione</span> <span class='ocrx_word' id='word_1_475' title='bbox 2168 1199 2251 1238; x_wconf 75' lang='lat' dir='ltr'>legi-</span> 
     </span>
     <span class='ocr_line' id='line_1_69' title="bbox 1242 1248 2249 1290; baseline 0.005 -14"><span class='ocrx_word' id='word_1_476' title='bbox 1242 1248 1320 1277; x_wconf 85' lang='lat' dir='ltr'>tima</span> <span class='ocrx_word' id='word_1_477' title='bbox 1337 1257 1403 1277; x_wconf 90' lang='lat' dir='ltr'>non</span> <span class='ocrx_word' id='word_1_478' title='bbox 1419 1248 1576 1283; x_wconf 81' lang='lat' dir='ltr'>admissa.</span> <span class='ocrx_word' id='word_1_479' title='bbox 1593 1249 1834 1279; x_wconf 85' lang='lat' dir='ltr'>nichilominus</span> <span class='ocrx_word' id='word_1_480' title='bbox 1852 1250 2249 1290; x_wconf 84' lang='lat' dir='ltr'>prefatumjuramentum</span> 
     </span>
     <span class='ocr_line' id='line_1_70' title="bbox 1240 1300 2250 1340; baseline 0.005 -10"><span class='ocrx_word' id='word_1_481' title='bbox 1240 1300 1280 1330; x_wconf 80' lang='lat' dir='ltr'>ab</span> <span class='ocrx_word' id='word_1_482' title='bbox 1302 1309 1340 1330; x_wconf 87' lang='lat' dir='ltr'>eo</span> <span class='ocrx_word' id='word_1_483' title='bbox 1364 1306 1478 1330; x_wconf 87' lang='lat' dir='ltr'>contra</span> <span class='ocrx_word' id='word_1_484' title='bbox 1501 1302 1669 1340; x_wconf 81' lang='lat' dir='ltr'>justitiam</span> <span class='ocrx_word' id='word_1_485' title='bbox 1695 1302 1858 1340; x_wconf 75' lang='lat' dir='ltr'>exigebat,</span> <span class='ocrx_word' id='word_1_486' title='bbox 1882 1303 2030 1333; x_wconf 85' lang='lat' dir='ltr'>sentiens</span> <span class='ocrx_word' id='word_1_487' title='bbox 2053 1304 2200 1335; x_wconf 82' lang='lat' dir='ltr'>indebite</span> <span class='ocrx_word' id='word_1_488' title='bbox 2216 1314 2250 1335; x_wconf 83' lang='lat' dir='ltr'>sc</span> 
     </span>
     <span class='ocr_line' id='line_1_71' title="bbox 1240 1353 2251 1395; baseline 0.005 -13"><span class='ocrx_word' id='word_1_489' title='bbox 1240 1353 1381 1390; x_wconf 79' lang='lat' dir='ltr'>gravari,</span> <span class='ocrx_word' id='word_1_490' title='bbox 1401 1359 1548 1384; x_wconf 89' lang='lat' dir='ltr'>nostram</span> <span class='ocrx_word' id='word_1_491' title='bbox 1562 1355 1768 1384; x_wconf 83' lang='lat' dir='ltr'>audientiam</span> <span class='ocrx_word' id='word_1_492' title='bbox 1783 1355 1973 1393; x_wconf 83' lang='lat' dir='ltr'>appellavit.</span> <span class='ocrx_word' id='word_1_493' title='bbox 1995 1357 2035 1386; x_wconf 80' lang='lat' dir='ltr'>At</span> <span class='ocrx_word' id='word_1_494' title='bbox 2052 1357 2122 1395; x_wconf 86' lang='lat' dir='ltr'>ipse</span> <span class='ocrx_word' id='word_1_495' title='bbox 2141 1357 2251 1387; x_wconf 83' lang='lat' dir='ltr'>archi-</span> 
     </span>
     <span class='ocr_line' id='line_1_72' title="bbox 1239 1406 2250 1446; baseline 0.005 -11"><span class='ocrx_word' id='word_1_496' title='bbox 1239 1406 1424 1444; x_wconf 78' lang='lat' dir='ltr'>episcopus,</span> <span class='ocrx_word' id='word_1_497' title='bbox 1444 1406 1664 1444; x_wconf 85' lang='lat' dir='ltr'>appellatione</span> <span class='ocrx_word' id='word_1_498' title='bbox 1677 1412 1875 1446; x_wconf 75' lang='lat' dir='ltr'>contempta.</span> <span class='ocrx_word' id='word_1_499' title='bbox 1894 1408 1928 1437; x_wconf 87' lang='lat' dir='ltr'>in</span> <span class='ocrx_word' id='word_1_500' title='bbox 1942 1417 2017 1438; x_wconf 88' lang='lat' dir='ltr'>eum</span> <span class='ocrx_word' id='word_1_501' title='bbox 2029 1410 2250 1440; x_wconf 80' lang='lat' dir='ltr'>excommuni-</span> 
     </span>
     <span class='ocr_line' id='line_1_73' title="bbox 1240 1458 2250 1497; baseline 0.005 -10"><span class='ocrx_word' id='word_1_502' title='bbox 1240 1458 1381 1488; x_wconf 76' lang='lat' dir='ltr'>cationis</span> <span class='ocrx_word' id='word_1_503' title='bbox 1398 1459 1479 1488; x_wconf 87' lang='lat' dir='ltr'>etin</span> <span class='ocrx_word' id='word_1_504' title='bbox 1504 1463 1625 1489; x_wconf 86' lang='lat' dir='ltr'>terram</span> <span class='ocrx_word' id='word_1_505' title='bbox 1646 1469 1740 1489; x_wconf 79' lang='lat' dir='ltr'>suam</span> <span class='ocrx_word' id='word_1_506' title='bbox 1760 1460 1941 1495; x_wconf 71' lang='lat' dir='ltr'>interdicti,</span> <span class='ocrx_word' id='word_1_507' title='bbox 1967 1466 2000 1490; x_wconf 89' lang='lat' dir='ltr'>ut</span> <span class='ocrx_word' id='word_1_508' title='bbox 2021 1461 2153 1497; x_wconf 78' lang='lat' dir='ltr'>dicitur.</span> <span class='ocrx_word' id='word_1_509' title='bbox 2174 1471 2250 1493; x_wconf 88' lang='lat' dir='ltr'>sen-</span> 
     </span>
     <span class='ocr_line' id='line_1_74' title="bbox 1241 1512 2250 1551; baseline 0.005 -11"><span class='ocrx_word' id='word_1_510' title='bbox 1241 1512 1361 1541; x_wconf 84' lang='lat' dir='ltr'>tentias</span> <span class='ocrx_word' id='word_1_511' title='bbox 1375 1512 1608 1550; x_wconf 80' lang='lat' dir='ltr'>promulgavit.</span> <span class='ocrx_word' id='word_1_512' title='bbox 1619 1514 1728 1549; x_wconf 86' lang='lat' dir='ltr'>Quare</span> <span class='ocrx_word' id='word_1_513' title='bbox 1737 1513 1867 1551; x_wconf 88' lang='lat' dir='ltr'>petebat</span> <span class='ocrx_word' id='word_1_514' title='bbox 1881 1523 1898 1543; x_wconf 87' lang='lat' dir='ltr'>a</span> <span class='ocrx_word' id='word_1_515' title='bbox 1911 1514 2004 1544; x_wconf 88' lang='lat' dir='ltr'>nobis</span> <span class='ocrx_word' id='word_1_516' title='bbox 2015 1520 2048 1544; x_wconf 87' lang='lat' dir='ltr'>ut</span> <span class='ocrx_word' id='word_1_517' title='bbox 2059 1515 2250 1545; x_wconf 89' lang='lat' dir='ltr'>denuntiari</span> 
     </span>
     <span class='ocr_line' id='line_1_75' title="bbox 1241 1564 2250 1598; baseline 0.005 -5"><span class='ocrx_word' id='word_1_518' title='bbox 1241 1564 1350 1594; x_wconf 88' lang='lat' dir='ltr'>nullas</span> <span class='ocrx_word' id='word_1_519' title='bbox 1366 1564 1416 1594; x_wconf 87' lang='lat' dir='ltr'>vel</span> <span class='ocrx_word' id='word_1_520' title='bbox 1434 1565 1474 1594; x_wconf 83' lang='lat' dir='ltr'>ad</span> <span class='ocrx_word' id='word_1_521' title='bbox 1495 1565 1657 1595; x_wconf 88' lang='lat' dir='ltr'>cautelam</span> <span class='ocrx_word' id='word_1_522' title='bbox 1677 1565 1817 1595; x_wconf 80' lang='lat' dir='ltr'>relaxari</span> <span class='ocrx_word' id='word_1_523' title='bbox 1834 1566 1939 1596; x_wconf 85' lang='lat' dir='ltr'>dictas</span> <span class='ocrx_word' id='word_1_524' title='bbox 1956 1568 2139 1598; x_wconf 87' lang='lat' dir='ltr'>sententias</span> <span class='ocrx_word' id='word_1_525' title='bbox 2156 1577 2250 1598; x_wconf 87' lang='lat' dir='ltr'>man-</span> 
     </span>
     <span class='ocr_line' id='line_1_76' title="bbox 1240 1617 2251 1657; baseline 0.005 -11"><span class='ocrx_word' id='word_1_526' title='bbox 1240 1617 1406 1648; x_wconf 86' lang='lat' dir='ltr'>daremus.</span> <span class='ocrx_word' id='word_1_527' title='bbox 1432 1618 1519 1654; x_wconf 85' lang='lat' dir='ltr'>Quia</span> <span class='ocrx_word' id='word_1_528' title='bbox 1539 1627 1615 1648; x_wconf 79' lang='lat' dir='ltr'>vero</span> <span class='ocrx_word' id='word_1_529' title='bbox 1638 1619 1676 1648; x_wconf 89' lang='lat' dir='ltr'>de</span> <span class='ocrx_word' id='word_1_530' title='bbox 1698 1619 1773 1657; x_wconf 87' lang='lat' dir='ltr'>jure</span> <span class='ocrx_word' id='word_1_531' title='bbox 1797 1628 1855 1649; x_wconf 89' lang='lat' dir='ltr'>seu</span> <span class='ocrx_word' id='word_1_532' title='bbox 1883 1619 2077 1650; x_wconf 85' lang='lat' dir='ltr'>defensione</span> <span class='ocrx_word' id='word_1_533' title='bbox 2094 1621 2173 1650; x_wconf 86' lang='lat' dir='ltr'>dicti</span> <span class='ocrx_word' id='word_1_534' title='bbox 2192 1630 2251 1651; x_wconf 87' lang='lat' dir='ltr'>no-</span> 
     </span>
     <span class='ocr_line' id='line_1_77' title="bbox 1240 1670 2251 1711; baseline 0.004 -12"><span class='ocrx_word' id='word_1_535' title='bbox 1240 1670 1318 1700; x_wconf 87' lang='lat' dir='ltr'>bilis</span> <span class='ocrx_word' id='word_1_536' title='bbox 1335 1670 1430 1700; x_wconf 87' lang='lat' dir='ltr'>nobis</span> <span class='ocrx_word' id='word_1_537' title='bbox 1447 1679 1513 1700; x_wconf 90' lang='lat' dir='ltr'>non</span> <span class='ocrx_word' id='word_1_538' title='bbox 1526 1672 1631 1709; x_wconf 88' lang='lat' dir='ltr'>potuit</span> <span class='ocrx_word' id='word_1_539' title='bbox 1644 1672 1715 1701; x_wconf 84' lang='lat' dir='ltr'>fieri</span> <span class='ocrx_word' id='word_1_540' title='bbox 1728 1672 1902 1702; x_wconf 87' lang='lat' dir='ltr'>certitudo.</span> <span class='ocrx_word' id='word_1_541' title='bbox 1921 1682 1956 1702; x_wconf 85' lang='lat' dir='ltr'>ac</span> <span class='ocrx_word' id='word_1_542' title='bbox 1970 1682 2028 1711; x_wconf 87' lang='lat' dir='ltr'>pcr</span> <span class='ocrx_word' id='word_1_543' title='bbox 2042 1673 2101 1703; x_wconf 87' lang='lat' dir='ltr'>hoc</span> <span class='ocrx_word' id='word_1_544' title='bbox 2113 1674 2251 1703; x_wconf 87' lang='lat' dir='ltr'>diffiniri</span> 
     </span>
     <span class='ocr_line' id='line_1_78' title="bbox 1240 1723 2251 1765; baseline 0.004 -13"><span class='ocrx_word' id='word_1_545' title='bbox 1240 1732 1281 1753; x_wconf 82' lang='lat' dir='ltr'>an</span> <span class='ocrx_word' id='word_1_546' title='bbox 1297 1724 1386 1762; x_wconf 87' lang='lat' dir='ltr'>juste</span> <span class='ocrx_word' id='word_1_547' title='bbox 1403 1723 1454 1754; x_wconf 89' lang='lat' dir='ltr'>vel</span> <span class='ocrx_word' id='word_1_548' title='bbox 1470 1724 1594 1763; x_wconf 83' lang='lat' dir='ltr'>injuste</span> <span class='ocrx_word' id='word_1_549' title='bbox 1609 1724 1709 1754; x_wconf 85' lang='lat' dir='ltr'>fuerit</span> <span class='ocrx_word' id='word_1_550' title='bbox 1726 1724 1938 1763; x_wconf 85' lang='lat' dir='ltr'>appellatum.</span> <span class='ocrx_word' id='word_1_551' title='bbox 1957 1726 2153 1756; x_wconf 86' lang='lat' dir='ltr'>mandamus</span> <span class='ocrx_word' id='word_1_552' title='bbox 2170 1736 2251 1765; x_wconf 79' lang='lat' dir='ltr'>qua-</span> 
     </span>
     <span class='ocr_line' id='line_1_79' title="bbox 1241 1777 2251 1815; baseline 0.003 -10"><span class='ocrx_word' id='word_1_553' title='bbox 1241 1781 1348 1812; x_wconf 78' lang='lat' dir='ltr'>tenus.</span> <span class='ocrx_word' id='word_1_554' title='bbox 1367 1777 1492 1807; x_wconf 79' lang='lat' dir='ltr'>vocatis</span> <span class='ocrx_word' id='word_1_555' title='bbox 1509 1777 1566 1815; x_wconf 86' lang='lat' dir='ltr'>qui</span> <span class='ocrx_word' id='word_1_556' title='bbox 1582 1777 1707 1807; x_wconf 85' lang='lat' dir='ltr'>fuerint</span> <span class='ocrx_word' id='word_1_557' title='bbox 1725 1778 1895 1812; x_wconf 78' lang='lat' dir='ltr'>evocandi,</span> <span class='ocrx_word' id='word_1_558' title='bbox 1915 1778 2058 1808; x_wconf 86' lang='lat' dir='ltr'>audiatis</span> <span class='ocrx_word' id='word_1_559' title='bbox 2075 1788 2209 1809; x_wconf 83' lang='lat' dir='ltr'>causam</span> <span class='ocrx_word' id='word_1_560' title='bbox 2221 1785 2251 1810; x_wconf 90' lang='lat' dir='ltr'>et</span> 
     </span>
     <span class='ocr_line' id='line_1_80' title="bbox 1240 1829 2252 1868; baseline 0.003 -10"><span class='ocrx_word' id='word_1_561' title='bbox 1240 1838 1322 1864; x_wconf 85' lang='lat' dir='ltr'>cam,</span> <span class='ocrx_word' id='word_1_562' title='bbox 1345 1829 1372 1859; x_wconf 87' lang='lat' dir='ltr'>si</span> <span class='ocrx_word' id='word_1_563' title='bbox 1390 1829 1428 1859; x_wconf 90' lang='lat' dir='ltr'>de</span> <span class='ocrx_word' id='word_1_564' title='bbox 1446 1830 1591 1867; x_wconf 85' lang='lat' dir='ltr'>partium</span> <span class='ocrx_word' id='word_1_565' title='bbox 1608 1829 1776 1860; x_wconf 86' lang='lat' dir='ltr'>voluntate</span> <span class='ocrx_word' id='word_1_566' title='bbox 1789 1831 1999 1868; x_wconf 83' lang='lat' dir='ltr'>processerit.</span> <span class='ocrx_word' id='word_1_567' title='bbox 2015 1832 2188 1861; x_wconf 83' lang='lat' dir='ltr'>concordia</span> <span class='ocrx_word' id='word_1_568' title='bbox 2202 1831 2252 1862; x_wconf 80' lang='lat' dir='ltr'>vel</span> 
     </span>
     <span class='ocr_line' id='line_1_81' title="bbox 1235 1882 2252 1922; baseline 0.003 -11"><span class='ocrx_word' id='word_1_569' title='bbox 1235 1882 1362 1919; x_wconf 82' lang='lat' dir='ltr'>judicio</span> <span class='ocrx_word' id='word_1_570' title='bbox 1380 1883 1583 1912; x_wconf 86' lang='lat' dir='ltr'>terminetis:</span> <span class='ocrx_word' id='word_1_571' title='bbox 1603 1883 1763 1912; x_wconf 79' lang='lat' dir='ltr'>facientes</span> <span class='ocrx_word' id='word_1_572' title='bbox 1783 1882 1843 1913; x_wconf 76' lang='lat' dir='ltr'>e&#39;tc.</span> <span class='ocrx_word' id='word_1_573' title='bbox 1862 1883 2021 1922; x_wconf 81' lang='lat' dir='ltr'>Alioquin</span> <span class='ocrx_word' id='word_1_574' title='bbox 2037 1884 2142 1922; x_wconf 85' lang='lat' dir='ltr'>ipsam</span> <span class='ocrx_word' id='word_1_575' title='bbox 2160 1885 2252 1914; x_wconf 88' lang='lat' dir='ltr'>suffi-</span> 
     </span>
     <span class='ocr_line' id='line_1_82' title="bbox 1240 1935 2248 1974; baseline 0.003 -11"><span class='ocrx_word' id='word_1_576' title='bbox 1240 1935 1366 1964; x_wconf 87' lang='lat' dir='ltr'>cienter</span> <span class='ocrx_word' id='word_1_577' title='bbox 1381 1935 1579 1964; x_wconf 85' lang='lat' dir='ltr'>instructam</span> <span class='ocrx_word' id='word_1_578' title='bbox 1599 1935 1638 1964; x_wconf 87' lang='lat' dir='ltr'>ad</span> <span class='ocrx_word' id='word_1_579' title='bbox 1659 1944 1794 1965; x_wconf 78' lang='lat' dir='ltr'>examen</span> <span class='ocrx_word' id='word_1_580' title='bbox 1819 1935 2035 1973; x_wconf 85' lang='lat' dir='ltr'>apostolicum</span> <span class='ocrx_word' id='word_1_581' title='bbox 2059 1937 2248 1974; x_wconf 78' lang='lat' dir='ltr'>remittatis,</span> 
     </span>
     <span class='ocr_line' id='line_1_83' title="bbox 1241 1987 2251 2027; baseline 0.003 -11"><span class='ocrx_word' id='word_1_582' title='bbox 1241 1987 1428 2024; x_wconf 80' lang='lat' dir='ltr'>prefigendo</span> <span class='ocrx_word' id='word_1_583' title='bbox 1459 1988 1608 2025; x_wconf 87' lang='lat' dir='ltr'>partibus</span> <span class='ocrx_word' id='word_1_584' title='bbox 1631 1988 1811 2017; x_wconf 87' lang='lat' dir='ltr'>terminum</span> <span class='ocrx_word' id='word_1_585' title='bbox 1834 1990 2093 2026; x_wconf 78' lang='lat' dir='ltr'>peremptorium</span> <span class='ocrx_word' id='word_1_586' title='bbox 2120 1999 2251 2027; x_wconf 84' lang='lat' dir='ltr'>compe-</span> 
     </span>
     <span class='ocr_line' id='line_1_84' title="bbox 1240 2041 2251 2080; baseline 0.002 -11"><span class='ocrx_word' id='word_1_587' title='bbox 1240 2045 1373 2070; x_wconf 87' lang='lat' dir='ltr'>tentem.</span> <span class='ocrx_word' id='word_1_588' title='bbox 1395 2049 1458 2078; x_wconf 84' lang='lat' dir='ltr'>quo</span> <span class='ocrx_word' id='word_1_589' title='bbox 1476 2050 1532 2078; x_wconf 91' lang='lat' dir='ltr'>per</span> <span class='ocrx_word' id='word_1_590' title='bbox 1553 2045 1784 2079; x_wconf 81' lang='lat' dir='ltr'>procuratores</span> <span class='ocrx_word' id='word_1_591' title='bbox 1806 2041 1943 2071; x_wconf 85' lang='lat' dir='ltr'>idoneos</span> <span class='ocrx_word' id='word_1_592' title='bbox 1966 2047 2174 2080; x_wconf 76' lang='lat' dir='ltr'>compareant</span> <span class='ocrx_word' id='word_1_593' title='bbox 2197 2051 2251 2072; x_wconf 89' lang='lat' dir='ltr'>co-</span> 
     </span>
     <span class='ocr_line' id='line_1_85' title="bbox 1240 2092 2250 2133; baseline 0.002 -12"><span class='ocrx_word' id='word_1_594' title='bbox 1240 2102 1310 2122; x_wconf 84' lang='lat' dir='ltr'>ram</span> <span class='ocrx_word' id='word_1_595' title='bbox 1331 2092 1438 2127; x_wconf 71' lang='lat' dir='ltr'>nobis,</span> <span class='ocrx_word' id='word_1_596' title='bbox 1451 2093 1587 2131; x_wconf 82' lang='lat' dir='ltr'>justam.</span> <span class='ocrx_word' id='word_1_597' title='bbox 1606 2098 1738 2123; x_wconf 82' lang='lat' dir='ltr'>auctore</span> <span class='ocrx_word' id='word_1_598' title='bbox 1753 2094 1906 2129; x_wconf 83' lang='lat' dir='ltr'>Domino,</span> <span class='ocrx_word' id='word_1_599' title='bbox 1925 2095 2122 2123; x_wconf 80' lang='lat' dir='ltr'>sententiam</span> <span class='ocrx_word' id='word_1_600' title='bbox 2139 2104 2250 2133; x_wconf 81' lang='lat' dir='ltr'>recep-</span> 
     </span>
     <span class='ocr_line' id='line_1_86' title="bbox 1241 2146 2251 2184; baseline 0.002 -10"><span class='ocrx_word' id='word_1_601' title='bbox 1241 2150 1312 2175; x_wconf 87' lang='lat' dir='ltr'>ture</span> <span class='ocrx_word' id='word_1_602' title='bbox 1329 2163 1377 2174; x_wconf 92' lang='lat'>—.</span> <span class='ocrx_word' id='word_1_603' title='bbox 1404 2147 1478 2175; x_wconf 85' lang='lat' dir='ltr'>Dat.</span> <span class='ocrx_word' id='word_1_604' title='bbox 1505 2146 1668 2184; x_wconf 78' lang='lat' dir='ltr'>Anagnie.</span> <span class='ocrx_word' id='word_1_605' title='bbox 1694 2147 1722 2175; x_wconf 69' lang='lat' dir='ltr'><strong>V</strong></span> <span class='ocrx_word' id='word_1_606' title='bbox 1744 2146 1903 2176; x_wconf 80' lang='lat' dir='ltr'>kalendas</span> <span class='ocrx_word' id='word_1_607' title='bbox 1930 2147 2138 2184; x_wconf 80' lang='lat' dir='ltr'>septembris.</span> <span class='ocrx_word' id='word_1_608' title='bbox 2164 2156 2251 2176; x_wconf 80' lang='lat' dir='ltr'>anno</span> 
     </span>
     <span class='ocr_line' id='line_1_87' title="bbox 1241 2198 1479 2228; baseline -0.004 -2"><span class='ocrx_word' id='word_1_609' title='bbox 1241 2198 1446 2228; x_wconf 83' lang='lat' dir='ltr'>duodecimo.</span> <span class='ocrx_word' id='word_1_610' title='bbox 1467 2211 1479 2225; x_wconf 62' lang='grc' dir='ltr'>η</span> 
     </span>
    </p>
   </div>
   <div class='ocr_carea' id='block_1_17' title="bbox 1309 2377 2176 2412">
    <p class='ocr_par' dir='ltr' id='par_1_18' title="bbox 1309 2377 2176 2412">
     <span class='ocr_line' id='line_1_88' title="bbox 1309 2377 2176 2412; baseline 0.001 -8"><span class='ocrx_word' id='word_1_611' title='bbox 1309 2378 1390 2405; x_wconf 68' lang='grc'>451</span> <span class='ocrx_word' id='word_1_612' title='bbox 1401 2377 1428 2403; x_wconf 84' lang='lat' dir='ltr'>S</span> <span class='ocrx_word' id='word_1_613' title='bbox 1744 2379 1874 2412; x_wconf 67' lang='lat' dir='ltr'>Anagui.</span> <span class='ocrx_word' id='word_1_614' title='bbox 1889 2380 1904 2405; x_wconf 87' lang='lat'><strong>3</strong></span> <span class='ocrx_word' id='word_1_615' title='bbox 1918 2379 2082 2412; x_wconf 80' lang='lat' dir='ltr'>septembre</span> <span class='ocrx_word' id='word_1_616' title='bbox 2098 2380 2176 2406; x_wconf 71' lang='lat'>1238.</span> 
     </span>
    </p>
   </div>
   <div class='ocr_carea' id='block_1_18' title="bbox 1239 2440 2251 2716">
    <p class='ocr_par' dir='ltr' id='par_1_19' title="bbox 1239 2440 2251 2716">
     <span class='ocr_line' id='line_1_89' title="bbox 1275 2440 2248 2475; baseline 0 -8"><span class='ocrx_word' id='word_1_617' title='bbox 1275 2440 1412 2471; x_wconf 69' lang='lat' dir='ltr'>Roberm,</span> <span class='ocrx_word' id='word_1_618' title='bbox 1427 2441 1529 2467; x_wconf 86' lang='lat' dir='ltr'>comiti</span> <span class='ocrx_word' id='word_1_619' title='bbox 1546 2440 1748 2467; x_wconf 81' lang='lat' dir='ltr'>Atrebatensi.</span> <span class='ocrx_word' id='word_1_620' title='bbox 1766 2441 1851 2467; x_wconf 78' lang='lat' dir='ltr'>fratri</span> <span class='ocrx_word' id='word_1_621' title='bbox 1870 2441 1945 2472; x_wconf 58' lang='lat' dir='ltr'>regis</span> <span class='ocrx_word' id='word_1_622' title='bbox 1960 2441 2149 2469; x_wconf 80' lang='lat' dir='ltr'>Francorum.</span> <span class='ocrx_word' id='word_1_623' title='bbox 2165 2450 2248 2475; x_wconf 82' lang='lat' dir='ltr'>prop-</span> 
     </span>
     <span class='ocr_line' id='line_1_90' title="bbox 1239 2489 2251 2523; baseline 0.001 -8"><span class='ocrx_word' id='word_1_624' title='bbox 1239 2491 1283 2515; x_wconf 86' lang='lat' dir='ltr'>ter</span> <span class='ocrx_word' id='word_1_625' title='bbox 1298 2489 1455 2522; x_wconf 85' lang='lat' dir='ltr'>specialem</span> <span class='ocrx_word' id='word_1_626' title='bbox 1474 2489 1660 2515; x_wconf 73' lang='lat' dir='ltr'>devoti-mom</span> <span class='ocrx_word' id='word_1_627' title='bbox 1685 2497 1771 2523; x_wconf 86' lang='lat' dir='ltr'>quam</span> <span class='ocrx_word' id='word_1_628' title='bbox 1795 2489 1831 2515; x_wconf 83' lang='lat' dir='ltr'>ad</span> <span class='ocrx_word' id='word_1_629' title='bbox 1852 2489 1949 2522; x_wconf 75' lang='lat' dir='ltr'>ipsum</span> <span class='ocrx_word' id='word_1_630' title='bbox 1968 2497 2072 2523; x_wconf 86' lang='lat' dir='ltr'>papam</span> <span class='ocrx_word' id='word_1_631' title='bbox 2091 2492 2117 2515; x_wconf 86' lang='lat' dir='ltr'>et</span> <span class='ocrx_word' id='word_1_632' title='bbox 2138 2490 2174 2515; x_wconf 83' lang='lat' dir='ltr'>ad</span> <span class='ocrx_word' id='word_1_633' title='bbox 2193 2490 2251 2516; x_wconf 67' lang='lat' dir='ltr'>tio-</span> 
     </span>
     <span class='ocr_line' id='line_1_91' title="bbox 1240 2537 2249 2571; baseline 0 -8"><span class='ocrx_word' id='word_1_634' title='bbox 1240 2545 1358 2564; x_wconf 82' lang='lat' dir='ltr'>manam</span> <span class='ocrx_word' id='word_1_635' title='bbox 1376 2537 1541 2564; x_wconf 83' lang='lat' dir='ltr'>Ecclesiam</span> <span class='ocrx_word' id='word_1_636' title='bbox 1555 2537 1633 2564; x_wconf 85' lang='lat' dir='ltr'>idem</span> <span class='ocrx_word' id='word_1_637' title='bbox 1650 2546 1749 2563; x_wconf 81' lang='lat' dir='ltr'>comcs</span> <span class='ocrx_word' id='word_1_638' title='bbox 1764 2537 1870 2563; x_wconf 78' lang='lat' dir='ltr'>liabcrc</span> <span class='ocrx_word' id='word_1_639' title='bbox 1881 2537 2099 2564; x_wconf 82' lang='lat' dir='ltr'>dinoscebatur.</span> <span class='ocrx_word' id='word_1_640' title='bbox 2116 2538 2249 2571; x_wconf 67' lang='lat' dir='ltr'>indulget</span> 
     </span>
     <span class='ocr_line' id='line_1_92' title="bbox 1239 2586 2248 2620; baseline 0 -8"><span class='ocrx_word' id='word_1_641' title='bbox 1239 2589 1270 2612; x_wconf 89' lang='lat' dir='ltr'>ut</span> <span class='ocrx_word' id='word_1_642' title='bbox 1288 2586 1388 2612; x_wconf 87' lang='lat' dir='ltr'>nullus</span> <span class='ocrx_word' id='word_1_643' title='bbox 1402 2586 1432 2612; x_wconf 90' lang='lat' dir='ltr'>in</span> <span class='ocrx_word' id='word_1_644' title='bbox 1449 2586 1511 2619; x_wconf 83' lang='lat' dir='ltr'>ejus</span> <span class='ocrx_word' id='word_1_645' title='bbox 1525 2594 1692 2620; x_wconf 73' lang='lat' dir='ltr'>personam,</span> <span class='ocrx_word' id='word_1_646' title='bbox 1709 2586 1819 2619; x_wconf 82' lang='lat' dir='ltr'>absque</span> <span class='ocrx_word' id='word_1_647' title='bbox 1833 2586 1917 2612; x_wconf 80' lang='lat' dir='ltr'>Sedis</span> <span class='ocrx_word' id='word_1_648' title='bbox 1929 2587 2116 2619; x_wconf 75' lang='lat' dir='ltr'>A1)ost1·licae</span> <span class='ocrx_word' id='word_1_649' title='bbox 2128 2586 2248 2612; x_wconf 68' lang='lat' dir='ltr'>licentia</span> 
     </span>
     <span class='ocr_line' id='line_1_93' title="bbox 1239 2634 2249 2668; baseline -0.001 -8"><span class='ocrx_word' id='word_1_650' title='bbox 1239 2634 1372 2668; x_wconf 82' lang='lat' dir='ltr'>speciali,</span> <span class='ocrx_word' id='word_1_651' title='bbox 1390 2634 1708 2660; x_wconf 77' lang='lat' dir='ltr'>excommunicationis</span> <span class='ocrx_word' id='word_1_652' title='bbox 1732 2634 1910 2660; x_wconf 81' lang='lat' dir='ltr'>sententiani</span> <span class='ocrx_word' id='word_1_653' title='bbox 1929 2638 2096 2667; x_wconf 81' lang='lat' dir='ltr'>praesumat</span> <span class='ocrx_word' id='word_1_654' title='bbox 2117 2635 2249 2668; x_wconf 74' lang='lat' dir='ltr'>promul-</span> 
     </span>
     <span class='ocr_line' id='line_1_94' title="bbox 1239 2682 1987 2716; baseline -0.004 -7"><span class='ocrx_word' id='word_1_655' title='bbox 1239 2691 1315 2716; x_wconf 77' lang='lat' dir='ltr'>gare.</span> <span class='ocrx_word' id='word_1_656' title='bbox 1332 2698 1363 2701; x_wconf 87' lang='lat'><strong>—</strong></span> <span class='ocrx_word' id='word_1_657' title='bbox 1379 2684 1466 2714; x_wconf 58' lang='lat' dir='ltr'>(Rea.</span> <span class='ocrx_word' id='word_1_658' title='bbox 1490 2682 1534 2715; x_wconf 79' lang='lat'>19,</span> <span class='ocrx_word' id='word_1_659' title='bbox 1552 2683 1571 2709; x_wconf 85' lang='lat' dir='ltr'>f.</span> <span class='ocrx_word' id='word_1_660' title='bbox 1590 2682 1623 2709; x_wconf 73' lang='lat'>48</span> <span class='ocrx_word' id='word_1_661' title='bbox 1639 2686 1667 2707; x_wconf 62' lang='grc' dir='ltr'>ν’</span> <span class='ocrx_word' id='word_1_662' title='bbox 1680 2690 1685 2713; x_wconf 89' lang='grc'>;</span> <span class='ocrx_word' id='word_1_663' title='bbox 1700 2691 1772 2709; x_wconf 87' lang='lat' dir='ltr'>ann.</span> <span class='ocrx_word' id='word_1_664' title='bbox 1787 2682 1855 2709; x_wconf 81' lang='lat' dir='ltr'>XII.</span> <span class='ocrx_word' id='word_1_665' title='bbox 1871 2692 1895 2708; x_wconf 80' lang='lat' dir='ltr'>c.</span> <span class='ocrx_word' id='word_1_666' title='bbox 1913 2682 1987 2712; x_wconf 71' lang='lat'>242.)</span> 
     </span>
    </p>
   </div>
   <div class='ocr_carea' id='block_1_19' title="bbox 1239 2783 2251 2980">
    <p class='ocr_par' dir='ltr' id='par_1_20' title="bbox 1239 2783 2251 2980">
     <span class='ocr_line' id='line_1_95' title="bbox 1282 2783 2251 2822; baseline -0.002 -9"><span class='ocrx_word' id='word_1_667' title='bbox 1282 2795 1295 2809; x_wconf 73' lang='grc' dir='ltr'>α</span> <span class='ocrx_word' id='word_1_668' title='bbox 1315 2784 1414 2813; x_wconf 68' lang='lat' dir='ltr'>Nobili</span> <span class='ocrx_word' id='word_1_669' title='bbox 1437 2785 1502 2813; x_wconf 76' lang='lat' dir='ltr'>viro</span> <span class='ocrx_word' id='word_1_670' title='bbox 1520 2783 1677 2822; x_wconf 66' lang='lat' dir='ltr'>R[0terto],</span> <span class='ocrx_word' id='word_1_671' title='bbox 1695 2784 1802 2812; x_wconf 78' lang='lat' dir='ltr'>comiti</span> <span class='ocrx_word' id='word_1_672' title='bbox 1821 2784 2020 2817; x_wconf 70' lang='lat' dir='ltr'>‚ttrel1ate11si‚</span> <span class='ocrx_word' id='word_1_673' title='bbox 2039 2784 2134 2818; x_wconf 69' lang='lat' dir='ltr'>fratri</span> <span class='ocrx_word' id='word_1_674' title='bbox 2149 2783 2251 2811; x_wconf 59' lang='lat' dir='ltr'>liaris-</span> 
     </span>
     <span class='ocr_line' id='line_1_96' title="bbox 1239 2836 2249 2873; baseline -0.001 -8"><span class='ocrx_word' id='word_1_675' title='bbox 1239 2838 1313 2865; x_wconf 79' lang='lat' dir='ltr'>simi</span> <span class='ocrx_word' id='word_1_676' title='bbox 1336 2839 1368 2866; x_wconf 85' lang='grc' dir='ltr'><strong><em>ιή</em></strong></span> <span class='ocrx_word' id='word_1_677' title='bbox 1393 2837 1511 2866; x_wconf 75' lang='lat' dir='ltr'>Christo</span> <span class='ocrx_word' id='word_1_678' title='bbox 1536 2838 1596 2873; x_wconf 70' lang='lat' dir='ltr'>filii</span> <span class='ocrx_word' id='word_1_679' title='bbox 1621 2837 1716 2865; x_wconf 75' lang='lat' dir='ltr'>nostri</span> <span class='ocrx_word' id='word_1_680' title='bbox 1743 2859 1762 2864; x_wconf 91' lang='lat'>..</span> <span class='ocrx_word' id='word_1_681' title='bbox 1788 2837 1866 2873; x_wconf 71' lang='lat' dir='ltr'>reqis</span> <span class='ocrx_word' id='word_1_682' title='bbox 1889 2836 2077 2864; x_wconf 76' lang='lat' dir='ltr'>Francorum</span> <span class='ocrx_word' id='word_1_683' title='bbox 2106 2836 2249 2865; x_wconf 72' lang='lat' dir='ltr'>illustris.</span> 
     </span>
     <span class='ocr_line' id='line_1_97' title="bbox 1241 2888 2250 2927; baseline -0.002 -9"><span class='ocrx_word' id='word_1_684' title='bbox 1241 2889 1428 2927; x_wconf 77' lang='lat' dir='ltr'>Apostolice</span> <span class='ocrx_word' id='word_1_685' title='bbox 1441 2889 1535 2919; x_wconf 84' lang='lat' dir='ltr'>Sedis</span> <span class='ocrx_word' id='word_1_686' title='bbox 1547 2889 1736 2926; x_wconf 79' lang='lat' dir='ltr'>benignitas</span> <span class='ocrx_word' id='word_1_687' title='bbox 1751 2905 1796 2916; x_wconf 92' lang='lat'>—.</span> <span class='ocrx_word' id='word_1_688' title='bbox 1811 2889 1884 2917; x_wconf 80' lang='lat' dir='ltr'>Dat.</span> <span class='ocrx_word' id='word_1_689' title='bbox 1898 2888 2059 2925; x_wconf 74' lang='lat' dir='ltr'>Anagnie.</span> <span class='ocrx_word' id='word_1_690' title='bbox 2077 2889 2126 2917; x_wconf 94' lang='lat' dir='ltr'>III</span> <span class='ocrx_word' id='word_1_691' title='bbox 2146 2896 2250 2917; x_wconf 81' lang='lat' dir='ltr'>nonas</span> 
     </span>
     <span class='ocr_line' id='line_1_98' title="bbox 1241 2940 2174 2980; baseline -0.006 -8"><span class='ocrx_word' id='word_1_692' title='bbox 1241 2941 1449 2980; x_wconf 85' lang='lat' dir='ltr'>septembris,</span> <span class='ocrx_word' id='word_1_693' title='bbox 1472 2942 1684 2980; x_wconf 85' lang='lat' dir='ltr'>pontificatus</span> <span class='ocrx_word' id='word_1_694' title='bbox 1708 2941 1813 2970; x_wconf 86' lang='lat' dir='ltr'>nostri</span> <span class='ocrx_word' id='word_1_695' title='bbox 1833 2949 1919 2969; x_wconf 89' lang='lat' dir='ltr'>anno</span> <span class='ocrx_word' id='word_1_696' title='bbox 1937 2940 2140 2970; x_wconf 85' lang='lat' dir='ltr'>duodecimo.</span> <span class='ocrx_word' id='word_1_697' title='bbox 2162 2953 2174 2966; x_wconf 86' lang='lat'>»</span> 
     </span>
    </p>
   </div>
  </div>
 </body>
</html>
