2423 3487
146 292 214 321 1211
863 287 1100 318 REGISTRES
1123 285 1176 315 DE
1199 279 1420 318 GREGOIRE
1445 289 1502 317 lx.
2160 287 2235 316 1212

142 358 212 387 viro
239 358 373 395 provido
401 362 431 387 et
461 357 612 390 discreta
644 356 740 385 nobis
773 359 803 385 et
833 354 992 383 fratribus
1024 351 1145 382 nostris

141 415 283 447 accepto.
305 409 457 448 quemad
479 409 539 438 hoc
558 408 747 447 specialiter
767 407 982 441 destinamus,
1004 405 1146 434 libenter

141 467 171 492 et
188 462 370 492 liberaliter
392 462 581 500 assignetis.
604 460 772 498 Alioquin,
796 469 867 489 cum
891 463 979 488 tante
1002 456 1146 487 necessi-

145 516 219 545 tatis
237 515 404 552 negotium
420 524 483 544 non
499 515 541 544 sit
557 513 759 551 negligentie
777 510 1059 543 conin'iillendum,
1075 517 1144 538 sen-

143 568 278 598 tentiani
296 576 393 605 quam
410 567 495 596 idem
510 571 641 604 propter
658 565 718 594 hoc
736 565 797 593 rite
816 564 928 593 tulerit
942 563 975 592 in
993 561 1144 592 rebelles.

143 625 247 650 ratam
273 620 468 649 habebimus
493 624 521 648 et
550 627 655 657 usque
681 618 720 647 ad
746 616 1008 646 satisfactionem
1034 613 1147 644 condi-

143 682 239 711 gnam
261 672 498 702 inviolabiliter
519 671 700 706 observari,
722 675 853 700 auclore
876 669 1027 702 Domino,
1045 666 1146 696 faeie-

145 735 227 755 mus.
246 726 317 755 Dat.
336 730 371 754 ut
390 734 498 763 supra.
520 737 532 750 ›>

212 897 332 924 42¹2

178 959 322 992 Episcopo
336 958 538 985 Lincolnicnsi
555 957 658 984 scribit
680 966 685 983 ε
704 965 717 981 <(
737 957 894 984 Consuluit
911 965 961 982 nos
976 958 1026 982 tua
1043 956 1147 981 frater-

681 896 800 927 Latran,
817 894 980 928 23janvie1·
996 893 1074 920 1239.

143 1016 156 1032 >i
178 1007 255 1033 nitas
280 1010 377 1033 utrum
398 1007 497 1033 clerici
520 1010 567 1033 tue
589 1006 721 1033 civitatis
744 1008 771 1032 ct
795 1005 930 1035 diocesis,
952 1004 1001 1038 qui
1023 1004 1079 1030 duo
1100 1004 1147 1029 vel

143 1063 156 1081 »
178 1056 262 1089 plura
277 1055 417 1081 beneficia
440 1054 579 1081 babentia
595 1063 694 1081 curam
720 1054 887 1080 animarum
906 1060 1064 1083 annexam,
1083 1060 1147 1085 pre-

142 1112 155 1129 »
177 1106 298 1130 sumunt
313 1103 376 1129 sine
394 1103 614 1137 dispensatione
632 1103 716 1129 Sedis
737 1102 906 1136 Apostolice
931 1101 1067 1132 retinere,
1085 1100 1146 1133 cogi

142 1160 155 1177 »
177 1152 303 1178 debeant
325 1152 359 1177 ad
386 1151 603 1177 restitutionem
625 1154 822 1185 proventuum
847 1158 916 1184 quos
940 1150 974 1175 de
999 1149 1148 1175 beneficiis

142 1209 155 1226 »
177 1201 257 1235 prius
275 1200 394 1231 habitis,
412 1200 473 1233 ipso
491 1200 554 1233 jure
573 1199 759 1230 vacantibus,
782 1201 984 1232 perceperunt.
1001 1198 1074 1224 Cum
1092 1197 1148 1230 igi—

142 1256 155 1273 »
177 1252 224 1274 tur
243 1248 271 1274 in
287 1248 414 1281 generali
433 1248 558 1273 concilio
575 1247 613 1274 sit
629 1250 772 1274 statutum
791 1250 822 1273 ut
839 1246 1017 1280 quicumque
1032 1253 1148 1278 recepe—

142 1305 155 1322 »
177 1297 214 1323 rit
232 1297 349 1330 aliquod
367 1296 541 1322 beneficium
562 1305 628 1323 cum
652 1296 820 1322 animarum
843 1303 921 1324 cura,
944 1295 967 1320 si
991 1294 1071 1328 prius
1090 1294 1148 1320 talc

142 1354 155 1370 »
176 1345 350 1371 beneficium
377 1344 519 1376 obtineat,
541 1353 572 1370 co
594 1344 632 1370 sit
656 1344 717 1378 ipso
739 1344 802 1377 jure
830 1344 973 1377 privatus,
1000 1343 1148 1368 consulta-

142 1402 155 1419 »
177 1394 249 1420 tioni
274 1397 322 1419 tue
345 1393 484 1419 (luximus
506 1393 740 1427 respondendum
763 1392 838 1426 quod
861 1391 1030 1425 hujusmodi
1048 1390 1147 1417 cleriei

142 1450 156 1467 ))
177 1442 297 1475 cogendi
315 1444 382 1468 sunt
401 1442 434 1467 ad
454 1441 670 1468 restitutionem
693 1443 888 1475 proventuum
912 1440 1012 1466 taliter
1029 1447 1149 1474 percep-

142 1499 156 1516 »
177 1493 284 1517 torum.
302 1499 315 1515 »
332 1505 363 1508 —
381 1491 466 1521 (REO.
480 1490 523 1522 19,
537 1491 556 1516 t'.
569 1490 602 1516 69
616 1493 644 1515 vn
656 1498 662 1521 ;
675 1498 744 1516 ann.
762 1490 829 1521 X11,
844 1498 868 1515 c.
884 1489 958 1519 371.)

185 1603 198 1618 t(
218 1614 238 1621 ..
256 1592 388 1629 episcopo
406 1591 622 1620 Lincolniensi.
644 1589 821 1621 Consuluit
843 1598 902 1619 nos
926 1593 982 1619 tua
1004 1606 1052 1618 —.
1076 1590 1148 1619 Dat.

147 1648 182 1674 ut
198 1653 308 1682 supra.
328 1656 341 1670 n

213 1814 334 1842 47¹3

180 1877 302 1909 Eidem,
328 1891 359 1895 —
383 1875 563 1910 supplicanti
587 1878 634 1907 ut,
663 1884 727 1902 cum
753 1876 917 1910 capitulum
943 1876 1151 1902 Lincolniense

684 1814 804 1845 Latran,
821 1813 855 1840 28
870 1813 1078 1847 janvier15239.

145 1934 195 1960 per
218 1926 313 1960 ipsum
336 1925 504 1959 episcopum
531 1928 581 1951 aut
601 1925 729 1958 aliquem
757 1925 848 1952 alium
877 1933 1026 1958 nunquam
1048 1925 1151 1951 fuisset

144 1975 313 2006 visitatum,
330 1982 416 2008 super
433 1975 485 1999 lioc
502 1974 572 2007 quid
587 1974 738 2007 expediret
753 1974 825 2005 fieri,
841 1974 896 2000 sibi
912 1982 962 2007 per
975 1974 1150 2007 apostolicas

146 2024 260 2050 litteras
281 2023 440 2057 aperiatur,
462 2037 492 2040 —
515 2022 649 2049 concedit
672 2026 714 2054 ut,
738 2031 804 2048 eum
831 2022 999 2055 hujusmodi
1017 2022 1151 2049 visitatio

146 2072 201 2106 ipsi
217 2072 350 2105 episeopo
369 2074 533 2104 eninm-tere
553 2071 588 2097 de
608 2071 671 2104 jure
695 2071 845 2097 communi
867 2074 1044 2101 nosceretur,
1067 2079 1150 2105 prae-

145 2120 245 2146 sertim
263 2128 327 2145 cum
345 2120 423 2145 nulla
439 2119 617 2145 consuetudo
632 2122 771 2152 tauquam
787 2119 845 2152 juri
863 2119 1011 2145 contraria
1026 2119 1150 2146 obsiste-

145 2171 199 2200 ret,
214 2176 299 2201 super
316 2169 367 2193 lioc
383 2167 469 2193 oll‘icii
489 2167 533 2193 sui
554 2167 698 2200 debitum,
721 2176 778 2194 non
801 2168 935 2194 obstante
959 2168 1082 2194 frivolae
1098 2176 1150 2202 ap-

147 2217 315 2250 pellationis
327 2216 453 2249 objectu,
466 2219 650 2250 exsequatur.
665 2230 696 2234 —
709 2217 795 2247 (Ra-G.
808 2216 851 2249 19,
865 2217 885 2243 f.
898 2216 931 2242 69
941 2219 984 2248 v⁰;
1000 2225 1068 2243 ann.
1082 2217 1149 2250 XII,

146 2274 171 2292 c.
188 2265 262 2295 37⁸2.)

188 2377 202 2392 «
219 2365 335 2394 Eidem.
355 2365 416 2394 Per
437 2368 509 2394 tuas
529 2364 624 2394 nohis
644 2382 691 2393 —.
711 2365 784 2395 Dat.
807 2365 972 2401 Laterani,
990 2366 1018 2396 V
1035 2365 1149 2396 kalen-

148 2418 205 2448 das
224 2417 396 2453 februarii,
414 2426 501 2447 anno
520 2417 723 2448 duodecimo.
744 2429 756 2443 »

212 2597 334 2624 4ἵ14
682 2597 803 2629 Latran,
821 2597 1077 2630 17janvier1239.

178 2658 346 2686 Conventui
361 2657 547 2684 Norwicensi
563 2658 711 2691 signifieat
725 2666 765 2689 se,
779 2672 809 2675 —
824 2657 935 2684 auditis
947 2660 975 2684 et
989 2658 1150 2685 intellectis

142 2715 215 2741 quae
238 2710 296 2733 tam
325 2709 426 2733 eontra
448 2706 622 2733 electionem
651 2706 686 2732 de
707 2706 835 2739 ipsorum
861 2706 956 2739 priore
978 2706 1009 2733 in
1030 2706 1149 2733 Norwi-

142 2764 258 2783 censem
280 2755 448 2789 episcopum
468 2755 646 2782 celebratam
666 2763 753 2789 quam
771 2757 873 2781 contra
892 2763 1044 2789 personam
1063 2756 1147 2782 electi

143 2806 260 2831 fuerant
283 2812 379 2830 coram
401 2812 462 2830 sese
482 2803 544 2837 ipso
568 2803 726 2838 proposita,
750 2818 782 2821 —
803 2803 937 2830 eamdem
962 2803 1147 2836 electionem,

142 2853 210 2886 quia
231 2861 293 2879 eam
313 2860 370 2878 non
391 2851 546 2879 invenerat
566 2860 627 2878 esse
645 2852 701 2878 rite
720 2853 840 2884 factam,
860 2852 1032 2884 cassavisse,
1049 2852 1148 2886 eisque

143 2901 314 2927 facultatem
337 2900 523 2927 Norwicensi
544 2900 685 2926 ecelesiae
704 2908 754 2934 per
775 2900 950 2927 electionem
973 2900 1145 2927 eanonicam

143 2950 179 2976 de
193 2957 315 2983 persona
328 2949 432 2975 idonea
446 2949 475 2975 in
491 2948 659 2983 episcopum
675 2949 852 2983 providendi
864 2949 1056 2979 eoncessisse;
1070 2950 1147 2976 unde

1229 360 1275 378 eos
1301 356 1398 380 monet
1425 357 1452 380 ct
1477 355 1609 381 hortatur
1632 357 1776 388 quatenus
1799 355 1834 380 ad
1862 354 2034 381 electionem
2060 353 2234 380 canonicam

1229 401 1387 434 procedant
1415 406 1441 428 et
1471 403 1559 428 talem
1590 402 1644 428 sibi
1670 402 1699 428 in
1730 403 1897 436 episcopum
1925 402 2046 435 eligant,
2074 402 2123 435 qui
2152 404 2237 428 tanto

1229 449 1309 474 oncri
1329 453 1356 477 et
1379 450 1481 475 honori
1504 453 1654 483 congruat.
1684 465 1715 467 —
1741 451 1826 480 (Han.
1849 450 1892 483 19,
1914 451 1934 476 f.
1955 449 1988 476 69
2006 454 2049 481 v⁰;
2073 458 2142 476 ann.
2165 450 2236 482 XII,

1230 505 1254 523 e.
1270 497 1337 529 373;
1352 513 1386 516 -—
1400 499 1437 524 cs.
1452 505 1547 530 snpra,
1564 507 1591 524 n.
1607 498 1676 525 3758
1692 501 1719 525 et
1735 498 1827 529 3759.)

1271 610 1283 623 α
1303 598 1470 628 Conventw'
1488 599 1683 627 Norwieensi.
1701 598 1833 628 Auditis
1851 602 1881 628 et
1896 598 2076 628 intellectis
2093 616 2141 627 —.
2159 599 2236 628 Dat.

1229 651 1394 685 Laterani,
1414 651 1492 681 XVI
1514 650 1673 681 kalendas
1692 651 1864 685 februarii,
1887 659 1973 680 anno
1993 650 2198 681 duodecimo.
2221 662 2236 676 υ

1300 828 1418 857 4Ἷ15

1265 890 1409 924 Episcopo
1426 890 1629 917 Lincolniensi
1646 891 1780 917 concedit
1792 893 1823 917 ut
1839 891 1869 917 in
1885 891 2087 918 Lincolniensi
2101 890 2238 920 ecclesia,

1230 939 1265 965 de
1277 940 1416 966 mandato
1433 939 1525 973 ipsius
1538 948 1629 973 papae
1644 939 1786 973 plurium,
1801 940 1877 966 sicut
1891 940 2054 971 dicebatur,
2070 939 2239 973 provisione

1230 990 1361 1021 gravata,
1379 996 1435 1013 non
1453 992 1588 1014 teneatur
1599 988 1688 1014 alicui
1704 988 1857 1022 providere
1870 996 1919 1021 per
1931 988 2046 1014 litteras
2061 987 2240 1021 apostolicas

1231 1044 1304 1069 quae
1320 1036 1354 1062 dc
1370 1036 1516 1070 praesenti
1536 1036 1722 1062 concessione
1745 1037 1862 1070 plenam
1885 1045 1942 1063 non
1963 1036 2087 1063 iecerint
2111 1036 2240 1063 mentio-

1231 1092 1309 1111 nem.
1328 1099 1358 1104 ·—
1376 1085 1462 1117 (Rae.
1480 1084 1523 1113 19.
1542 1086 1560 1111 f.
1579 1085 1612 1111 69
1628 1088 1673 1116 v⁰3
1690 1094 1759 1111 ann.
1778 1085 1845 1117 XII,
1862 1093 1886 1111 c.
1905 1085 1979 1116 374.)

1769 830 1890 862 Latran,
1904 829 2070 863 26janvi01·
2086 829 2163 856 1239.

1272 1198 1285 1211 α
1310 1208 1329 1215 ..
1353 1186 1486 1224 episcopo
1507 1187 1723 1215 Lincolniensi.
1742 1185 1959 1223 Exigentibus
1978 1185 2163 1216 devotionis
2184 1189 2242 1215 tue

1230 1256 1280 1267 —.
1300 1239 1372 1268 Dat.
1394 1238 1560 1268 Laterani.
1579 1239 1641 1268 VII
1658 1238 1817 1268 kalendas
1833 1237 2007 1273 februarii,
2027 1238 2242 1277 pontificatus

1232 1292 1337 1322 nostri
1354 1300 1440 1321 anno
1459 1291 1663 1321 duodecimo.
1686 1303 1698 1317 »

1302 1472 1422 1499 4³7¹ss

1268 1535 1372 1564 Eidem
1391 1535 1513 1561 mandat
1529 1537 1673 1568 quatenus
1688 1535 1856 1564 nonnullos,
1874 1534 1923 1567 qui
1938 1533 1968 1560 in
1986 1533 2161 1567 quibusdam
2180 1541 2239 1560 mo—

1234 1584 1372 1612 nasteriis
1395 1583 1528 1610 civitatis
1551 1586 1579 1609 ct
1601 1583 1742 1609 dioecesis
1766 1582 1985 1609 Lineolniensis
2007 1591 2056 1616 per
2079 1582 2241 1609 simoniam

1234 1633 1344 1666 recepti
1359 1633 1486 1664 fuerant,
1501 1632 1534 1658 ad
1551 1632 1611 1658 alia
1628 1632 1807 1657 monasteria
1820 1631 1933 1657 ordinis
1947 1631 2076 1665 ipsorum
2090 1632 2136 1657 vel
2153 1631 2243 1657 artio-

1234 1681 1274 1709 ris
1288 1682 1456 1712 transferat,
1472 1681 1609 1714 injuncta
1624 1681 1665 1707 cis
1678 1680 1862 1714 paenitentia
1878 1679 2075 1713 competenti;
2094 1687 2107 1704 (ι
2124 1679 2199 1712 quod
2216 1678 2241 1705 si

1235 1738 1248 1756 »
1270 1730 1344 1756 forte
1360 1729 1484 1756 aliorum
1504 1729 1748 1755 monasteriorum
1767 1729 1808 1755 eis
1824 1728 1956 1754 difficilis
1972 1728 2111 1754 reddatur
2129 1728 2245 1761 ingres-

1235 1787 1248 1807 »
1269 1787 1317 1805 sus
1334 1787 1359 1809 υ,
1377 1778 1490 1804 eosdem
1514 1786 1527 1802 (ι
1544 1778 1575 1804 in
1595 1777 1655 1804 suis
1678 1777 1865 1803 monasteriis
1887 1776 2090 1810 dispensative
2109 1776 2144 1802 de
2167 1784 2245 1802 novo

1234 1835 1248 1855 ι)
1270 1827 1360 1860 recipi
1383 1834 1396 1851 n
1420 1827 1518 1858 iaciat,
1543 1826 1584 1852 eis
1609 1834 1623 1851 <t
1648 1826 1677 1851 in
1702 1826 1788 1851 choro
1811 1828 1837 1852 et
1862 1825 2014 1852 refectorio
2035 1824 2106 1851 locis
2125 1824 2245 1851 ultimis

1234 1884 1248 1902 ›)
1269 1876 1443 1909 assignati&
1469 1875 1585 1909 proviso
1608 1877 1639 1901 ut
1664 1875 1738 1901 bona
1759 1883 1814 1908 que
1835 1874 1894 1900 suis
1916 1874 2102 1900 monasteriis
2124 1882 2174 1908 pro
2195 1873 2245 1900 in·

1771 1472 1891 1503 Latran,
1909 1471 1940 1498 31
1957 1471 2166 1505 janvier1239.

1234 1933 1248 1950 ))
1269 1933 1367 1959 gressu
1389 1925 1559 1958 symoniaco
1581 1925 1787 1955 contulerunt,
1809 1926 2019 1950 convertantur
2035 1923 2064 1949 in
2082 1932 2150 1950 usus
2171 1931 2245 1957 pau-

1233 1981 1247 1998 »
1269 1982 1382 2007 perum,
1398 1974 1444 1999 vel
1460 1981 1509 2007 pro
1524 1973 1725 1999 sustentandis
1739 1972 1849 1999 eisdem
1866 1970 2080 2007 [symoniacis]⁷
2096 1972 2120 1998 si
2133 1972 2170 1998 ad
2183 1971 2244 1998 alia.

1234 2029 1247 2047 »
1270 2021 1448 2048 monasteria
1469 2024 1635 2054 transeant⁷
1657 2021 1836 2055 deputentur
1852 2029 1876 2047 n.
1896 2035 1927 2038 —
1943 2021 2030 2053 (Rae.
2048 2020 2091 2052 19,
2109 2021 2128 2047 f.
2146 2020 2179 2047 69
2196 2022 2245 2051 v⁰;

1232 2079 1301 2097 ann.
1319 2070 1386 2101 XII,
1405 2078 1429 2096 c.
1446 2070 1521 2100 375.)

1276 2183 1288 2197 ι(
1306 2171 1422 2200 Eidem.
1439 2170 1519 2200 Tuis
1538 2169 1634 2200 nohis
1649 2169 1770 2200 litteris
1787 2187 1835 2199 —.
1855 2170 1928 2199 Dat.
1946 2169 2114 2204 Laterani,
2132 2169 2163 2199 11
2181 2168 2244 2198 ka-

1232 2223 1348 2254 lendas
1365 2223 1538 2259 februarii,
1556 2232 1642 2253 anno
1662 2222 1867 2253 duodecimo.
1887 2234 1899 2249 υ

1304 2404 1423 2431 421³?

1271 2465 1442 2500 segobiensi
1459 2468 1487 2492 et
1509 2465 1661 2493 Colarensi
1684 2466 1729 2496 (=
1752 2464 1788 2491 de
1810 2463 1941 2495 Cuellar)
1963 2463 2192 2496 archidiaconis,
2213 2465 2243 2490 et

1233 2514 1334 2542 abbati
1351 2515 1386 2541 de
1403 2514 1544 2541 Saltubus
1560 2514 1646 2541 Albis
1662 2515 1706 2546 (=
1724 2513 1807 2540 Sotos
1822 2512 1941 2544 Albos),
1959 2512 2146 2545 Segobiensis
2161 2511 2244 2538 dioe-

1234 2563 1319 2595 cesis,
1334 2563 1437 2590 scribit
1456 2563 1491 2589 de
1509 2571 1597 2589 causa
1622 2562 1699 2589 inter
1722 2562 1897 2588 Toletanum
1918 2560 2184 2594 archiepiscopum,
2206 2567 2243 2586 ex

1233 2621 1292 2638 una
1306 2615 1398 2646 parte,
1415 2615 1443 2638 et
1458 2612 1630 2645 magistrum
1647 2612 1808 2644 fratresque
1820 2610 2056 2642 Calatravwses,
2069 2609 2118 2643 qui
2136 2618 2165 2635 se
2179 2609 2244 2637 Cis-

1233 2661 1387 2688 terciensis
1403 2661 1516 2687 ordinis
1534 2660 1757 2691 asseverabant,
1779 2667 1813 2686 ex
1832 2660 1940 2691 altera,
1959 2666 2046 2692 super
2064 2658 2241 2692 quibusdam

1232 2710 1376 2741 eeclesiis,
1400 2709 1536 2745 decimis,
1561 2708 1750 2735 libertatibus
1771 2707 1944 2734 clericorum
1965 2709 1994 2733 et
2013 2707 2081 2733 aliis
2106 2706 2245 2733 articulis

1231 2758 1407 2791 jamdudum
1425 2761 1537 2789 exorta,
1555 2766 1628 2791 quae
1642 2765 1739 2788 eausa,
1757 2764 1853 2783 coram
1869 2755 1995 2782 diversis
2010 2755 2159 2788 judicibus
2175 2763 2242 2782 auc-

1232 2806 1352 2832 toritate
1368 2806 1529 2840 apostolica
1545 2813 1596 2839 per
1611 2805 1711 2831 decem
1733 2812 1824 2831 annos
1840 2806 1868 2830 et
1885 2803 2014 2837 amplius
2027 2803 2149 2836 agitata,
2166 2811 2242 2829 non-

1231 2855 1300 2881 dum
1326 2858 1460 2889 potuerat
1484 2863 1576 2889 usque
1603 2854 1638 2881 ad
1666 2854 1728 2880 litis
1757 2852 2001 2879 contestationem
2031 2852 2166 2886 perduci;
2197 2852 2243 2879 eis

1230 2904 1354 2930 mandat
1370 2906 1514 2937 quatenus
1530 2903 1664 2930 eamdem
1686 2910 1816 2934 causam,
1834 2901 1857 2928 si
1878 2901 1914 2928 de
1934 2901 2063 2935 partium
2084 2901 2241 2928 voluntate

1230 2952 1415 2985 processerit,
1432 2952 1606 2984 terminent,
1620 2950 1752 2984 alioquin
1770 2958 1832 2976 eam
1852 2949 1888 2976 ad
1908 2949 2013 2976 Sedem
2035 2949 2239 2983 Apostolicam

1776 2403 1897 2435 Latran,
1911 2401 1945 2429 29
1958 2401 2075 2435 janvier
2090 2401 2169 2428 1239.
