2519 3518
145 301 223 330 1117

144 369 235 402 jorem
252 371 281 395 et
296 369 407 402 juratos
418 368 609 396 corbeienses
625 372 653 395 et
669 369 822 396 interdicti
834 369 864 395 in
879 369 983 395 villam
997 369 1154 397 corbeien<

144 425 205 444 sem
228 417 264 444 ab
288 417 393 444 abbate
411 417 582 444 Corbeiensi
605 417 781 444 auctoritate
805 417 922 452 propria
941 419 1152 452 promulgatas,

144 468 262 500 propter
284 465 499 499 praedictorum
525 466 645 499 majoris
666 468 694 492 et
714 466 878 499 juratorum
903 466 1092 498 gravissimos
1123 466 1151 492 in

145 514 356 541 monasterium
374 514 551 542 Corbeiense
566 523 713 546 excessus,
731 515 856 547 singulis
873 515 976 541 diebus
994 515 1153 541 dominicis

144 565 172 589 ot
186 562 302 589 festivis
316 563 500 589 sollemniter
511 563 664 596 publicent
675 566 703 590 et
715 571 766 597 per
778 564 953 590 Remenscm
968 564 1151 597 provinciam

144 611 288 638 mandent
303 611 460 646 publicari.
476 626 508 630 —
525 612 610 643 (nm.
624 611 667 644 19,
684 613 702 638 f.
716 612 749 638 45
763 615 806 643 v⁰;
824 621 894 638 ann.
910 613 976 644 ΧΠ,
995 623 1018 638 1·.
1036 612 1110 643 225.)

185 751 200 766 «
220 762 239 768 ..
257 740 356 769 abbati
371 739 478 769 Sancti
493 741 617 769 Auberti
633 741 867 775 Cameracensis,
889 763 907 769 ..
923 741 1033 769 decano
1049 745 1074 769 et
1091 750 1153 769 ma-

143 794 238 830 ¹qislro
261 793 436 828 Guillelmo,
463 794 618 829 canonico,
644 794 799 831 quondam
821 795 944 832 officiali
966 794 1153 833 Acrebaqen-

142 846 250 883 sibus}
273 846 404 876 Timore
424 846 570 876 nominis
594 846 699 876 divini
722 863 771 875 —-.
789 847 834 876 Ex
852 846 1090 885 conquestione
1107 847 1152 876 si-

143 898 278 937 quidem
308 898 504 928 dilectorum
533 898 678 929 filiorum
709 922 728 928 ..
760 899 889 929 abbatis
917 903 948 929 et
970 903 1152 929 conventus

144 951 338 981 monasterii
354 951 578 986 Corbeiensis,
594 951 721 981 ordinis
736 951 842 982 sancti
859 951 1040 987 Benedicti,
1063 951 1152 982 nullo

144 1003 252 1034 medio
269 1004 309 1034 ad
327 1005 510 1034 Romanam
530 1004 711 1034 Ecclesiam
734 1005 944 1043 pertinentis,
965 1005 1152 1043 accepimus

141 1057 230 1095 quod
249 1080 268 1086 ..
286 1058 390 1096 major
409 1062 439 1088 et
453 1058 556 1097 jurati
576 1057 807 1093 Corbeienses,
826 1058 1063 1087 Ambianensis
1081 1058 1152 1087 dio-

141 1109 240 1144 cesis,
266 1110 372 1140 eidem
396 1110 597 1140 monasterio
616 1110 783 1148 spirituali
809 1114 840 1140 et
866 1110 1037 1148 temporali
1053 1110 1152 1149 juris-

142 1164 286 1194 dictione
307 1163 459 1202 suhjecti,
486 1167 600 1193 contra
622 1163 712 1201 ipsos
732 1163 851 1201 spiritu
871 1163 1025 1201 superbie
1047 1167 1077 1193 et
1099 1163 1152 1192 in-

143 1216 328 1246 devotionis
345 1220 525 1253 assumpto,
544 1216 703 1254 quosdam
727 1216 910 1246 servientes
932 1225 1056 1250 eorum,
1078 1225 1152 1253 gra-

142 1269 238 1298 vibus
254 1268 428 1298 lacessitos
446 1268 595 1307 injuriis,
616 1277 731 1306 capere
756 1277 792 1297 ac
809 1269 997 1306 mancipare
1015 1268 1150 1303 carceri,

141 1327 174 1351 et
189 1330 244 1352 eos
267 1321 400 1350 tandem
421 1321 518 1350 bonis
543 1321 686 1359 propriis
712 1321 892 1351 destituere
910 1325 1151 1359 presumentes,

142 1376 176 1405 in
189 1375 355 1414 prefatum
374 1374 625 1409 monasterium,
644 1378 822 1404 convocata
840 1379 931 1412 parte
951 1374 1148 1409 communie,

142 1437 298 1467 processu
320 1427 477 1466 temporis
501 1427 682 1462 irruerunt,
706 1427 740 1456 in
760 1427 912 1457 abbatem
937 1427 1046 1465 ipsum
1069 1436 1152 1457 ausu

143 1482 301 1520 nephario
332 1481 465 1520 injectis
492 1481 647 1511 manibus
682 1480 848 1510 violentis
881 1482 1053 1517 Preterea,
1086 1489 1151 1510 non

141 1534 288 1565 contenti
304 1534 392 1573 quod
407 1533 567 1572 quosdam
582 1533 729 1573 ejusdem
746 1533 942 1563 monasterii
958 1533 1148 1568 monachos,

141 1597 199 1626 per
217 1587 369 1617 abbatem
387 1586 497 1624 ipsum
521 1586 560 1616 ad
585 1586 757 1625 cujusdam
781 1585 958 1623 burgensis
977 1585 1041 1615 loci
1063 1586 1152 1625 ejus-

140 1641 215 1671 dem
231 1640 317 1670 bona
333 1639 559 1670 conservanda
577 1639 802 1674 transmissos,
824 1639 881 1678 qui
900 1639 1079 1669 intestatus
1096 1638 1152 1669 de-

141 1697 286 1724 cesserat
303 1702 340 1723 ac
358 1692 699 1723 excommunicatione
719 1691 854 1729 ligatus,
875 1691 993 1722 exinde
1008 1701 1065 1730 per
1082 1691 1151 1722 vio-

139 1747 278 1777 lentiam
317 1746 505 1784 ejecerunt,
553 1753 671 1775 manus
710 1745 744 1774 in
784 1754 839 1774 eos
878 1749 1152 1783 presumpserunt

142 1800 277 1834 inicere,
295 1803 327 1829 et
347 1799 429 1828 alias
445 1799 534 1836 ipsos
552 1798 653 1827 minis
677 1798 858 1828 enormiter
876 1802 1088 1836 pertractare.
1113 1799 1150 1828 Et

141 1860 342 1890 quamquam
367 1851 474 1880 dictus
492 1851 592 1880 abbas
610 1851 643 1880 in
667 1860 734 1887 eos,
753 1854 884 1888 propter
904 1850 1095 1889 hujusmodi
1116 1859 1151 1880 ac

141 1905 225 1935 alios
240 1904 361 1933 multos
385 1908 416 1933 et
433 1912 548 1941 graves
569 1912 724 1933 excessus
742 1903 902 1941 ipsorum,
925 1904 1152 1933 excommuni-

142 1957 294 1994 cationis,
313 1960 352 1992 et,
373 1965 485 1986 eorum
503 1960 711 1985 excrescente
729 1955 868 1987 malitia,
888 1955 920 1984 in
940 1955 1053 1984 villam
1073 1955 1153 1985 Cor-

142 2011 311 2040 beiensem
327 2009 496 2038 interdicti
511 2008 695 2038 sententias
713 2008 908 2037 auctoritate
926 2008 1068 2046 propria.
1084 2009 1152 2038 exi-

143 2067 239 2100 gente
259 2062 400 2102 justitia,
419 2061 646 2100 promulgarit,
669 2061 786 2095 iidem,
806 2065 955 2099 pretextu
981 2062 1151 2100 qu'usdam

144 2115 375 2154 appellationis
393 2114 520 2150 frivole,
546 2123 645 2152 quam
662 2114 701 2143 ad
719 2114 836 2144 Sedcm
858 2114 1093 2151 Apostolicam,
1118 2119 1151 2144 ut

143 2171 309 2201 asserunt,
328 2166 528 2199 emittentes,
549 2174 612 2194 non
629 2169 706 2194 sunt
723 2165 809 2193 infra
825 2168 953 2202 tempus
968 2164 1152 2202 legitimum

145 2220 319 2259 prosecuti,
333 2219 440 2249 redire
453 2218 693 2248 admandatum
709 2217 855 2247 Ecclesie
870 2223 1151 2256 contempserunt.

146 2276 310 2308 Preterea,
329 2276 364 2302 ut
375 2271 535 2302 catholice
552 2271 706 2309 puritatis
721 2280 755 2301 se
768 2271 962 2301 manifestos
977 2271 1153 2301 exhibeant

144 2331 396 2365 contemptores,
420 2324 721 2355 excommunicatos
745 2327 775 2353 ct
798 2323 991 2353 interdictos
1008 2325 1042 2353 in
1059 2325 1153 2354 cimi—

146 2380 238 2411 teriis
256 2379 403 2418 ejusdem
421 2377 626 2411 monasterii,
646 2386 681 2406 ac
699 2376 839 2415 quodam
858 2377 940 2405 atrio
957 2377 996 2405 ab
1014 2377 1095 2415 ipsis
1115 2378 1152 2408 de

145 2441 227 2462 novo
246 2440 303 2470 pro
319 2430 432 2460 talium
450 2429 619 2468 sepultura
636 2433 836 2458 constructo,
850 2434 961 2459 contra
982 2430 1154 2460 inhibitio-

146 2494 219 2516 nem
231 2485 394 2514 dietorum
407 2483 536 2513 abbatis
551 2486 581 2512 et
596 2486 777 2512 conventus
793 2482 933 2520 sepelire
945 2487 1150 2520 prcsmnunt.

144 2540 192 2569 Ne
216 2538 330 2576 igitur,
353 2537 382 2566 si
406 2536 466 2566 hec
494 2536 554 2565 sub
578 2535 846 2564 dissimulatione
873 2540 1050 2567 transeant,
1080 2545 1153 2574 pre—

143 2595 329 2629 sumptores
346 2589 537 2628 hujusmodi
553 2588 741 2618 libertatem
756 2587 899 2617 habeant
916 2589 1020 2618 Deum
1035 2594 1063 2619 et
1082 2590 1152 2628 ejus

143 2645 304 2682 ascriptos
323 2643 477 2672 laudibus
493 2646 558 2671 tam
571 2641 827 2679 dampnabiliter
842 2641 1042 2671 offendendi.
1063 2651 1153 2672 man-

143 2699 259 2728 damus
277 2700 440 2735 quatenus
463 2699 661 2724 memoratas
683 2694 882 2723 sententias.
901 2694 986 2723 sicut
1006 2695 1151 2725 rationa-

144 2751 255 2780 biliter
284 2754 361 2779 sunt
393 2748 536 2786 prolate,
574 2746 717 2783 siugulis
756 2746 873 2775 diebus
911 2747 1087 2777 dominicis
1123 2752 1154 2777 et

145 2803 285 2838 festivis,
306 2801 447 2840 pulsatis
470 2800 639 2838 campanis
668 2804 696 2829 et
727 2799 874 2829 candelis
904 2800 1065 2834 accensis,
1087 2801 1152 2830 sol-

145 2856 321 2895 lempniter
341 2854 518 2894 publicetis
542 2858 572 2884 et
594 2862 650 2891 per
670 2854 868 2882 Remensem
891 2852 1054 2882 mandetis
1079 2862 1153 2891 pro-

146 2908 290 2938 vinciam
313 2907 491 2946 publicari,
520 2915 575 2936 eos
600 2914 705 2943 usque
732 2905 772 2934 ad
795 2905 1057 2935 satisfactionem
1075 2914 1154 2936 con-

147 2961 281 3000 dignam
298 2960 416 2991 evitari
431 2960 471 2989 ab
488 2959 642 2989 omnihus
669 2958 841 2988 facientes.
862 2957 1017 2988 Ceterum
1030 2958 1154 2996 predic-

993 295 1214 333 DOUZIEME
1239 294 1398 331 ANNEE.
2171 304 2245 334 1118

1237 371 1305 396 111111
1320 367 1441 396 atrium
1457 367 1599 403 faciatis,
1616 369 1754 398 veritate
1770 370 1912 407 cognita,
1931 370 2063 407 penitus
2077 370 2242 400 demoliri.

1234 419 1501 450 Contradictores
1516 425 1577 450 etc.
1602 421 1784 459 Sepcdictis
1802 426 1909 452 autem
1926 423 2037 452 abbati
2054 427 2084 453 ct
2100 432 2244 454 conven—

1236 472 1283 502 1111
1298 472 1389 503 1111115
1406 473 1530 503 favoris
1549 474 1749 512 impendatis
1766 475 1938 509 auxilium,
1959 476 2044 514 quod
2063 476 2110 506 eis
2127 476 2167 505 ad
2184 476 2244 506 eli-

1234 525 1374 555 dendam
1395 526 1498 563 partis
1521 526 1657 557 adverse
1675 527 1837 557 malitiam
1854 527 2004 558 videritis
2028 532 2242 566 oportunum,

1234 578 1385 608 invocato
1397 578 1437 608 ad
1453 579 1523 615 hoc,
1540 579 1568 608 si
1580 588 1662 618 opus
1672 580 1784 613 fucrit,
1796 580 1920 610 auxilio
1932 581 2060 610 brachii
2070 581 2243 612 secularis.

1233 630 1327 666 Quod
1345 631 1373 660 si
1391 640 1455 661 non
1472 640 1585 662 omnes
1603 635 1663 662 etc.
1687 633 1759 662 Dat.
1783 633 1943 669 Anagnic,
1970 633 2080 663 idibus
2097 634 2243 672 augusti,

1234 691 1320 712 anno
1337 683 1541 714 duodecimo.
1563 697 1575 711 »

1305 882 1422 908 449ss
1814 886 1943 919 Anagni,
1961 886 1992 912 12
2008 888 2075 911 aout
2092 886 2169 912 1:238.

1269 943 1456 971 Cancellario
1478 945 1639 972 parisiensi
1663 947 1785 973 mandat
1806 949 1950 980 quatenus
1970 948 2106 976 barones.
2128 948 2242 975 balivos

1233 992 1365 1025 aliosque
1382 992 1494 1018 nobiles
1516 993 1707 1025 Burgundiae
1729 998 1846 1021 moneat
1862 998 1890 1021 et
1911 996 2031 1022 inducat
2047 999 2077 1022 ut
2097 997 2243 1023 Tlleobal-

1233 1040 1303 1066 dum
1327 1040 1363 1066 de
1379 1040 1496 1073 Cicons,
1520 1043 1640 1068 fratrem
1662 1041 1890 1076 [P.]¹,cantoris
1908 1044 2009 1070 Sancti
2028 1045 2172 1078 Stephani
2190 1045 2242 1072 Bi-

1233 1089 1472 1122 si1ntini‚0t·÷jiis
1484 1090 1653 1124 complices,
1669 1092 1723 1118 sub
1735 1092 1865 1125 ipsorum
1878 1096 2021 1126 potestat(¹
2031 1094 2241 1125 existentes,-

1233 1138 1282 1171 qui
1299 1138 1486 1165 Theobaldus
1500 1142 1528 1165 ct
1549 1139 1601 1165 alii
1618 1139 1812 1166 Bisuntinum
1836 1141 2102 1175 archiepismpum,
2125 1143 2243 1175 injectis

1234 1186 1264 1212 in
1284 1195 1350 1212 eum
1370 1187 1517 1218 manibus,
1539 1187 1632 1221 cquis,
1658 1188 1805 1221 somariis,
1822 1189 1915 1220 libris,
1937 1191 2119 1216 ornamentis
2145 1191 2243 1224 punti-

1234 1235 1367 1261 ticalibus
1392 1244 1424 1261 ac
1451 1236 1536 1262 rebus
1557 1236 1625 1262 aliis
1651 1237 1864 1270 spoliaverant,
1892 1242 1920 1263 et
1953 1239 2109 1271 quemdam
2131 1240 2242 1265 socium

1233 1284 1310 1316 ejus,
1332 1284 1507 1310 canonicum
1534 1285 1745 1317 Bisuntiuum,
1774 1286 1911 1320 nequiter
1932 1287 2115 1320 captivatum
2140 1288 2191 1313 «liu
2213 1288 2242 1314 in

1232 1340 1347 1358 carcere
1363 1333 1563 1364 detinuerant,
1584 1348 1612 1351 —
1635 1335 1817 1368 compellant
1835 1334 1870 1361 ad
1892 1335 2106 1361 restituvmhnn
2132 1337 2244 1371 inti—gre

1232 1381 1274 1406 sic
1290 1381 1389 1408 ablata
1405 1384 1433 1408 et
1448 1382 1484 1408 ad
1501 1382 1735 1409 satisfactionem
1752 1383 1984 1416 impendendam
1999 1385 2035 1410 de
2051 1385 2143 1411 illatis
2158 1385 2243 1411 dam-

1233 1429 1278 1455 nis
1301 1433 1329 1456 et
1353 1430 1488 1463 irrogatis
1513 1431 1640 1464 injuriis.
1665 1446 1700 1448 ᾉ
1725 1432 1812 1463 (Rae.
1835 1432 1883 1461 19,
1909 1433 1928 1457 f.
1950 1433 1984 1458 45
2006 1436 2050 1463 v⁰;
2077 1442 2146 1459 ann.
2171 1434 2242 1466 XII,

1232 1486 1263 1518 c.⁴
1282 1477 1348 1509 22&
1382 1493 1412 1496 —
1443 1479 1575 1506 Monimo
1597 1480 1676 1511 1192,
1699 1481 1718 1506 f.
1750 1480 1816 1511 163;
1840 1496 1874 1498 —
1899 1482 2055 1508 PorrnAsr
2081 1482 2179 1514 1061·2;
2212 1498 2242 1501 —

1233 1529 1270 1554 ρι’,
1293 1535 1388 1560 supra,
1408 1531 1436 1554 11υ
1452 1528 1544 1560 3861.)

1276 1640 1287 1654 a
1308 1651 1326 1657 ..
1346 1630 1529 1658 cancellario
1548 1630 1729 1659 Parisiensi.
1749 1630 1916 1660 Grandem
1934 1635 1963 1660 et
1983 1640 2114 1669 gravem
2132 1641 2244 1662 exces-

1234 1690 1307 1710 sum
1335 1690 1433 1720 quem
1463 1682 1648 1712 Teobaldus
1681 1682 1720 1712 de
1749 1683 1881 1718 Cicons,
1913 1684 2015 1713 frater
2048 1707 2066 1712 ..
2099 1685 2244 1715 cantoris

1234 1734 1347 1764 Sancti
1364 1734 1524 1773 Stephani
1546 1735 1735 1769 Bisuntini‚
1758 1740 1789 1765 et
1812 1736 1989 1774 complices
2006 1737 2077 1776 ejus
2093 1738 2128 1766 in
2145 1747 2245 1768 vene—

1235 1786 1372 1817 rabilem
1382 1787 1517 1817 fratrem
1532 1792 1681 1818 nostrum
1696 1812 1715 1818 ..
1730 1788 1945 1819 Bisuntinum
1960 1790 2244 1829 archiepiscopum

1234 1848 1317 1869 ausu
1334 1839 1494 1877 nephario
1511 1845 1760 1878 attemptarunt,
1778 1841 1840 1871 sub
1854 1841 2120 1872 dissimulatione
2138 1848 2245 1873 trans-

1234 1893 1281 1922 ire
1312 1901 1377 1922 non
1408 1902 1584 1930 possumus
1618 1902 1678 1923 nec
1710 1894 1880 1924 debemus.
1920 1895 1986 1933 Ipsi
2019 1896 2121 1932 enim,
2161 1897 2246 1926 sicut

1234 1945 1347 1974 codem
1367 1945 1616 1983 archiepiscopo
1643 1946 1738 1975 nobis
1762 1947 1909 1976 innotuit
1935 1954 2169 1986 conquerente,
2193 1949 2246 1978 in-

1235 1998 1327 2035 jectis
1347 1998 1381 2026 in
1399 2007 1474 2027 eum
1492 1998 1657 2033 manibus,
1679 1999 1739 2028 Dei
1766 2000 1883 2030 timore
1908 2001 2098 2038 postposito.
2125 2006 2246 2032 temere

1235 2050 1400 2085 violentis,
1425 2051 1530 2089 equis,
1555 2052 1721 2086 somariis,
1750 2052 1857 2087 libris,
1882 2055 2086 2084 ornamentis
2114 2056 2247 2093 pontifi-

1235 2103 1362 2133 ralibus
1393 2108 1423 2133 et
1446 2104 1546 2133 rebus
1581 2104 1658 2133 aliis
1684 2105 1795 2143 ipsum
1823 2110 1853 2135 et
1877 2107 2041 2136 familiam
2069 2117 2160 2137 suam
2191 2117 2247 2146 per

1236 2155 1427 2185 violentiam
1440 2156 1635 2194 spoliarunt,
1654 2162 1686 2187 et
1703 2158 1868 2196 quendam
1886 2159 2134 2193 50011111151111111,
2153 2170 2246 2191 cano-

1238 2207 1347 2236 nicum
1365 2208 1593 2243 Bisuntinum,
1612 2209 1766 2247 nequiter
1782 2210 1983 2248 captivatum
1999 2211 2054 2240 diu
2068 2212 2102 2240 in
2117 2221 2247 2242 carcerc

1237 2265 1425 2290 tenuerunt.
1445 2261 1551 2291 Villas
1577 2271 1707 2300 qnoque
1732 2263 1839 2300 ipsius
1863 2263 2103 2302 archiepiscopi
2126 2270 2247 2295 temere

1236 2313 1430 2343 invadentes
1452 2323 1488 2343 ac
1513 2314 1731 2352 depredantes
1752 2316 1896 2351 easdem,
1923 2317 2035 2347 sibiet
2054 2317 2246 2347 hominibus

1236 2366 1305 2396 suis
1322 2366 1356 2395 in
1373 2367 1444 2405 ejus
1462 2367 1681 2406 prejudicium
1700 2368 1843 2406 dampna
1864 2369 1977 2406 gravia
1994 2374 2023 2399 et
2043 2370 2183 2408 iujurias
2200 2371 2246 2399 ir—

1236 2424 1393 2457 rogarunt
1418 2425 1448 2450 et
1472 2420 1579 2449 adhuc
1605 2421 1753 2458 irrogare
1779 2431 1844 2451 non
1872 2427 2014 2452 cessant.
2038 2424 2121 2453 Cum
2144 2424 2247 2461 igitur

1237 2472 1464 2503 malefactores
1481 2473 1682 2512 hujusmodi,
1703 2475 1760 2513 qui
1773 2475 1834 2504 sub
1851 2479 2012 2513 potestate
2026 2476 2187 2506 nobilium
2206 2477 2248 2506 vi-

1236 2534 1346 2555 rorum
1372 2526 1533 2556 baronum
1565 2532 1597 2557 et
1627 2527 1815 2557 balivorum
1848 2537 1884 2558 ac
1915 2528 2056 2558 aliorum
2087 2530 2246 2559 nobilium

1237 2579 1428 2617 Burgundio
1453 2589 1525 2609 esse
1551 2580 1717 2616 dicuntur,
1747 2582 2123 2611 excommunicationem
2150 2592 2246 2621 quam

1237 2636 1366 2669 propter
1389 2632 1449 2661 hoc
1472 2633 1654 2662 incurrisse
1682 2638 1875 2667 noscuntur,
1902 2634 2158 2672 dampnabiliter
2174 2644 2247 2665 con-

1238 2689 1453 2721 tempnentes,
1475 2685 1582 2724 redire
1597 2686 1635 2714 ad
1649 2686 1843 2715 mandatum
1855 2686 2002 2716 Ecclesie
2016 2692 2245 2725 aspernentur.

1237 2741 1267 2765 ct
1283 2736 1420 2774 dignum
1443 2738 1485 2767 sit
1506 2743 1540 2767 ut
1558 2748 1640 2776 quos
1661 2738 1797 2768 divinus
1819 2739 1915 2768 timor
1932 2750 1950 2768 a
1972 2739 2056 2768 malo
2075 2749 2138 2769 non
2156 2749 2250 2770 revo-

1236 2793 1298 2823 cat,
1318 2790 1508 2828 temporalis
1526 2790 1642 2820 saltem
1655 2790 1826 2820 coherceat
1841 2791 2017 2829 disciplina
2034 2801 2039 2819 z
2054 2792 2249 2821 mandamus

1237 2846 1401 2880 quatenus
1417 2843 1549 2873 eosdem
1572 2843 1724 2877 barones,
1749 2843 1875 2873 balivos
1895 2852 1930 2873 ac
1954 2843 2036 2873 alios
2053 2848 2088 2873 ut
2105 2844 2248 2882 prefato>

1272 2968 1293 2992 1.
1311 2968 1351 2992 Cf.
1369 2975 1465 2998 supra,
1481 2973 1507 2992 n⁰
1521 2969 1588 2993 3861.
