2423 3487
150 300 187 329 35
869 289 1104 321 izEGIsTREs
1127 288 1181 316 DE
1205 279 1425 316 GREGOIRE
1451 287 1509 315 ix.
2200 284 2238 315 3ss

150 368 319 399 Ceterum,
341 373 413 393 cum
437 371 492 400 per
516 360 653 390 eundem
672 359 721 392 A„
746 357 827 386 sicut
848 356 1044 393 accepimus.
1066 353 1147 383 Ani-

149 421 290 454 ciensis,
312 415 535 448 vivariensis,
560 412 692 442 Dieusis
716 415 743 440 et
769 408 989 439 Romanensis
1011 406 1147 437 ecclesie

149 471 340 502 multotiens
366 468 477 497 multis
505 464 665 494 molestiis
691 463 757 492 sint
783 462 910 492 afflicte,
939 460 1088 488 volumus
1117 462 1148 487 et.

149 524 342 554 mandamus
374 525 405 550 ut
436 520 580 556 ipsarum
612 516 762 553 prelatos,
796 514 880 553 quod
912 513 1016 543 eidem
1047 512 1148 540 electo

150 580 344 616 oportunum
363 572 536 602 consilium
561 574 589 598 ct
608 568 765 597 auxilium
788 567 981 603 largiantur,
1000 566 1083 594 sicut
1103 564 1148 592 di-

149 630 306 667 ligentius
329 625 461 664 poteris,
480 621 680 652 exhorteris:
699 620 887 649 mandatum
907 622 1053 647 nostrum
1074 616 1148 645 tali-

151 688 199 712 ter
211 679 405 717 impleturus
420 681 463 711 ut,
480 679 588 713 preter
600 673 828 702 retrilssmtionis
846 676 956 701 eterne
973 669 1146 708 premium,

150 733 252 772 quod,
284 730 416 761 zelando
449 726 705 757 ecclesiasticam
735 725 941 755 libertatem,
969 721 1146 759 consequi,

149 787 281 817 Christo
305 784 449 813 favente,
477 780 616 818 poteris,
646 788 663 807 a
691 778 773 807 Sede
796 776 983 814 Apostolica
1004 776 1149 804 savorem

149 838 269 868 habere
288 835 478 874 precipuum
496 831 665 861 mercaris.
684 831 754 859 Dat.
775 834 807 858 ut
824 838 933 866 supra.
956 840 968 853 »

223 1027 342 1054 2519

189 1091 262 1119 Cum
278 1090 363 1116 Petro
381 1086 532 1120 [ΚΜ-10101,
550 1085 609 1112 filio
626 1083 915 1118 Philippi-Augusti,
935 1082 1009 1116 regis
1025 1082 1151 1108 Franco-

152 1147 228 1170 rum,
243 1140 270 1163 et
284 1137 404 1165 solutae,
419 1135 569 1168 dispensat
583 1141 668 1166 super
680 1141 711 1159 eo
725 1132 810 1166 quast,
824 1140 879 1158 non
892 1131 1026 1157 obstante
1037 1130 1151 1156 defectu

154 1186 313 1217 natalium,
331 1183 548 1218 dispensatione
568 1181 688 1216 speciali
710 1189 766 1207 11011
789 1180 921 1211 obtenta,
939 1178 1151 1206 thesaurariam

154 1235 184 1261 in
208 1233 338 1261 ecclesiis
360 1232 441 1259 Beati
463 1231 587 1258 Martini
608 1229 784 1256 Turonensis
805 1231 833 1255 et
859 1228 960 1255 Sancti
984 1226 1153 1254 Frambaldi

155 1281 402 1313 Silvanectensis,
425 1288 476 1306 nec
497 1288 552 1305 non
575 1281 602 1305 et
623 1277 724 1305 Sancti
748 1276 849 1303 Fursei
866 1275 1040 1303 Peronensis
1059 1277 1155 1301 custo-

154 1332 233 1358 diam
249 1333 396 1357 assecutus
410 1331 480 1355 erat.
497 1343 528 1346 —
545 1328 630 1358 (Rae.
648 1326 691 1358 18,
708 1327 728 1352 1.
746 1326 778 1352 15
794 1328 839 1357 v⁰;
857 1333 925 1352 ann.
944 1325 996 1357 IX,
1014 1333 1038 1351 c.
1055 1324 1105 1355 ‘263
1124 1338 1154 1342 —

155 1381 192 1407 cf.
209 1386 303 1412 supra,
320 1387 347 1405 n.
362 1378 430 1404 2487
447 1380 474 1403 et
489 1376 580 1407 2510.)

710 1023 845 1053 Pet-ouse,
862 1021 895 1047 17
911 1020 987 1047 avril
1000 1020 1078 1046 1235.

198 1492 209 1506 a
229 1481 273 1513 P.,
292 1479 483 1507 thesaurario
501 1478 608 1506 Sancti
623 1477 752 1505 Martini
770 1476 961 1504 Turonensis.
978 1475 1047 1504 Tua
1063 1474 1158 1503 nobis

156 1532 295 1562 humilis
317 1535 347 1561 et
365 1531 479 1560 devota
496 1529 660 1559 confessio
681 1527 859 1558 declaravit
875 1527 980 1566 quod,
1002 1536 1075 1556 cum
1091 1527 1158 1565 jam

157 1585 280 1615 dudum
296 1583 396 1614 Sedes
413 1581 615 1620 Apostolica,
635 1581 689 1618 pia
704 1584 819 1615 mater,
840 1580 1021 1609 honitatem
1038 1578 1159 1608 indolis

158 1642 213 1667 tue
240 1646 299 1666 sua
324 1635 496 1665 dulcedine
521 1638 703 1672 prosecuta,
731 1637 838 1663 tecum
862 1632 959 1662 solita
986 1632 1161 1662 clementia

160 1690 383 1727 dispensasset
405 1691 456 1721 111,
476 1696 540 1716 11011
561 1686 711 1716 obstante
735 1685 895 1715 natalium
918 1685 1047 1715 defectu
1063 1694 1160 1723 quem

159 1741 348 1779 patiebaris,
364 1749 421 1778 pro
437 1749 474 1769 eo
490 1739 576 1778 quod
594 1739 707 1768 inclite
724 1738 960 1768 recordationis
975 1738 1159 1775 Philippus.

161 1803 215 1824 rex
232 1794 448 1827 Francorum,
466 1792 543 1822 dum
560 1792 684 1821 viveret
704 1801 784 1821 uxor
807 1791 877 1830 ejus
895 1791 1058 1828 legitima,
1078 1794 1107 1820 te
1124 1790 1162 1820 de

160 1850 263 1876 matre
280 1849 335 1875 tua
351 1845 457 1875 soluta
473 1844 633 1882 suscepit,
652 1844 755 1873 libere
773 1852 885 1882 posses
903 1843 1027 1873 assumi
1045 1843 1084 1873 ab
1106 1843 1163 1873 he-

161 1899 316 1929 neficium
339 1897 550 1936 prebendam,
577 1901 630 1931 tu,
656 1897 901 1934 dispensatione
927 1896 993 1926 alia
1017 1905 1082 1926 non
1106 1896 1163 1926 ob-

161 1955 265 1987 tenta,
283 1951 317 1979 in
337 1950 486 1980 ecclesiis
511 1950 606 1979 Beati
627 1949 761 1978 Martini
779 1949 982 1979 Turonensis
1003 1953 1034 1979 et
1051 1949 1164 1979 Sancti

161 2003 349 2034 Frambaldi
386 2001 645 2032 Silvanectensis
681 2001 943 2037 thesaurariam,
980 2011 1017 2032 ac
1051 2002 1165 2032 Sancti

161 2056 277 2087 Fursei
308 2055 506 2085 Peronensis
538 2055 736 2090 custodiam,
768 2064 833 2084 non
859 2055 1020 2085 habentes
1052 2064 1165 2085 curam

112 2115 115 2117 ·
162 2109 347 2138 animarum
386 2116 567 2142 annexam,
605 2107 700 2137 suisti
735 2107 942 2146 postmodum
979 2112 1163 2138 assecutus.

162 2163 288 2198 Quare,
310 2162 395 2190 fame
419 2170 454 2190 ac
478 2161 679 2190 conscientie
700 2164 754 2190 tue
778 2165 947 2195 metuens,
972 2160 1166 2199 suppliciter

163 2214 336 2252 postulasti
353 2218 388 2243 ut
406 2214 465 2243 tihi
480 2222 578 2251 super
593 2213 654 2243 hoc
669 2214 721 2251 pie
737 2213 923 2251 prospicere
939 2213 1163 2251 dignaremur.

164 2267 209 2297 Ut
226 2266 328 2304 igitur
351 2266 389 2295 de
417 2266 536 2296 virtute
564 2266 596 2295 in
626 2266 797 2301 virtutem,
825 2266 911 2296 sicut
935 2266 974 2296 de
1001 2266 1107 2304 gratia
1130 2267 1165 2296 in

165 2319 322 2356 gratiam,
341 2319 549 2356 proveharis,
569 2328 638 2354 nos,
659 2319 745 2348 circa
761 2328 936 2357 personam
960 2324 1066 2353 tuam,
1092 2328 1166 2349 cum

165 2380 230 2410 qua
246 2380 344 2409 super
358 2371 503 2409 predicto
520 2371 649 2401 defectu
665 2372 942 2410 dispensavimus.
959 2376 996 2402 111
1012 2372 1052 2402 ad
1067 2372 1167 2402 hono-

166 2433 218 2454 res
243 2429 274 2454 et
297 2424 473 2461 dignitates
498 2425 608 2454 valeas
635 2425 835 2463 promoveri,
862 2424 1086 2454 continuando
1110 2424 1168 2454 be-

167 2477 339 2514 nignitatis
365 2477 535 2512 affectum,
556 2478 682 2516 tibique
703 2487 759 2516 pro
780 2477 846 2507 hiis
867 2477 998 2516 injungi
1015 2478 1168 2516 peniten-

168 2529 246 2558 tiam
287 2529 458 2564 faciendo,
497 2539 595 2568 super
632 2530 692 2560 hoc
731 2530 829 2560 etiam
868 2534 976 2560 tecum
1014 2530 1168 2560 duximus

167 2581 434 2619 dispensandum,
454 2582 711 2612 misericorditer
726 2582 932 2612 remittentes
949 2583 1036 2621 quod
1052 2582 1169 2612 exinde

169 2634 372 2663 contraxisti.
395 2634 485 2664 Nulli
504 2644 580 2672 ergo
595 2652 643 2663 —.
661 2635 696 2665 Si
712 2635 786 2674 quis
805 2639 915 2665 autem
937 2639 998 2665 etc.
1016 2636 1086 2665 Dat.
1108 2636 1169 2665 Pe-

169 2686 264 2721 rusii,
281 2686 341 2716 XV
356 2686 513 2717 kalendas
529 2687 622 2722 maii,
642 2696 727 2717 anno
744 2696 841 2717 nono.
861 2700 873 2714 n

242 2875 361 2903 2520
729 2880 866 2912 Perouse,
882 2879 916 2906 19
929 2879 1004 2906 avril
1021 2879 1099 2905 1235.

209 2937 361 2964 L'uiversis
375 2940 512 2972 praelatis
531 2943 559 2967 et
579 2941 692 2967 clericis
709 2941 840 2968 civitatis
856 2943 884 2968 et
900 2940 1039 2967 dioecesis
1056 2941 1170 2967 Medio-

1232 353 1359 379 lanensis
1383 352 1491 385 gratias
1513 352 1574 385 agit
1600 352 1676 385 quod
1703 351 1843 378 ecclesiae
1865 351 2099 383 Mediolanensi,
2127 351 2236 378 debitis

1230 403 1382 433 gravatae,
1399 400 1564 426 subsidium
1589 400 1806 434 inipenderint;
1830 399 1870 425 eis
1891 399 2038 433 signifi-ut
2058 409 2088 426 se
2106 401 2238 427 relaxare

1231 449 1382 475 interdicti
1404 448 1582 475 sententiam
1604 457 1691 482 quam
1707 451 1807 475 contra
1826 448 1902 482 ipsos
1918 448 2071 482 episcopus
2086 448 2238 476 Cumanus

1231 498 1400 530 protulerat.
1420 511 1451 514 —
1467 497 1553 527 (Bm.
1570 497 1614 527 18,
1631 498 1649 523 f.
1667 497 1701 523 15
1714 500 1759 529 v‘¹;
1777 505 1846 523 ann.
1863 497 1915 528 tx,
1932 505 1956 523 c.
1971 497 2029 527 ⁶27.)

1272 609 1284 622 α
1316 597 1469 625 [niver-sis
1491 598 1618 633 prelatis
1642 603 1667 626 e!
1690 598 1809 626 clericis
1832 598 1968 626 civitatis
1989 602 2013 625 et
2033 598 2157 626 ‹Iiocesz‘s
2181 598 2241 626 Me-

1231 650 1429 678 diolanenszsss.
1451 650 1588 679 Gratum
1613 650 1760 687 gerimus
1786 654 1816 679 et
1841 653 2010 687 acceptum
2033 649 2136 688 quod,
2155 649 2242 679 sicut

1230 702 1339 731 littere
1364 701 1565 731 venerabilis
1591 702 1704 731 fratris
1733 702 1837 731 nostri
1862 725 1880 731 ..
1906 702 2146 740 archiepiscopi
2172 702 2243 732 Me-

1231 753 1435 782 diolanensis
1462 753 1557 783 nohis
1585 754 1730 783 exhibite
1755 754 1980 783 continebant.
2012 764 2080 789 vos,
2110 763 2243 792 compa-

1233 807 1352 835 tientes
1387 805 1628 835 Mediolanensi
1661 806 1799 836 ecclesie
1816 830 1821 836 .
1858 807 1955 835 matri
1986 812 2092 837 vestre
2110 831 2115 842 ,
2151 807 2243 845 gravi

1233 860 1385 897 depresso
1406 859 1537 888 sarcina
1561 858 1761 893 debitorum,
1782 868 1840 897 pro
1858 860 2003 897 ipsorum
2023 859 2242 895 relevatione,

1234 912 1273 941 ad
1296 911 1487 940 mandatum
1515 915 1679 945 nostrum,
1706 920 1886 948 congruum
1916 912 1945 941 ei
1972 912 2157 941 subsidium
2182 912 2246 941 im-

1233 965 1406 1002 pendistis.
1426 965 1460 993 Et
1480 964 1557 993 licet
1574 964 1777 993 venerabilis
1792 965 1894 993 frater
1911 969 2022 993 nostor
2037 987 2057 992 ,.
2076 965 2246 994 Cumanus

1235 1018 1418 1055 episcopus.
1438 1026 1495 1054 pro
1513 1017 1672 1053 denegato
1690 1016 1840 1046 subsidio
1857 1017 1941 1046 dicte
1960 1017 2113 1051 ecclesie,
2134 1022 2247 1046 aucto-

1234 1070 1330 1099 ritate
1349 1074 1458 1099 nostra
1477 1079 1532 1099 vos
1549 1070 1760 1108 supposuerit
1776 1071 1940 1100 sententie
1962 1070 2146 1104 interdicti,
2166 1070 2246 1108 quia

1236 1128 1356 1157 tamen,
1379 1123 1416 1152 de
1434 1122 1653 1160 appellatione
1667 1122 1783 1151 confisi
1801 1132 1899 1161 quam
1917 1123 1956 1152 al]
1974 1123 2126 1161 episcopo
2142 1123 2249 1153 inter-

1236 1176 1395 1214 posuistis
1414 1175 1542 1210 eodem,
1571 1175 1785 1205 interdictum
1812 1176 1956 1213 positum
1984 1185 2049 1205 non
2076 1176 2247 1211 servastis,

1238 1227 1333 1257 nohis
1360 1227 1447 1257 idem
1481 1226 1750 1265 archiepiscopus
1778 1227 1951 1257 humiliter
1984 1227 2181 1266 supplicavit
2212 1230 2250 1257 ut

1237 1281 1409 1319 providere
1430 1289 1528 1319 super
1552 1280 1614 1310 1100
1640 1280 1819 1310 salubriter
1837 1280 2060 1318 dignaremur.
2090 1282 2158 1311 Nos
2185 1280 2251 1319 igi-

1238 1338 1302 1369 tur,
1327 1333 1542 1363 interdictum
1564 1333 1756 1372 hujusmodi
1777 1333 1979 1369 relaxantes,
2006 1333 2093 1363 circa
2116 1343 2170 1363 eos
2193 1333 2252 1372 qui

1239 1387 1279 1416 ob
1300 1387 1495 1425 premissam
1522 1386 1776 1424 appellationem
1795 1386 1908 1416 divina
1924 1391 1996 1424 post
2019 1386 2127 1424 ipsum
2146 1386 2253 1416 inter-

1240 1440 1364 1469 dictum
1383 1439 1491 1469 officia
1507 1438 1735 1474 celebrarunt,
1755 1439 1784 1469 si
1800 1448 1899 1477 quam
1915 1439 2173 1476 irregularitatis
2192 1447 2253 1469 no-

1241 1496 1307 1522 tam
1327 1496 1460 1530 propter
1482 1491 1543 1522 hoc
1556 1491 1698 1521 forsitan
1714 1492 1943 1526 incurrerunt,
1965 1492 2005 1521 ad
2021 1491 2195 1527 cautelam,
2213 1491 2254 1521 de

1242 1549 1353 1575 nostre
1371 1545 1544 1583 potestatis
1561 1544 1781 1583 plenitudine,
1800 1545 2043 1582 dispensamus.
2061 1545 2135 1574 Dat.
2149 1545 2257 1574 Peru-

1243 1598 1296 1634 sii‚
1312 1599 1396 1628 XIII
1415 1597 1575 1628 kalendas
1592 1597 1684 1633 maii,
1705 1606 1792 1628 anno
1811 1606 1909 1628 nono.
1928 1610 1940 1624 »

1315 1785 1430 1813 2521
1804 1785 1945 1817 Perouse,
1962 1784 1997 1811 20
2012 1784 2088 1811 avril
2104 1784 2183 1811 1235.

1279 1848 1449 1881 Altonsum,
1466 1847 1562 1874 filium
1578 1845 1711 1882 [Jacobi]‚
1727 1846 1802 1880 regis
1816 1847 1997 1880 Aragonum,
2007 1848 2035 1873 et
2046 1845 2164 1880 reginae
2174 1845 2257 1874 Alio-

1246 1905 1348 1929 norae,
1365 1896 1444 1924 filiae
1466 1896 1542 1930 regis
1558 1895 1720 1928 Castellae,
1741 1904 1759 1922 a
1779 1904 1836 1929 qua
1854 1895 1996 1922 Alionora
2011 1894 2108 1921 dictus
2124 1902 2189 1927 rex,
2204 1901 2257 1928 pro

1246 1953 1277 1972 eo
1289 1945 1365 1979 quod
1379 1945 1474 1979 ipsam
1489 1944 1519 1971 in
1532 1944 1622 1978 gradu
1634 1943 1783 1979 prohibito
1797 1942 2064 1977 consanguinitatis
2079 1942 2256 1976 attingebat,

1246 2001 1297 2028 per
1320 1993 1490 2028 episcopum
1514 1992 1709 2020 Sabinensem
1735 1994 1886 2026 separatus
1909 1992 2018 2024 fuerat,
2040 1990 2203 2025 legitimat,
2228 1992 2258 2018 et

1247 2051 1313 2069 cum
1331 2050 1362 2069 eo
1384 2044 1431 2075 ut,
1449 2050 1507 2068 non
1532 2041 1666 2068 obstante
1686 2041 1741 2068 tali
1763 2041 1895 2073 defectu,
1918 2040 2073 2067 haberetur
2088 2039 2256 2074 legitimus,

1246 2091 1408 2125 dispensat.
1427 2105 1459 2109 —
1477 2090 1562 2123 (Rae.
1585 2089 1633 2122 18,
1649 2091 1668 2116 f.
1686 2089 1720 2116 16
1742 2092 1783 2121 r⁰;
1805 2097 1874 2116 ann.
1897 2089 1954 2121 IX,
1972 2097 1996 2115 e.
2011 2088 2062 2120 28;
2077 2102 2109 2106 —
2123 2087 2258 2117 MOREAU

1247 2139 1326 2172 1190,
1343 2140 1363 2166 f.
1382 2139 1450 2172 2493
1473 2140 1510 2166 cf.
1526 2139 1604 2172 ibid.⁷
1624 2140 1644 2165 f.
1659 2138 1728 2171 2463
1746 2153 1778 2157 —
1795 2138 1952 2165 Por-rnasr
1967 2137 2050 2169 9883,
2066 2135 2137 2170 falso
2152 2136 2259 2168 initio.)

1290 2253 1302 2267 «
1327 2241 1449 2270 Illustri
1473 2241 1541 2269 viro
1562 2240 1699 2277 Alfonso,
1725 2244 1797 2268 nato
1820 2239 1981 2267 karissimi
2005 2239 2040 2267 in
2062 2238 2180 2268 Christo
2198 2237 2262 2275 filii

1249 2294 1347 2323 nostri
1371 2315 1390 2322 ..
1416 2293 1596 2330 Araqonum
1626 2293 1706 2329 reyis
1734 2292 1879 2321 illustris.
1909 2290 2080 2321 Virtutum
2110 2289 2261 2320 omnium

1249 2345 1400 2376 conditor
1425 2362 1474 2374 —-.
1503 2346 1577 2375 Dat.
1609 2344 1758 2380 Perusii‚
1780 2344 1846 2374 XII
1867 2343 2027 2373 kalendas
2049 2342 2145 2377 maii,
2172 2350 2261 2372 anno

1250 2407 1346 2429 nono.
1368 2411 1381 2425 >2

1323 2582 1440 2611 2522
1816 2581 1956 2614 Ρῤ101150,
1971 2581 2004 2608 19
2019 2580 2096 2608 avril
2109 2580 2188 2607 1235.

1288 2644 1456 2677 Leodiensi,
1469 2642 1698 2670 Monasteriensi
1712 2645 1740 2669 et
1752 2642 1972 2676 Osnaburgensi
1984 2641 2128 2676 episeopis
2138 2641 2262 2668 mandat

1253 2696 1396 2728 quatenus
1412 2693 1504 2719 electo
1520 2690 1717 2725 Trajectensi,
1733 2690 1782 2724 qui
1799 2690 1835 2717 ab
1851 2690 2071 2725 archiepiscopo
2090 2689 2260 2718 Coloniensi

1252 2741 1509 2768 excommunicato
1527 2739 1690 2767 consecrari
1708 2747 1766 2766 non
1782 2739 1888 2773 possit.
1906 2747 2013 2766 munus
2032 2737 2262 2765 consecrationis

1254 2790 1439 2824 impendant.
1457 2804 1489 2808 —
1505 2789 1591 2820 (Rae.
1606 2788 1654 2821 18,
1676 2788 1696 2815 f.
1716 2787 1750 2814 16
1770 2790 1810 2820 r⁰3
1827 2796 1897 2814 ann.
1917 2788 1974 2821 IX,
1990 2796 2013 2814 0.
2029 2787 2076 2820 29;
2093 2802 2124 2805 -
2141 2787 2264 2814 Ronan-

1255 2845 1331 2865 BERG
1344 2837 1418 2869 637.)

1297 2951 1309 2964 t(
1331 2961 1347 2966 ..
1372 2938 1536 2972 Leodienst,
1557 2960 1574 2965 ..
1594 2937 1824 2966 Monosteriensi
1847 2942 1872 2965 ct
1895 2959 1911 2965 ..
1940 2937 2164 2973 Osnaburyenst'
2186 2935 2267 2973 epis-
