2519 3518
123 287 174 318 10¹
961 277 1369 316 ΝΕυνῚΕΜΕΛΑΝΝΕΕ.
2152 289 2204 318 ffl2

121 353 262 381 instituta
275 356 414 388 perpetuo
429 354 612 381 observanda
624 355 768 382 coneedit.
786 369 817 374 -
834 355 920 388 (nm.
937 354 980 386 18,
999 354 1018 380 t.
1033 352 1065 379 -14
1081 354 1125 382 v⁶;

120 410 191 429 ann.
207 402 260 435 IX,
275 411 300 429 e.
317 402 392 434 132.)

164 513 178 528 α
200 503 377 531 ..ministro
390 508 415 532 ιί
431 503 586 532 heremitis
599 503 633 532 de
645 501 813 542 Monlan[a]
825 504 931 540 Niara,
944 503 1127 532 Antiocheae

123 554 260 583 diocesis.
289 554 513 591 Quorumdam
539 563 598 585 nos
623 554 775 584 ordinum
800 572 847 583 —.
875 555 949 584 Dat.
975 554 1123 588 Perusii,

121 606 171 636 XI
188 606 346 637 kalendas
363 606 451 646 julii,
472 616 558 637 anno
575 616 672 637 nono.
694 619 707 633 »

192 788 306 817 266¹
693 790 829 823 Pe‘rouse,
845 790 879 817 ‘26
893 791 958 824 juin
974 791 1052 818 1235.

156 851 296 884 Henrieo,
311 852 378 879 duci
394 852 518 879 Silesiae
529 855 557 879 et
568 852 738 885 Cracoviae,
750 853 897 886 significat
910 861 939 880 se
952 853 1125 882 confirmare

121 899 364 933 compositionem
387 909 460 934 quae
476 901 506 927 in
523 901 670 928 discordia
686 901 762 928 inter
782 901 890 935 ipsum,
907 909 941 927 ex
956 909 1015 928 una
1031 904 1123 935 parte,

121 949 150 974 et
161 947 383 975 Wlodislawun
394 969 400 981 ,
418 949 558 976 Poloniae
571 949 675 975 ducem
686 970 692 981 ‚
710 949 803 983 ipsius
819 950 939 976 fratrem
949 970 956 981 ,
970 957 1005 976 ex
1021 950 1123 982 altera,

120 1003 208 1029 super
225 996 405 1030 possessione
425 997 508 1023 illius
531 997 623 1031 partis
646 997 786 1024 Poloniae
807 1005 880 1031 quae
900 1005 914 1022 (t
935 997 1056 1031 speciali
1072 1005 1125 1024 no-

120 1043 202 1070 mine
228 1043 338 1070 dicitur
365 1044 489 1071 Polonia
513 1052 543 1078 »‚
571 1045 728 1077 suscitata,
754 1044 954 1071 mediantibus
980 1045 1123 1076 Fuleone.

121 1090 287 1118 Gneznensi
301 1092 531 1127 archiepiscope,
547 1096 575 1120 et
588 1093 691 1125 Paulo,
706 1093 901 1120 Poznaniensi
916 1093 1060 1127 episcopo,
1077 1093 1124 1119 in-

120 1141 302 1173 tervenerat,
326 1149 383 1174 qua
405 1141 616 1175 compositione
637 1144 780 1168 statutum
806 1142 901 1168 fuerat
924 1144 957 1168 ut
979 1148 993 1166 «
1016 1140 1124 1167 fluvius

118 1187 258 1220 Wartha‚
281 1188 359 1215 inter
380 1189 458 1223 ipsos
480 1192 588 1217 terram
611 1189 764 1222 dividens,
789 1192 868 1216 meta
890 1192 965 1216 esset
984 1189 1124 1216 immuta-

119 1235 190 1263 bilis
206 1243 238 1268 »;
258 1237 366 1263 inserto
386 1237 440 1264 sub
455 1246 507 1264 sua
527 1237 609 1264 bulla
627 1238 758 1271 ejusdem
775 1237 998 1272 compositionis
1014 1238 1125 1264 instru-

118 1287 234 1316 mento,
255 1293 271 1311 a
294 1285 452 1319 praedictis
475 1285 695 1320 archiepiscopo
717 1288 746 1312 et
765 1285 900 1320 episcopo
922 1285 1000 1318 dato,
1017 1286 1125 1319 absque

118 1332 202 1366 signo
215 1333 428 1367 chronologico.
447 1348 477 1352 -
499 1334 586 1365 (Res.
603 1333 647 1366 18,
663 1334 682 1360 f.
699 1334 732 1360 44
746 1336 789 1365 v⁰;
806 1342 876 1360 ann.
894 1334 950 1366 lx,
965 1342 990 1360 c.
1007 1334 1074 1366 133;
1092 1349 1123 1353 -

118 1380 276 1408 Po‘rrffllsr
290 1380 382 1412 9948.)
822 1391 825 1393 ·

160 1495 174 1509 α
191 1483 292 1512 Nobili
308 1485 376 1512 viro
394 1483 542 1518 Ηεηνῐεο,
565 1483 637 1512 duci
657 1483 750 1511 Zlesic
772 1488 797 1512 el
814 1484 966 1513 Crat-orie.
993 1484 1040 1513 Ea
1061 1493 1124 1522 que

111 1535 239 1575 judicio
250 1553 297 1564 —.
317 1536 390 1565 Dat.
408 1535 551 1570 Perusii,
563 1536 609 1565 VI
621 1535 877 1574 kalendasjulii,
895 1545 982 1566 anno
998 1545 1096 1567 nono.
1109 1549 1122 1563 n

116 1800 119 1803 -
150 1781 257 1809 Eidem
280 1782 481 1816 supradictam
503 1782 764 1816 compositionem,
789 1782 908 1809 insertis
925 1782 1122 1815 XVlodislavi,

113 1829 256 1858 Poloniae
265 1830 360 1863 ducis,
373 1830 492 1862 litteris,
503 1830 612 1857 iterum
624 1831 788 1857 confirmat.
802 1846 834 1849 —
850 1831 936 1863 (Hm.
949 1830 992 1860 18,
1007 1832 1028 1857 f.
1040 1831 1074 1858 45
1085 1834 1122 1863 r⁹;

115 1886 187 1906 ann.
202 1878 255 1911 IX,
272 1887 297 1905 c.
311 1879 380 1911 134;
395 1893 427 1897 -
443 1879 600 1906 Porrfflisr
615 1878 707 1910 9949.)

690 1720 828 1752 Percuse,
844 1719 878 1746 26
890 1720 956 1754 juin
972 1720 1050 1748 1235.

159 1991 173 2005 «
191 1979 307 2008 Eidem.
321 1979 367 2008 Ea
381 1988 444 2017 que
459 1979 586 2018 judicio
598 1997 647 2008 —.
663 1980 736 2009 Dat.
752 1979 895 2014 Perusii,
907 1980 952 2010 vl
963 1979 1122 2010 kalendas

109 2030 199 2069 julii,
218 2039 305 2061 anno
323 2039 419 2061 nono.
440 2043 452 2057 »

185 2212 325 2248 [ecca]

151 2274 313 2310 [Praedieti
330 2284 398 2303 vero
413 2276 596 2303 Wlodistavi
610 2276 694 2303 ducis
712 2276 929 2303 intrumentum
950 2277 992 2304 sic
1014 2277 1121 2312 incipit

114 2325 143 2351 et
157 2324 267 2351 desinit
284 2322 303 2359 z]

739 2215 774 2242 22
789 2215 955 2249 septembre
970 2216 1048 2242 1234.

155 2436 169 2450 α
188 2424 225 2453 In
245 2423 378 2453 nomine
394 2424 539 2453 Domini.
564 2425 681 2454 Amen.
705 2425 773 2462 Ego
795 2424 1037 2455 Wlodislavus.
1060 2426 1121 2455 Dei

113 2476 219 2514 gratia
242 2476 378 2506 Polonie
401 2476 479 2508 dux,
504 2481 617 2507 notum
642 2477 728 2506 facio
750 2477 918 2507 universis
933 2495 982 2506 —.
1002 2479 1120 2507 Actum

113 2536 201 2558 anno
231 2528 334 2565 gratie
363 2528 671 2563 M0CC0xxxnn0,
699 2529 733 2558 in
763 2529 815 2558 die
848 2529 936 2559 beati
967 2530 1120 2559 Mauricii

114 2580 345 2618 sociorumque
385 2581 467 2619 ejus,
506 2581 717 2619 presentibus
753 2581 908 2611 omnihus
939 2581 1120 2612 baronibus

116 2632 288 2668 Gracovie,
306 2633 424 2668 Zlesie,
443 2633 578 2663 Polonie
598 2637 629 2663 et
645 2633 843 2663 Sudomirie.
865 2646 878 2659 »

183 2815 303 2844 2684

150 2878 416 2913 Archiepiscopum
435 2879 611 2905 Remensem
632 2879 752 2913 ejusque
767 2878 963 2912 suffraganeos
980 2882 1078 2906 monet
1093 2882 1122 2906 et

114 2927 250 2954 hortatur
265 2930 409 2961 quatenus
424 2928 546 2962 populos
561 2927 618 2955 sibi
634 2928 805 2954 commissos
822 2927 964 2954 inducant
980 2930 1011 2954 ut
1030 2927 1121 2961 quili—

695 2818 831 2849 Perouse,
845 2817 879 2843 ‘28
891 2817 956 2851 juin
970 2817 1048 2844 1235.

1210 349 1267 383 bet,
1285 353 1344 377 tam
1362 353 1509 379 masculus
1524 361 1610 387 quam
1634 353 1758 386 femina,
1778 356 1837 380 tam
1854 353 1977 381 clericus
1997 363 2084 388 quam
2102 355 2204 388 laicus,

1208 401 1267 424 tam
1285 398 1419 426 subditus
1439 409 1525 434 quam
1543 402 1700 435 praelatus,
1720 401 1851 435 qualibet
1866 402 2032 436 septimana
2047 411 2138 430 unum
2154 404 2206 430 de-

1208 446 1323 473 narium
1345 455 1395 481 pro
1415 448 1525 475 militia
1544 449 1649 476 Terrae
1668 449 1794 476 Sanctae
1809 450 1954 481 conferat:
1971 450 2006 477 ad
2028 451 2102 485 quod
2123 459 2206 478 exse-

1207 495 1354 528 quendum
1378 497 1546 524 collectores
1570 498 1670 524 cleriei
1695 501 1723 524 et
1746 498 1814 525 laici
1838 502 2043 530 assumantur:
2070 500 2206 527 noverint

1205 543 1342 570 omnibus
1353 544 1402 578 qui
1414 545 1629 579 eleemosynam
1644 546 1673 572 in
1685 554 1755 580 opus
1768 549 1826 573 tam
1840 547 1921 580 pium
1933 548 2122 577 contulerint.
2134 548 2206 574 duos

1206 598 1297 617 annos
1310 591 1396 618 annis
1407 592 1532 625 singulis
1548 593 1583 619 de
1599 593 1732 627 injuncta
1744 594 1798 620 sibi
1812 594 1993 628 paenitentia
2008 595 2045 621 ab
2058 595 2120 629 ipso
2131 604 2206 630 papa

1207 638 1343 665 relaxari.
1365 653 1396 657 —
1420 640 1566 678 (Remis,
1586 641 1604 667 f.
1623 641 1655 667 Δ15
1671 644 1716 673 v·;
1733 650 1802 667 ann.
1821 642 1872 673 IX,
1889 651 1914 668 e.
1932 642 1998 674 135;
2019 657 2050 661 —
2074 642 2205 671 Moneau

1206 686 1285 719 1190,
1301 688 1320 714 f.
1334 688 1384 719 77;
1400 703 1431 706 —
1448 689 1604 716 Porrmsr
1615 689 1700 721 9951:
1718 704 1748 708 —
1767 691 1946 717 Rom-:sueno
1962 691 2036 722 6116.)

1248 812 1260 826 «
1281 823 1300 828 ..
1317 802 1541 839 archiepiscopo
1552 803 1688 831 [femensi
1703 805 1939 841 etsuffragmneis
1953 807 2027 834 suis.
2046 806 2205 836 Exeamus
2234 816 2236 818 ’

1207 852 1246 881 ad
1261 852 1398 882 Jhesum
1411 871 1457 882 —.
1477 855 1549 884 Non
1565 860 1613 884 est
1630 856 1761 894 quidem
1780 865 1898 886 novum
1915 858 2001 896 quod
2016 859 2115 888 Terra
2131 859 2204 888 illa¹

1202 904 1327 942 judicio
1343 905 1455 935 divino
1474 907 1674 944 percutitur,
1693 908 1749 937 scd
1771 917 1829 938 nec
1845 914 1893 938 est
1909 910 2078 939 insolitum
2098 916 2131 940 ut
2149 912 2207 940 tla-

1207 956 1326 993 gellata
1342 961 1372 986 et
1386 958 1545 995 castigata
1559 964 1710 993 sanetum
1727 969 1800 989 nam
1815 966 1939 999 poterat
1956 971 2026 991 eam
2046 964 2206 992 Dominus

1206 1009 1275 1038 sola
1298 1009 1466 1040 voluntate
1487 1020 1630 1042 servare.
1651 1013 1708 1041 sed
1731 1014 1869 1043 forsitan
1894 1014 1995 1044 voluit
2012 1016 2152 1053 experiri
2176 1022 2204 1046 et

1206 1061 1240 1090 in
1264 1062 1414 1092 notitiam
1440 1062 1558 1093 ducere
1585 1064 1740 1099 aliorum,
1768 1066 1795 1095 si
1821 1067 1895 1104 quis
1922 1071 2110 1102 [aligeretur
2135 1070 2205 1107 ejus

1205 1114 1329 1152 injuria
1345 1119 1375 1143 et
1399 1115 1439 1144 ad
1456 1115 1561 1153 ipsam
1577 1116 1798 1147 ulciscendam
1816 1128 1850 1147 se
1867 1118 1987 1157 aliquis
2006 1126 2201 1158 prepararet.

1207 1166 1296 1195 Licet
1319 1171 1428 1196 autem
1453 1168 1493 1197 ad
1517 1169 1799 1206 recuperationem
1825 1171 1929 1208 ipsius
1955 1176 2039 1201 terre
2067 1173 2204 1203 multum

1206 1218 1405 1248 laboraverit
1424 1219 1584 1251 hactenus
1605 1222 1743 1259 populus
1760 1222 1988 1254 Christianus:
2013 1225 2087 1254 lico-t
2112 1226 2204 1256 multi

1206 1271 1373 1309 principes
1400 1272 1586 1303 orthodoxi.
1615 1279 1783 1312 assumpto
1812 1276 1919 1305 crucis
1951 1277 2138 1313 signaculo,
2172 1284 2205 1307 ut

1207 1323 1423 1353 hereditatem
1444 1325 1577 1354 Domini
1599 1326 1636 1355 tle
1658 1327 1809 1357 manibus
1831 1334 1982 1358 eru-:rent
2005 1330 2203 1368 inmuta-um.

1207 1375 1247 1404 ad
1269 1380 1377 1413 partes
1403 1378 1689 1408 transfretana-int
1717 1381 1972 1410 transumi-inas:
1998 1381 2070 1411 lio-t
2091 1393 2207 1421 quaut-

1207 1427 1327 1465 plures,
1346 1437 1428 1466 quos
1446 1429 1480 1458 in
1499 1429 1610 1459 hostes
1627 1431 1715 1461 zelus
1729 1432 1839 1462 ‹livint¹
1857 1432 1938 1469 legis
1958 1440 2151 1464 armaverat.
2171 1436 2205 1464 in

1206 1480 1360 1509 manibus
1377 1481 1488 1510 traditi
1509 1484 1778 1527 persequentium
1801 1485 1906 1515 adhuc
1929 1486 2065 1516 forsitan
2090 1488 2207 1517 ferreis

1206 1532 1418 1562 detineantur
1433 1535 1645 1572 compedibus
1662 1541 1691 1565 et
1709 1537 1872 1575 squallore
1887 1539 2026 1569 carceris
2045 1550 2208 1570 maceren-

1207 1589 1274 1619 tur;
1295 1585 1371 1615 licet
1390 1595 1453 1615 non
1473 1587 1584 1624 pauci,
1604 1588 1745 1619 faciente
1762 1598 1834 1618 cum
1857 1590 1904 1619 cis
1921 1592 2059 1620 Domino
2076 1593 2206 1629 siguum

1205 1637 1241 1666 in
1264 1637 1397 1669 honum,
1422 1638 1557 1668 calicem
1583 1641 1787 1677 gustaverint
1810 1643 1975 1679 passionis
1999 1649 2026 1672 ct
2049 1647 2208 1683 martyrio

1205 1691 1330 1720 fuerint
1353 1692 1499 1721 coronati
1524 1702 1530 1720 :
1556 1693 1699 1722 nondum
1723 1698 1847 1724 tamen.
1873 1696 2079 1733 exigentibus
2103 1698 2207 1736 culpis

1205 1743 1316 1782 populi
1334 1743 1534 1779 Christiani,
1554 1749 1641 1775 tante
1658 1746 1759 1775 votuit
1782 1748 1941 1777 Dominus
1959 1750 2090 1779 miserie
2109 1751 2207 1779 inise-

1206 1796 1288 1831 reri,
1313 1796 1369 1825 illo
1395 1797 1492 1826 dante
1515 1798 1626 1827 forsan
1646 1799 1851 1829 occasionem
1870 1800 1919 1830 vel
1941 1810 2084 1832 causam.
2109 1804 2205 1841 quod.

1205 1849 1268 1878 etsi
1288 1849 1329 1878 ad
1344 1853 1472 1887 tempus
1493 1850 1579 1879 circa
1597 1850 1657 1880 hoc
1677 1851 1836 1881 ferbuerit
1857 1853 1985 1883 devotio
2005 1854 2204 1885 Christiana.

1204 1902 1239 1930 in
1256 1906 1400 1940 tempore
1419 1907 1526 1933 tamen
1545 1904 1649 1941 tepuit
1667 1904 1775 1934 fervor
1791 1906 1878 1943 cnjus,
1900 1911 1929 1936 et
1949 1907 1995 1936 sic
2018 1916 2080 1936 uon
2102 1910 2207 1938 conti-

1205 1954 1316 1984 nuatis
1349 1955 1505 1992 presidiis
1537 1955 1701 1985 defectum
1732 1966 1828 1995 passa
1858 1963 1905 1987 est
1935 1960 2078 1995 graviter
2109 1970 2206 1990 causa

1203 2005 1340 2036 Christi.
1358 2007 1441 2037 Cum
1456 2007 1558 2043 igitur
1572 2012 1684 2045 treuge
1697 2018 1770 2038 cum
1783 2010 1974 2040 Sari-ataenis
1987 2012 2068 2041 inite
2081 2013 2206 2043 modico

1203 2059 1270 2089 sint
1295 2063 1439 2097 tempore
1467 2060 1640 2095 durature,
1666 2070 1706 2091 ne
1731 2062 1770 2096 si,
1798 2063 1882 2101 quod
1908 2063 2010 2094 absit.
2038 2065 2207 2096 invenitur

1202 2111 1393 2142 Christiana
1409 2113 1570 2150 professio
1590 2113 1760 2151 imparata.
1782 2116 1960 2145 verendum
1980 2118 2021 2146 sit
2040 2118 2125 2156 quod
2141 2128 2205 2153 non

1203 2164 1311 2194 solum
1334 2165 1478 2194 difficilis
1503 2169 1589 2195 terre
1611 2168 1816 2205 recuperatio
1837 2168 1904 2206 jam
1931 2170 2069 2204 amisse,
2094 2180 2206 2201 verum

1204 2217 1536 2255 etiam-desperabilis
1552 2219 1691 2247 retentio
1709 2219 1749 2248 sit
1765 2224 1890 2249 retente
1909 2230 1915 2249 z
1933 2221 2102 2259 cupientes
2119 2224 2206 2252 acics

1204 2269 1386 2299 dominicas
1403 2270 1589 2300 instaurare
1602 2280 1637 2300 ac
1650 2280 1707 2309 per
1718 2272 1907 2302 continuata
1920 2274 2062 2311 presidia
2081 2275 2205 2305 Christi

1202 2322 1335 2359 negotio
1350 2322 1526 2359 provideri,
1541 2323 1578 2352 de
1596 2323 1734 2353 fratrum
1752 2329 1936 2354 nostrorum
1950 2326 2099 2356 consilio.
2117 2328 2206 2356 mili-

1202 2374 1282 2403 tiam
1296 2374 1520 2404 Christianam
1535 2375 1567 2403 in
1586 2375 1734 2413 partibus
1749 2377 1991 2407 transmarinis.
2008 2388 2070 2416 que
2083 2379 2206 2417 jugiter

1202 2430 1315 2455 contra
1332 2425 1442 2455 hostes
1460 2426 1534 2455 fidei
1550 2427 1696 2465 prelium'
1707 2428 1837 2457 Domini
1856 2429 2023 2466 prelietur.
2039 2430 2077 2459 ad
2095 2431 2204 2460 minus

1202 2487 1307 2517 usque
1331 2479 1371 2508 ad
1395 2479 1506 2509 decem
1528 2489 1632 2509 anuos
1663 2481 1863 2518 providimus
1890 2482 2136 2513 instruendam.
2166 2484 2204 2512 ὼ·

1203 2531 1350 2561 fidelium
1372 2531 1562 2561 elemosinis
1586 2533 1771 2561 subsidium
1794 2534 1986 2563 continuum
2005 2535 2202 2564 habituram.

1203 2584 1247 2614 Ut
1261 2589 1370 2614 autem
1388 2585 1699 2623 t‘piodintendimus.
1716 2585 1877 2615 111⁴.·lit1sot
1894 2586 2058 2616 efficat-ius
2073 2587 2203 2625 implea-

1202 2640 1266 2672 tur,
1280 2637 1426 2675 exemplo
1437 2637 1595 2675 Apostoli.
1606 2639 1660 2675 qui
1675 2637 1826 2666 collectas
1840 2638 1978 2667 faciebat
1991 2639 2023 2667 in
2038 2639 2200 2675 gentibus.

1203 2694 1237 2719 ut
1254 2690 1397 2719 mitteret
1416 2690 1489 2719 illas
1508 2690 1664 2719 fratribus·
1685 2690 1857 2725 egentibus
1880 2691 1912 2719 in
1936 2691 2135 2720 Jerusalem.
2156 2692 2201 2720 sic

1202 2751 1301 2780 super
1316 2742 1375 2771 hoc
1388 2743 1540 2771 duximus
1553 2742 1798 2779 prm-itisnduru,
1818 2746 1850 2770 ut
1868 2742 2004 2780 quilibet
2023 2743 2077 2781 qui
2091 2743 2200 2773 Chris-

1204 2794 1294 2824 tiana
1308 2795 1512 2832 professione
1524 2799 1686 2829 censetur,
1702 2799 1765 2823 tam
1778 2793 1943 2823 masculus
1957 2804 2053 2832 quam
2067 2795 2200 2824 semina.

1236 2931 1256 2956 l.
1274 2932 1357 2956 Terra
1373 2932 1481 2956 Sancta.
