2423 3487
115 315 170 343 .-,.·1.-,
833 298 1070 330 REGISTRES
1093 297 1147 326 DE
1170 288 1392 325 GREGomE
1417 297 1474 325 lx.
2147 294 2203 324 535

116 383 302 415 occidendo.
324 379 418 409 I'ndc
436 385 503 406 nos,
521 374 726 404 intermontes
741 372 826 410 quod
842 372 963 400 dictum
981 376 1113 398 monas-

119 438 234 467 terium
253 435 285 462 in
304 432 417 461 ordine
445 439 503 458 suo
527 438 587 456 nun
607 430 729 464 poterat
754 423 941 454 reformari.
958 421 1114 460 jamdicto

117 487 361 524 arcl1iepiscopu
379 484 494 512 iterato
513 479 740 508 mandavimus
764 481 795 505 ut
814 476 894 504 illud
912 475 945 503 in
963 483 999 503 eo
1017 481 1113 511 quem

117 540 265 577 expedire
279 537 413 565 videret,
433 534 636 562 reformaret.
653 530 818 562 Ceterum,
835 537 907 557 cum
922 526 999 555 dicti
1014 525 1114 554 abbas

117 598 144 623 et
163 594 354 621 ccuiventus.
372 587 553 615 innitentes
570 581 780 620 1111110113110111
800 580 970 617 premisse.
990 578 1029 607 ad
1046 578 1116 606 Hu-

116 654 230 681 gonem
251 643 371 670 dictum
392 640 555 668 Mussum.
575 635 769 664 canonicum
787 632 1040 662 Nm'ariensem.
1060 638 1116 658 su-

117 707 172 736 per
189 697 259 734 ipsa
276 698 404 723 nostras
427 691 554 719 litteras
576 689 824 725 impetrassent,
849 684 1001 721 idemque
1021 691 1060 711 ne
1081 681 1115 709 in

117 749 257 787 negotio,
273 748 363 786 juxta
382 742 526 773 mandati
545 740 647 770 nostri
665 744 821 769 tenorem.
843 735 1042 774 procederet,
1065 743 1117 763 ar-

116 802 322 840 chiepiscopo
347 796 549 826 inhibuisset
571 793 692 825 eidem,
710 793 911 820 memoratus
935 787 1117 825 archiepis-

116 864 225 893 copus.
243 850 442 881 inhibitione
463 845 652 885 hujusmodi
669 843 786 873 frivola
804 845 970 879 reputata,
988 839 1117 878 predic-

118 914 184 937 tum
207 902 441 935 monasterium
466 899 594 929 dilectis
616 897 694 926 filiis
714 919 732 925 ..
758 895 867 925 31111311
889 898 919 924 et
941 891 1117 922 conventui

116 955 434 991 Clarevallensibus,
459 950 692 983 Cisterciensis
712 948 854 981 ordinis,
881 946 1058 981 concessit,
1080 945 1117 974 de

117 1014 262 1051 ipsorum
285 1008 399 1038 ordine
427 1003 690 1035 reformandum,
720 1002 754 1030 111
779 999 1119 1038 recompensationem

116 1071 253 1093 0110111111
272 1061 304 1090 111
323 1059 443 1098 quibus
463 1056 700 1086 monasterium
717 1054 826 1092 ipsum
845 1053 909 1082 sibi
930 1056 961 1082 et
980 1051 1118 1081 ecclesie

118 1113 357 1147 Mediolanensi
389 1111 577 1141 tenebatur,
607 1107 746 1146 quadam
778 1107 816 1136 de
850 1104 1118 1144 possessionibus

117 1169 188 1208 ejus
204 1166 351 1206 portione
369 1162 609 1201 retentajuxta
625 1159 877 1198 dispositionem
893 1157 1004 1187 dilecti
1021 1156 1115 1186 filii..

118 1221 237 1260 prioris
250 1218 361 1250 Sancti
374 1215 552 1252 Eustorgii,
566 1213 692 1244 ordinis
706 1213 845 1241 fratrum
858 1210 1118 1244 Predicatorum,

117 1271 388 1305 Mediolanensis,
406 1269 458 1299 cui
476 1277 573 1306 super
590 1267 650 1296 hoc
667 1265 844 1295 direximus
858 1264 979 1302 scripta
996 1267 1116 1292 nostra.

118 1327 225 1363 Quare
245 1324 309 1354 fuit
325 1332 361 1353 ex
378 1326 469 1360 parte
486 1321 631 1358 ipsorum
649 1318 777 1348 abbatis
794 1321 825 1347 et
847 1320 1029 1347 conventus
1045 1315 1121 1346 Cla-

118 1377 353 1409 revallensium
377 1374 471 1404 nobis
489 1372 661 1402 humiliter
685 1370 905 1409 supplicatum
926 1373 962 1399 ut
987 1377 1121 1398 conces-

120 1432 246 1462 sionem
264 1428 451 1468 hujusmodi
469 1425 646 1464 apostolico
663 1432 855 1454 curaremus
871 1422 1056 1452 munimine
1073 1430 1121 1451 ro-

120 1486 245 1515 borare.
262 1482 422 1519 Quocirca
438 1480 632 1510 mandamus
645 1482 819 1516 quatenus,
836 1485 900 1506 non
913 1475 1121 1505 obstantibus

119 1538 241 1568 litteris
258 1537 297 1567 ad
313 1535 452 1565 eundem
469 1532 665 1563 canonicum
684 1540 701 1560 a
715 1530 798 1560 Sede
814 1529 1001 1567 Apostolica
1018 1528 1123 1566 impe-

121 1590 215 1621 tratis
232 1594 262 1619 et
278 1596 431 1627 processu
448 1585 561 1615 habito
581 1593 638 1622 per
656 1583 798 1617 easdem,
819 1582 905 1621 quod
924 1581 963 1611 ab
981 1581 1051 1619 ipso
1070 1589 1122 1610 ar-

121 1643 329 1681 chiepiscopo
346 1639 478 1679 provide
494 1639 617 1668 factum
632 1641 680 1667 est
699 1637 732 1665 111
752 1636 813 1665 1130
826 1640 928 1674 parte,
947 1635 1050 1664 facias
1066 1643 1123 1672 per

122 1704 295 1727 censuram
309 1691 578 1725 ecclesiasticam,
596 1689 814 1727 appellatione
832 1692 966 1722 remota,
985 1687 1124 1716 firmiter

121 1748 302 1782 observari,
321 1745 488 1776 nominato
511 1742 668 1773 canonico
690 1751 729 1772 ne
752 1741 904 1775 ulterius,
930 1740 1124 1770 auctoritate

121 1802 306 1831 litterarum
324 1799 480 1837 ipsarum,
501 1796 653 1835 procedat
672 1795 706 1824 in
725 1795 796 1833 ipso
816 1794 962 1832 negotio,
984 1792 1125 1823 nichilo-

123 1855 234 1884 minus
255 1851 448 1882 inhibcndo.
470 1851 542 1879 Dat.
568 1850 772 1882 lateranum,
796 1848 879 1877 XIII
900 1846 1059 1876 kalendas
1076 1846 1125 1876 fe-

123 1906 258 1941 bruarii,
278 1914 363 1935 anno
378 1903 515 1933 decimo.
535 1915 547 1928 >›

193 2065 250 2092 34
256 2064 310 2091 «14

161 2125 389 2159 Archiepiscopo
405 2123 556 2155 Januensi,
573 2122 672 2150 abbati
688 2122 791 2149 Sancti
809 2121 953 2155 Stephani
970 2121 1126 2149 Januensis

125 2178 153 2202 et
181 2174 264 2201 fratri
287 2173 414 2206 Algisio,
441 2172 530 2205 priori
556 2172 680 2198 fratrum
708 2170 948 2197 Praedicatorum
973 2170 1125 2203 Januensi,

686 2060 786 2091 Terni,
800 2060 832 2086 21
847 2059 964 2093 janvier
974 2059 1053 2086 1237.

127 2223 249 2251 mandat
260 2224 413 2256 quatenus,
423 2236 453 2239 —
464 2229 529 2247 cum
542 2221 604 2254 ipse
617 2219 773 2247 Januensis
787 2219 1035 2253 archiepiscopus,
1047 2222 1128 2247 motu

128 2271 261 2306 propriae
276 2269 449 2301 voluntatis,
460 2277 525 2294 cum
540 2268 747 2294 archidiacono
759 2267 899 2295 Januensi
912 2270 940 2294 et
952 2267 1127 2301 quibusdam

127 2320 206 2351 aliis,
221 2319 256 2346 ad
271 2317 480 2344 monasterium
498 2316 599 2343 Sancti
615 2316 751 2342 Andreae
767 2316 802 2342 de
818 2316 907 2342 Porta.
921 2316 1073 2349 Januensi,
1086 2324 1129 2343 or-

127 2368 207 2396 dinis
221 2366 315 2394 sancti
330 2365 496 2397 Benedicti,
509 2364 683 2395 accedendo,
698 2364 728 2390 in
745 2363 910 2390 abbatissae
923 2366 952 2391 et
967 2366 1128 2391 conventus

127 2416 258 2451 ejusdem
276 2413 446 2442 monasterii
461 2413 604 2445 absentia,
622 2412 693 2446 ipsis
710 2412 923 2446 ignorantibus,
939 2415 1038 2439 contra
1051 2413 1129 2447 ipsas

128 2463 348 2499 inquisivisset,
372 2464 400 2489 ct
427 2462 537 2488 eisdem
556 2460 794 2495 supplicantibus
815 2460 986 2494 denegasset
1008 2461 1130 2488 nomina

128 2513 248 2541 testium
265 2514 294 2538 et
313 2511 444 2545 capitula
464 2517 550 2543 super
571 2509 676 2543 quibus
693 2511 794 2535 contra
814 2508 891 2542 ipsas
905 2509 1019 2535 eosdem
1042 2511 1130 2536 testes

128 2562 286 2596 receperat,
299 2559 473 2593 exprimere,
487 2573 518 2576 —
530 2560 664 2584 revocato
680 2557 755 2591 quod
772 2557 861 2583 fuerit
878 2559 941 2591 post
955 2558 1130 2591 appellatio-

129 2619 195 2637 nem
217 2617 316 2636 earum
337 2609 532 2639 attentatum,
550 2607 663 2633 dietum
681 2605 892 2632 monasterium
910 2605 1048 2639 visitent,
1068 2615 1131 2633 cor-

129 2659 256 2693 rigentes
279 2659 307 2683 et
330 2657 523 2683 reformantes
544 2655 574 2681 in
598 2663 629 2681 eo
650 2654 822 2687 corrigenda
837 2657 865 2680 et
884 2655 1080 2681 reformanda.
1099 2670 1129 2673 —

127 2708 214 2739 (Risu.
231 2706 275 2738 18,
291 2706 310 2732 f.
325 2704 377 2731 219
391 2707 428 2736 r⁰;
443 2712 513 2730 ann.
529 2703 568 2736 X,
584 2703 699 2734 (1.314.)

170 2814 181 2827 (ι
201 2824 219 2829 ..
235 2800 468 2836 archiepiscopo,
488 2821 508 2826 ..
526 2798 627 2826 abbaci
642 2798 749 2826 Sancti
765 2797 913 2833 Stephani
929 2801 954 2825 ct
969 2798 1064 2832 srulri
1080 2798 1132 2826 Al-

128 2855 216 2891 yisio.
234 2853 336 2889 priori
353 2851 471 2879 ordinis
489 2852 625 2885 fratrum
643 2849 872 2878 Predicatorum
889 2850 1130 2886 Januensfflbus}

130 2907 196 2936 Sua
213 2904 307 2933 nobis
326 2927 343 2932 ..
363 2902 531 2931 abbatissa
548 2919 595 2930 —.
618 2903 691 2931 Dat.
711 2902 915 2935 Interamne,
935 2901 1000 2930 XII
1017 2901 1132 2931 kalen-

131 2959 187 2987 das
204 2955 375 2990 februarii,
393 2954 603 2992 pontificatus
622 2954 725 2983 nostri
745 2962 830 2983 anno
847 2953 984 2983 decimo.
1004 2966 1016 2979 11

1267 363 1385 390 3445

1232 425 1306 452 Cum
1325 425 1461 457 Roberto,
1479 423 1598 458 [comite
1616 421 1833 457 Atrebatensi],
1850 423 2017 457 dispensat,
2034 423 2203 457 petentibus

1197 472 1380 508 [Ludovim],
1398 474 1577 499 Francorum
1595 481 1670 506 rege,
1685 472 1748 505 ejus
1762 472 1862 504 fratre,
1875 474 1903 498 et
1919 470 2087 506 [Blancha],
2104 480 2203 499 eorum

1198 524 1301 554 matre,
1318 521 1419 554 regina
1436 521 1631 552 Francorum,
1646 523 1679 547 ut
1694 520 1874 553 Mattildim,
1890 523 1989 547 natam
2006 519 2140 554 [Henrici
2155 519 2202 555 II]‚

1197 570 1280 596 ducis
1307 569 1517 603 Lothoringiae
1544 572 1572 595 01
1602 568 1796 600 Brabantiae,
1821 577 1877 595 nou
1905 568 2040 595 obstante
2070 569 2145 602 quod
2173 569 2203 595 in

1198 621 1301 651 quarta
1320 617 1588 651 consanguinitatis
1612 617 1691 644 linea
1709 617 1803 644 eidem
1821 617 1948 644 attinere
1966 617 2130 650 dicebatur,
2147 617 2204 644 sibi

1198 667 1460 693 matrimonialiter
1471 667 1607 700 copulare
1616 667 1725 693 valeat.
1739 666 1921 699 —(R1;c,.18‚
1935 667 1954 693 f.
1969 666 2021 693 219
2032 670 2069 699 r⁰;
2083 675 2152 693 ann.
2162 666 2202 699 X,

1197 724 1222 742 c.
1240 716 1315 747 315.)

1758 361 1858 393 Terni,
1874 361 1908 387 19
1920 361 2037 394 111111101-
2052 360 2131 387 1237.

1241 829 1253 842 κ
1276 816 1376 845 Nobili
1398 817 1465 844 viro
1486 816 1619 850 Roberlo,
1643 817 1740 852 fratri
1764 816 1925 845 karissimi
1950 817 1982 845 in
2006 815 2124 845 Christo
2145 816 2207 853 filii

1198 870 1297 898 nostri
1313 893 1331 897 ..
1352 870 1430 905 ressis
1447 869 1636 897 Francorum
1657 870 1799 898 illustris.
1818 870 1923 907 Super
1938 877 2095 898 concessa
2112 868 2207 899 nobis

1200 939 1247 950 -ψ,
1273 922 1345 951 Dat.
1374 922 1581 956 Interamne,
1606 921 1709 951 XIIII
1731 921 1891 951 kalendas
1913 921 2090 956 februarii,
2121 929 2207 951 anno

1200 974 1336 1004 decimo.
1359 986 1371 1000 »

1271 1146 1389 1174 3446

1237 1209 1456 1246 [Ludovicum],
1467 1219 1563 1245 regem
1576 1211 1768 1242 Francorum,
1780 1210 1815 1237 de
1826 1209 1978 1244 praedicta
1989 1209 2210 1244 dispensatione

1202 1260 1355 1287 certiorem
1381 1260 1463 1293 facit,
1490 1262 1522 1287 ut
1541 1259 1618 1287 orbis
1639 1261 1784 1286 terrarum
1806 1258 1956 1292 intelligat
1978 1258 2054 1292 quod
2077 1258 2210 1286 Ecclesia

1203 1310 1338 1336 Romana
1364 1317 1519 1344 personam
1547 1309 1609 1343 ejus
1636 1307 1780 1342 singulari
1810 1307 1976 1334 devotionis
2006 1307 2210 1341 praerogativa

1202 1358 1420 1393 complectitur.
1438 1373 1469 1376 —
1485 1358 1571 1390 (Rm.
1586 1357 1630 1391 18,
1645 1358 1665 1384 f.
1682 1356 1734 1384 219
1747 1359 1791 1389 v⁰;
1807 1365 1876 1383 ann.
1894 1356 1933 1389 X,
1951 1364 1975 1382 c.
1994 1355 2069 1387 316.)

1759 1145 1860 1178 Το1111,
1875 1145 1909 1172 19
1922 1145 2039 1179 J'anvier
2054 1145 2134 1172 1237.

1245 1473 1257 1486 «
1279 1483 1299 1489 ..
1319 1461 1438 1489 illustri
1455 1460 1521 1497 regii
1540 1460 1742 1488 Francorum.
1758 1459 1820 1488 Pre
1836 1457 1956 1488 ceteris
1973 1461 2058 1487 terre
2074 1475 2122 1486 —.
2135 1458 2210 1487 Dat.

1202 1518 1238 1544 ut
1255 1523 1365 1552 supra.
1386 1526 1398 1539 »

1276 1685 1392 1713 344⁸?
1763 1684 1863 1717 Tel-ni,
1880 1684 1914 1711 19
1929 1684 2046 1718 janvier
2060 1683 2140 1710 1237.

1242 1745 1425 1782 [Blanchae]
1437 1768 1443 1780 ,
1478 1746 1596 1780 reginae
1630 1746 1828 1779 Francorum,
1856 1745 1997 1773 similiter
2030 1745 2144 1773 scribit.
2180 1759 2212 1763 —

1206 1796 1352 1830 (Rao.18,
1370 1796 1389 1822 f.
1406 1795 1458 1822 219
1472 1798 1515 1827 v⁰;
1530 1803 1599 1822 ann.
1617 1795 1656 1827 X,
1671 1803 1696 1821 c.
1713 1794 1787 1826 317.)

1249 1910 1261 1923 «
1282 1920 1302 1926 ..
1324 1897 1444 1926 illustri
1459 1897 1563 1933 regine
1581 1896 1718 1925 Francie.
1740 1896 1802 1925 Pre
1824 1895 1943 1925 ceteris
1965 1899 2050 1924 terre
2069 1911 2118 1923 —.
2138 1895 2212 1924 Dat.

1206 1954 1243 1980 ut
1260 1959 1368 1988 supra.
1392 1962 1403 1975 n

1280 2122 1398 2150 3448
1769 2119 1869 2152 Το1111,
1884 2119 1918 2146 19
1933 2118 2049 2153 janvier
2064 2118 2144 2145 1237.

1245 2184 1384 2212 Nobilem
1410 2183 1509 2210 virum
1532 2182 1779 2216 Constantinum,
1805 2181 1961 2208 dominum
1991 2181 2026 2207 de
2050 2180 2217 2208 Lambrono

1210 2235 1252 2265 (=
1267 2233 1415 2260 Nimroun
1437 2232 1468 2259 in
1492 2231 1623 2264 Cilicia),
1642 2231 1707 2265 qui,
1728 2230 1899 2257 desiderans
1921 2229 2109 2264 Apostolicae
2130 2229 2216 2257 Sedis

1210 2282 1343 2309 obtinere
1359 2280 1552 2315 praesidium,
1566 2280 1602 2307 ad
1616 2280 1711 2314 ipsam
1724 2279 1760 2305 de
1772 2279 1934 2306 Armeniae
1947 2278 2080 2313 partibus
2093 2278 2218 2305 duxerat

1211 2330 1433 2362 recurrendum,
1446 2337 1500 2356 nec
1513 2337 1570 2355 non
1585 2330 1613 2355 et
1627 2330 1736 2355 terram
1750 2328 1824 2361 ejus,
1837 2335 1903 2354 cum
1916 2327 2009 2361 ipsius
2022 2335 2122 2359 uxore,
2135 2326 2216 2360 filiis,

1212 2379 1329 2406 familia
1345 2382 1373 2406 et
1388 2378 1526 2406 omnibus
1542 2377 1637 2411 bonis,
1654 2377 1708 2404 sub
1723 2377 1801 2404 beati
1818 2376 1901 2403 Petri
1921 2378 1949 2403 et
1967 2384 2019 2403 sua
2036 2375 2218 2410 protectione

1211 2428 1346 2462 suscipit,
1361 2427 1501 2454 inhibens
1516 2435 1552 2453 ne
1566 2426 1631 2460 quis
1648 2426 1757 2460 ipsum,
1772 2425 1803 2452 in
1820 2425 1976 2452 devotione
1991 2424 2142 2452 Ecclesiae
2155 2432 2218 2459 per-

1211 2477 1377 2510 sistentem,
1392 2478 1503 2503 temere
1519 2476 1675 2502 molestare
1690 2476 1871 2509 praesumat,
1887 2474 1951 2508 jure
1966 2473 2042 2507 regis
2057 2473 2218 2501 Armeniae

1211 2534 1326 2560 semper
1342 2526 1434 2552 salvo.
1452 2540 1483 2543 —-
1500 2525 1587 2557 (Bm.
1605 2523 1653 2556 18,
1668 2524 1688 2550 f.
1708 2523 1760 2550 219
1773 2526 1821 2555 v⁰;
1844 2531 1913 2549 ann.
1933 2522 1972 2555 X,
1992 2530 2017 2549 c.
2037 2521 2103 2554 318;
2126 2536 2158 2540 —
2178 2522 2216 2549 of.

1213 2575 1370 2602 Pommsr
1385 2573 1520 2604 1029022)

1255 2687 1267 2701 «
1291 2675 1391 2703 Nobili
1413 2675 1481 2703 viro
1506 2674 1717 2707 Constantino,
1743 2672 1866 2701 domino
1890 2672 1923 2700 dc
1946 2671 2126 2700 Lambrono.
2149 2671 2220 2707 Quo

1213 2727 1423 2757 evidentibus
1439 2726 1574 2756 indiciis
1589 2743 1636 2754 —.
1655 2726 1727 2755 Dat.
1745 2726 1946 2759 Interamne,
1965 2728 2002 2754 ut
2020 2732 2130 2762 supra.
2150 2735 2163 2750 ›>

1285 2898 1402 2926 3449
1771 2895 1871 2928 Το1111,
1888 2895 1921 2922 19
1936 2896 2053 2929 janvier
2068 2895 2147 2922 1237.

1252 2959 1323 2993 Regi
1340 2961 1548 2991 Armenorum,
1563 2957 1599 2984 de
1614 2957 1715 2984 eadem
1733 2965 1763 2983 re
1778 2957 1920 2989 scribens,
1935 2957 2123 2984 commendat
2138 2965 2218 2991 prae-
