2423 3487
251 290 304 319 451
972 286 1211 316 REGISTRES
1234 285 1288 314 DE
1311 278 1533 317 GREGOIRE
1557 288 1616 317 ix.
2286 291 2342 320 452

251 355 364 381 idoneis
389 355 519 380 conferre
546 354 653 380 valeat.
680 368 711 371 —
735 355 821 385 (Rau.
848 353 896 385 18,
924 354 943 379 f.
970 353 1018 380 181
1045 356 1087 384 r⁰;
1113 361 1182 379 ann.
1210 352 1252 384 X,

250 412 275 430 6.
293 403 367 433 1Τ3.)

292 516 303 529 «
327 526 346 531 ..
364 504 498 539 episcopo
516 503 704 530 Zamorensi.
728 502 810 532 Cum
834 502 869 531 in
892 502 1084 532 Zamorensi
1105 519 1153 530 —,
1178 503 1251 531 Dat.

250 556 363 589 Reate,
383 556 449 584 IIII
467 563 570 583 nonas
587 555 731 591 augusti,
751 563 837 584 anno
854 555 990 584 decimo.
1013 567 1024 580 n

318 732 434 760 3253

283 794 405 820 Vicensi
429 796 457 819 et
480 793 715 820 Barcliinonensi
737 793 881 827 episcopis
902 794 1024 820 mandat
1045 798 1200 828 quatenus,
1222 810 1254 813 —

250 851 334 875 cum,
361 842 423 876 ipso
450 850 524 876 papa
555 841 758 868 visitationem
786 844 814 868 et
839 842 1050 869 correctionem
1082 844 1254 871 monasterii

249 892 377 918 Sanctae
392 890 507 917 Mariae
523 891 558 916 de
579 890 692 922 Olivis,
707 890 820 917 ordinis
836 891 931 918 sancti
944 891 1120 925 Augustini,
1139 893 1255 920 Gerun-

248 940 347 966 densis
363 939 503 965 dioecesis
515 961 521 971 ,
539 939 569 965 in
590 939 687 973 capite
709 942 737 966 et
757 939 787 966 in
810 939 952 966 membris
968 940 1142 974 deformati,
1161 940 1255 976 G[uil-

860 732 959 763 Terni,
976 732 1010 758 19
1022 732 1087 765 juin
1104 732 1182 759 1236.

248 987 359 1023 lelmo],
372 989 464 1015 electo
480 989 701 1019 Terraconensi,
714 991 741 1015 et
757 989 943 1016 Gerundensi
961 990 1096 1024 episcopo
1116 991 1256 1018 commit-

248 1040 339 1069 tente,
357 1037 435 1063 idem
453 1038 563 1063 electus
583 1037 683 1064 abbati
706 1037 809 1064 Sancti
826 1038 907 1064 Petri
925 1038 1074 1065 Rodarum
1090 1039 1171 1066 vices
1189 1048 1255 1066 suas

248 1086 380 1113 totaliter
394 1085 601 1117 commisisset,
615 1089 653 1119 et,
666 1086 766 1112 eodem
781 1086 897 1119 abbate,
911 1087 960 1120 qui
972 1087 1088 1114 volebat
1103 1090 1131 1114 et
1143 1090 1256 1122 poterat

249 1134 400 1160 commode
412 1133 564 1167 interesse,
577 1134 757 1168 irrequisito,
767 1135 864 1161 dictus
877 1135 1079 1162 Gerundensis
1091 1137 1254 1171 episcopus,

246 1183 283 1209 ad
301 1183 512 1209 monasterium
530 1184 696 1216 praefatum
713 1184 854 1210 accedens
866 1206 872 1217 ‚
887 1184 1013 1218 priorem
1030 1185 1124 1219 ipsius
1138 1194 1256 1213 monas—

247 1232 314 1258 terii
331 1231 367 1258 ab
382 1231 505 1264 objectis
519 1231 575 1258 sibi
593 1231 770 1258 criminibus
786 1232 885 1259 minus
899 1233 1039 1260 canonice
1056 1234 1255 1261 nuntiavisset

248 1281 413 1307 immunem
425 1288 431 1311 ;
445 1283 563 1314 propter
576 1280 652 1314 quod
666 1281 816 1307 Arnaldus
831 1281 994 1315 presbyter,
1007 1282 1166 1309 canonicus
1178 1283 1256 1316 ejus-

245 1329 312 1355 dem
340 1329 528 1361 monasterii,
554 1329 746 1363 apostolicam
773 1330 957 1357 audientiam
983 1332 1196 1365 appellaverat,
1224 1347 1255 1350 —

247 1385 382 1411 processu
406 1385 463 1403 non
482 1377 617 1404 obstante
638 1378 803 1411 praedicto,
821 1386 908 1412 super
924 1379 978 1405 hoc
994 1379 1154 1413 procedant
1171 1380 1257 1414 juxta

246 1425 392 1459 priorum,
416 1425 452 1452 ad
478 1425 644 1459 praedictos
667 1427 794 1452 electum
818 1429 845 1453 et
869 1426 1039 1461 episcopum
1062 1428 1254 1462 directarum,

245 1474 462 1501 continentiam
494 1474 672 1501 litterarum.
698 1489 729 1492 -—
758 1475 844 1506 (ΗΕΘ.
866 1475 915 1507 18,
941 1477 960 1502 f.
985 1476 1033 1503 181
1058 1479 1099 1508 r⁰;
1125 1485 1194 1504 ann.
1215 1478 1254 1511 X,

246 1531 271 1549 c.
286 1523 361 1553 174.)

289 1637 300 1650 t(
316 1647 334 1652 ..
353 1625 467 1652 l'icensz'
481 1629 505 1652 el
522 1646 541 1651 ..
560 1624 803 1653 Barclzinonensi
819 1625 972 1662 episcopis.
988 1625 1155 1655 111-11311103
1168 1636 1256 1664 pres-

247 1677 349 1710 biter,
377 1677 556 1706 canonicus
581 1694 629 1705 —.
653 1677 726 1706 Dat.
759 1678 960 1712 Interamne,
985 1679 1070 1708 XIII
1096 1679 1255 1710 kalendas

243 1729 332 1768 julii,
351 1738 438 1758 anno
455 1729 591 1759 decimo.
616 1742 628 1755 »

318 1900 440 1928 3280
832 1902 923 1934 Rieti,
940 1902 974 1929 :24
989 1903 1089 1936 juillet
1104 1904 1182 1930 1236.

284 1963 418 1995 Eisdem,
433 1963 469 1988 de
485 1963 585 1989 63116111
603 1971 632 1989 16
648 1963 794 1995 scribens,
813 1965 934 1991 mandat
950 1968 1109 1999 quatenus,
1127 1982 1158 1985 —
1176 1976 1254 2001 cum,

248 2014 402 2046 postquam
426 2011 513 2045 ipsis,
531 2012 566 2038 ad
583 2013 757 2046 petitionem
773 2014 900 2040 Arnaldi
923 2014 1102 2049 presbyteri,
1120 2017 1256 2044 canonici

248 2060 389 2086 ecclesiae
406 2059 544 2093 [Sanctae
558 2060 684 2095 Mariae]
699 2062 733 2087 de
750 2062 863 2094 Olivis,
879 2063 1010 2096 ejusdem
1025 2065 1166 2092 ecclcsiae
1182 2066 1256 2093 visi-

249 2108 321 2135 tatio
350 2111 377 2134 ct
404 2108 573 2135 reformatio
598 2118 614 2135 a
636 2109 711 2136 Sede
731 2111 902 2144 Apostolica¹
927 2111 1102 2139 commissae
1122 2114 1254 2147 fuerant,

248 2156 450 2183 Gerundcnsis
472 2157 635 2191 episcopus,
653 2159 709 2185 loci
728 2159 928 2192 ditccesanus,
945 2160 1129 2193 praedictum
1146 2162 1255 2189 Arnal—

248 2206 318 2232 dum
338 2204 374 2231 ab
396 2205 458 2238 ipsa
480 2206 614 2237 ccclesia,
630 2206 742 2233 intuitu
759 2207 864 2241 prioris
879 2208 935 2234 loci
952 2208 1099 2242 ejusdem,
1116 2218 1168 2243 pro
1186 2218 1256 2237 suae

248 2254 334 2281 libito
358 2254 521 2280 voluntatis
545 2255 723 2288 expulisset;
748 2260 866 2290 propter
886 2257 976 2290 quod,
1001 2258 1101 2284 eodem
1128 2260 1254 2293 negotio,

247 2303 306 2336 Jam
334 2303 432 2336 elapso
455 2302 598 2335 triennio,
621 2304 775 2330 terminari
800 2308 981 2338 nequeunte,
1002 2306 1081 2332 idem
1104 2307 1255 2335 Arnaldus

248 2351 387 2378 exsilium
414 2356 442 2377 ct
465 2351 688 2378 mendicitatem
715 2353 871 2386 cogebatur
893 2354 1038 2388 experiri,
1060 2369 1092 2373 —
1118 2356 1254 2383 cumdem

249 2400 416 2426 Arnalclum
439 2400 550 2426 iaciant
571 2400 601 2426 iu
622 2401 722 2427 eadem
746 2401 870 2428 ecclesia
885 2402 992 2436 recipi,
1010 2403 1095 2436 eique
1115 2404 1150 2430 de
1172 2404 1255 2431 bonis

249 2448 392 2481 ejusdem,
404 2456 494 2481 usque
511 2448 546 2473 311
563 2448 742 2475 decisionem
760 2450 884 2483 praefati
902 2451 1120 2478 reformationis
1134 2453 1254 2485 negotii,

249 2504 392 2530 expensas
407 2496 585 2522 necessarias
600 2497 780 2529 ministrari;
796 2498 852 2531 ipsi
868 2498 897 2524 in
913 2499 1013 2525 eodem
1027 2500 1142 2533 negotio
1156 2509 1256 2534 proce-

248 2545 329 2571 dant.
347 2559 377 2562 —
395 2545 480 2577 (Rae.
497 2544 540 2576 18,
559 2545 578 2570 f.
596 2544 645 2571 181
663 2548 709 2577 v⁰;
731 2554 800 2572 ann.
819 2546 857 2577 X,
875 2547 989 2578 0175.)

291 2658 303 2671 «
333 2646 462 2674 Eisdem.
493 2644 660 2675 Arnaldus
689 2646 864 2683 presbiter,
896 2648 1076 2677 canonicus
1104 2666 1152 2677 —.
1182 2650 1254 2679 Dat.

249 2699 363 2732 Reate,
382 2698 481 2727 VIIII
497 2697 656 2727 kalendas
673 2699 817 2736 augusti,
837 2708 923 2728 anno
941 2699 1079 2730 decimo.
1100 2713 1112 2727 »

321 2875 434 2903 3281
832 2877 927 2910 Rieti,
941 2877 975 2904 29
990 2878 1089 2911 juillet
1105 2879 1183 2906 1236.

287 2937 397 2964 Abbati
414 2937 517 2964 Sancti
531 2937 653 2970 Albani,
664 2938 754 2972 priori
771 2938 806 2965 de
819 2937 992 2973 Mertonfia]
1004 2942 1032 2966 et
1047 2941 1256 2969 archidiacono

1337 351 1439 378 Sancti
1451 353 1562 380 Albani
1574 354 1737 381 committit
1749 355 1968 382 terminandam
1981 355 2060 382 infra
2071 358 2209 389 quattuor
2225 364 2340 385 menses

1335 408 1453 426 causam
1484 401 1637 428 electionis
1664 403 1803 430 Riccardi
1830 403 1866 430 de
1886 403 2035 430 YVenden.
2060 406 2105 437 (=
2126 404 2341 439 NVendover‘b,

1335 449 1456 476 rectoris
1482 450 1623 477 ecclesiae
1645 451 1681 478 de
1700 452 1848 486 Bromleg.
1871 453 1916 484 (=
1931 452 2095 486 Bromley),
2117 453 2148 479 in
2174 452 2341 480 Roffensem

1335 501 1526 535 episcopum;
1551 509 1638 535 quam
1662 500 1836 527 electionem
1859 500 2096 535 archiepiscopus
2119 500 2343 529 Cantuariensis

1335 550 1509 576 confirmare
1528 549 1701 583 denegabat.
1720 564 1750 567 —
1768 549 1854 581 (Rae.
1867 549 1911 581 18,
1927 550 1946 576 f.
1962 549 2011 576 181
2028 552 2072 581 v⁰;
2090 557 2159 576 ann.
2177 550 2216 583 X,
2233 558 2258 577 c.
2275 550 2342 583 1762

1336 612 1367 616 ——
1384 598 1421 624 cf.
1437 604 1532 631 supra,
1550 601 1578 624 n⁰
1593 597 1687 628 2731.)

1379 737 1391 750 «
1415 747 1434 753 ..
1451 725 1553 753 abbati
1568 724 1673 753 Sancti
1688 724 1809 759 Alba-ni,
1832 723 1878 763 [.]
1894 725 1996 761 priori
2012 724 2045 752 cte
2061 725 2186 754 Menon.
2206 729 2232 754 et
2250 747 2270 754 ..
2287 733 2343 754 ar-

1336 778 1516 807 chidiacono
1528 778 1765 811 SancliAlbani,
1777 777 2000 806 Lincotnz'ensis
2011 782 2036 806 et
2054 778 2270 807 ll'intoniensis
2280 778 2343 808 dio-

1336 839 1446 859 cesum.
1461 829 1549 860 Olim
1564 829 1659 859 nobis
1675 838 1711 859 ex
1724 833 1815 867 parte
1827 829 2023 859 dilectorum
2034 829 2179 860 filiorum
2191 830 2344 868 ..prioris

1337 887 1368 913 et
1387 887 1568 912 conventus
1584 883 1792 912 Roffensium
1811 882 1921 912 oblata
1938 883 2053 920 petitio
2072 883 2228 921 patefecit
2244 883 2341 922 quod,

1337 945 1422 970 cum,
1443 936 1591 974 ipsorum
1609 935 1748 965 ecclesia
1770 935 1928 965 destituta
1951 940 2097 973 pastore,
2121 945 2138 965 a
2160 935 2344 966 venerabili

1337 989 1439 1018 fratre
1458 993 1571 1018 nostro
1591 1011 1608 1016 ..
1635 987 1871 1018 Cantuariensi
1893 988 2159 1026 archiepiscopo,
2179 988 2235 1027 qui
2259 988 2343 1028 ejus-

1337 1041 1410 1071 dem
1434 1041 1572 1071 ecclesie
1598 1041 1718 1070 asserit
1737 1050 1771 1070 se
1797 1044 1986 1078 patronum,
2012 1040 2158 1078 eligendi
2174 1040 2345 1071 licentiam

1337 1094 1572 1132 postulassent,
1594 1103 1653 1123 uec
1676 1099 1748 1123 63111
1770 1097 1915 1131 possent,
1933 1093 2058 1131 pluries
2081 1093 2121 1123 ab
2140 1102 2177 1123 60
2195 1093 2342 1132 petitam,

1338 1147 1548 1185 aliquatenus
1567 1146 1716 1176 obtinere
1733 1156 1739 1174 :
1757 1146 1869 1180 iidem,
1885 1154 1925 1175 ne
1942 1146 1976 1174 in
1994 1155 2107 1175 eorum
2123 1146 2344 1185 prejudicium

1338 1204 1467 1237 tempus
1487 1199 1633 1229 efflueret
1650 1207 1667 1227 3
1683 1207 1808 1228 canone
1829 1198 1869 1227 de
1890 1197 2053 1235 eligendis
2075 1198 2238 1236 episcopis
2259 1197 2345 1228 diffi-

1338 1253 1456 1287 nitum,
1478 1251 1677 1290 quibusdam
1700 1251 1739 1280 de
1760 1250 1899 1288 collegio
1921 1250 2116 1288 providendi
2139 1250 2278 1281 ecclesie
2294 1250 2345 1280 vi-

1338 1305 1436 1334 duate
1462 1308 1657 1342 potestatem
1684 1303 1890 1333 unanimiter
1918 1303 2151 1339 contulerunt,
2183 1304 2241 1342 qui
2270 1312 2346 1333 cum

1338 1357 1495 1387 dilectum
1517 1356 1623 1385 filium
1646 1356 1844 1393 magistrum
1865 1355 2089 1394 Ricc[ardum]
2107 1355 2145 1386 de
2164 1355 2342 1396 Wenden.,

1337 1414 1498 1440 rectorem
1522 1409 1660 1439 ecclesie
1683 1409 1722 1438 de
1748 1408 1927 1446 Bromleg.‚
1948 1409 2115 1439 Roffensis
2136 1409 2289 1445 diocesis,
2308 1409 2345 1438 in

1338 1464 1528 1493 Roffensem
1543 1463 1733 1500 episcopum
1748 1462 1938 1499 elegissent,
1953 1466 1983 1491 et
1999 1462 2149 1492 universi
2161 1466 2193 1492 et
2206 1461 2341 1500 singuli,

1338 1516 1557 1554 approbantes
1577 1515 1773 1545 electionem
1787 1523 1911 1550 eorum,
1925 1514 2031 1552 ipsam
2049 1514 2088 1544 ab
2105 1515 2218 1545 eodem
2235 1514 2345 1545 archi-

1339 1570 1490 1607 episcopo
1515 1568 1672 1606 petierint
1696 1567 1901 1602 confirmari,
1927 1576 1964 1596 eo
1986 1567 2020 1596 id
2042 1576 2100 1605 pro
2123 1576 2182 1597 suo
2207 1567 2345 1597 arbitrio

1338 1622 1532 1659 denegante,
1555 1621 1594 1650 ad
1611 1625 1758 1650 nostram
1777 1620 1980 1650 audientiam
2000 1620 2224 1658 appellarunt,
2248 1620 2344 1651 nobis

1337 1674 1510 1704 humiliter
1527 1673 1752 1712 supplicantes
1769 1677 1819 1707 ut,
1841 1681 1915 1702 cum
1939 1672 2142 1710 episcopales
2166 1676 2345 1711 proventus

1339 1727 1608 1765 archiepiscopus
1625 1726 1690 1755 sibi
1701 1725 1864 1760 vendicet,
1879 1725 2018 1755 ccclesia
2032 1725 2179 1763 predicta
2194 1729 2343 1761 vacante,

1338 1780 1390 1809 vel
1409 1780 1604 1810 electionem
1621 1779 1893 1808 confirmaremus
1910 1778 2058 1813 eandem,
2078 1778 2130 1808 vel
2145 1778 2272 1814 saltem,
2286 1778 2344 1809 do-

1339 1842 1399 1863 nec
1424 1834 1462 1863 de
1487 1837 1618 1871 pastore
1643 1832 1812 1870 provisum
1841 1836 1927 1861 esset
1957 1831 2114 1867 ecclesie,
2142 1831 2346 1871 sequestrari

1338 1891 1517 1924 proventus
1532 1885 1724 1924 hujusmodi
1741 1885 1938 1914 faceremus.
1956 1884 2105 1923 Cumque
2122 1893 2182 1915 nos
2200 1884 2345 1915 ..abbati

1339 1939 1377 1969 de
1394 1938 1569 1968 Waleden.
1588 1942 1618 1967 61
1637 1937 1708 1976 ejus
1727 1937 1863 1974 collegis
1880 1937 2049 1974 negotium
2066 1937 2342 1972 commiserimus,

1339 1996 1370 2021 et
1386 1991 1460 2029 ipsi,
1479 1990 1694 2029 procedentes
1718 1991 1751 2019 in
1773 1990 1860 2027 ipso,
1881 1989 1965 2019 illud
1988 1990 2028 2019 ad
2045 1990 2247 2028 presentiam
2268 1998 2346 2020 nos-

1339 2049 1422 2074 tram
1440 2044 1594 2073 duxerint
1611 2043 1858 2078 remittendum,
1872 2043 1950 2081 quia
1964 2042 2056 2072 litem
2073 2051 2138 2072 non
2155 2042 2345 2072 invenimus

1339 2101 1555 2128 contestatam
1571 2120 1576 2131 ,
1610 2105 1801 2134 processum
1832 2104 1945 2126 eorum
1979 2095 2111 2134 justitia
2141 2096 2345 2126 cassavimus

1340 2151 1502 2187 exigente.
1526 2149 1739 2179 Postmodum
1757 2157 1850 2184 vero,
1874 2157 1947 2177 cum
1969 2153 2161 2186 procurator
2179 2148 2345 2178 Roffensis

1339 2203 1476 2241 capituli
1497 2211 1570 2231 cum
1593 2202 1753 2231 instantia
1775 2205 1901 2239 peteret
1922 2201 2117 2231 electionem
2141 2210 2239 2240 quam
2257 2201 2346 2232 fece-

1338 2260 1424 2291 rant,
1443 2254 1644 2287 confirmari,
1664 2258 1693 2284 et
1711 2253 1872 2284 declarari
1890 2253 2129 2284 nichilominus
2145 2263 2203 2292 per
2216 2257 2346 2284 senten·

1339 2309 1418 2338 tiam
1438 2317 1479 2338 an
1501 2308 1541 2337 ad
1557 2307 1646 2345 ipsos
1668 2306 1719 2336 vel
1740 2306 1780 2336 ad
1801 2306 2087 2344 archiepiscopum
2109 2306 2226 2336 electio
2243 2305 2345 2344 perti-

1339 2366 1443 2395 neret,
1462 2361 1604 2395 demum,
1626 2359 1733 2398 quoad
1751 2363 1938 2397 presentem
1957 2359 2152 2389 electionem
2165 2359 2343 2394 dumtaxat,

1339 2414 1417 2452 quia
1429 2414 1536 2442 dictus
1548 2416 1740 2450 procurator
1751 2421 1850 2450 super
1863 2411 2007 2441 secundo
2022 2411 2193 2450 petitionis
2207 2410 2345 2442 articulo

1339 2466 1531 2496 mandatum
1553 2465 1721 2495 sufficiens
1741 2474 1806 2494 nou
1827 2464 1984 2499 habebat,
2003 2464 2045 2494 113
2062 2464 2170 2494 extitit
2185 2464 2272 2503 apud
2286 2463 2345 2495 Se-

1339 2519 1412 2549 dem
1435 2518 1660 2556 Apostolicam
1683 2521 1883 2552 contestata,
1904 2517 2001 2546 factis
2023 2517 2192 2555 aliquibus
2208 2516 2345 2555 positio-

1339 2572 1438 2601 nibus
1469 2575 1499 2600 et
1535 2569 1810 2608 responsionibus
1839 2578 1948 2599 coram
1978 2569 2098 2599 dilecto
2132 2569 2201 2599 filio
2232 2573 2344 2599 nostro

1339 2623 1544 2663 S[tepl1ano],
1563 2624 1681 2653 Sancte
1694 2622 1798 2652 Marie
1812 2621 2064 2660 Transtyberim
2079 2621 2263 2660 presbitero
2274 2629 2345 2651 car-

1339 2676 1459 2711 dinali,
1489 2685 1587 2714 quem
1617 2684 1715 2713 super
1742 2675 1803 2704 1106
1829 2674 2059 2712 deputavimus
2087 2674 2286 2709 auditorem,
2314 2675 2346 2703 et

1338 2729 1538 2766 presentatis
1558 2728 1599 2762 ei,
1618 2736 1655 2757 ex
1672 2732 1763 2765 parte
1781 2726 2004 2765 procuratoris
2023 2725 2263 2764 archiepiscopi
2276 2733 2346 2755 me-

1338 2781 1467 2817 morati,
1488 2780 1687 2819 quibusdam
1705 2779 1866 2814 articulis,
1885 2787 1967 2817 quos
1986 2787 2060 2808 cum
2075 2778 2296 2817 positionibus
2314 2779 2346 2807 et

1338 2833 1614 2872 responsionibus
1630 2832 1788 2871 predictis
1805 2831 1866 2862 suh
1883 2831 1974 2861 hulla
1992 2835 2106 2861 nostra
2127 2831 2221 2861 vobis
2241 2829 2345 2860 mitti-

1338 2895 1413 2916 mus
1425 2885 1636 2916 interclusos.
1653 2884 1814 2921 Quocirca
1826 2884 2020 2914 discretioni
2034 2887 2154 2920 vestre,
2172 2884 2211 2914 de
2224 2882 2344 2914 utrius·
2360 2908 2366 2917 ,

1339 2947 1403 2977 que
1439 2938 1542 2977 partis
1572 2936 1847 2976 procurator[um]
1881 2945 2020 2966 assensu
2035 2959 2040 2972 ‚
2073 2945 2132 2975 per
2168 2934 2345 2975 apostolica
2360 2943 2366 2966 2
