2423 3487
147 318 216 343 ιιι-,ει
865 299 1099 332 iii-:uts‘rnns
1123 296 1176 326 DE
1200 290 1422 326 GREGomE
1446 296 1504 325 ix.
2159 289 2234 319 1060

143 382 225 407 cesis.
247 380 281 405 ιιι]
311 379 470 404 Romanam
491 374 652 401 Ecclesiam
681 372 761 397 nullo
783 370 930 396 mediante
953 364 1141 401 pertin-*ntisv

143 430 213 455 ades»
231 428 258 452 in
276 423 479 460 spiritualibus
493 426 519 448 et
538 422 566 447 in
586 419 796 453 temporalibus
815 416 947 450 collapsi.
968 414 1042 448 quod
1061 412 1143 438 nulla

143 486 207 511 spes
222 477 280 509 jam
297 477 356 500 crat
371 475 400 499 ut
419 479 565 503 resurgere
582 469 691 495 valeret
710 475 758 500 per
773 475 801 492 se
817 466 925 499 ipsum,
943 465 1064 489 fratrum
1085 468 1142 486 nlo-

145 523 262 551 nasterii
279 523 312 547 de
329 519 539 554 Campagnola,
553 516 693 543 similiter
704 514 777 548 juris
792 513 869 539 beati
882 511 962 538 Petri
975 507 1141 537 existentis,

143 573 190 599 nbi
210 580 264 598 non
286 570 380 596 minor
403 566 605 594 observantiae
629 565 704 595 rigor
723 562 894 588 servabatur
919 568 1005 593 quani
1026 558 1056 584 in
1083 566 1143 583 nio-

145 619 278 647 nasteriis
300 618 429 649 regulam
453 614 545 641 sam-ti
569 611 723 639 Boneita-ti
745 608 984 638 observantibus,
1009 606 1142 633 ordinem

145 670 220 695 wile
236 674 392 694 assumerev
410 668 437 690 et
452 671 517 689 cum
535 662 576 688 eis
596 661 649 687 sub
666 660 761 691 regula
783 658 860 684 beati
875 654 1036 689 Augustini
1053 657 1079 680 et
1097 662 1144 679 eo-

144 726 207 744 rum
225 713 419 742 observantiis
436 710 566 739 Creatori
588 708 750 738 deservit-tw
769 707 845 733 unde
868 705 908 731 eis
931 703 1049 730 mandat
1073 710 1144 735 qua-

144 772 237 796 tenus,
259 764 283 789 si
305 761 446 797 praedicti
471 761 573 785 tratres
599 758 633 783 de
656 756 780 786 Marola,
807 755 853 780 vel
878 753 971 785 major
994 754 1021 777 et
1046 750 1144 777 sanior

145 822 209 847 pars
225 820 335 841 eorum,
353 810 381 835 in
400 805 716 835 1100conc«attavorum,
732 808 759 830 et
773 802 828 836 ipsi
843 802 1007 835 episeopus,
1023 798 1101 833 prior
1117 801 1143 824 et

144 861 367 888 archidiaconus
382 857 511 883 viderint
528 855 644 887 utrique
659 854 720 879 lom
736 851 883 885 expedire,
900 850 1063 883 praefatum
1083 855 1145 872 mo-

145 910 303 936 nasterium
334 907 369 932 de
402 905 514 931 Marola
549 903 642 929 eidem
679 899 854 927 monasterio
881 898 916 924 de
944 895 1143 930 Campagnola

147 959 260 985 uniant.
281 957 434 990 ipsumque
456 951 664 978 monasterium
682 950 717 975 de
734 949 857 975 Mareia.
879 955 944 973 cum
968 947 1042 971 esset
1065 943 1145 970 anti-

144 1007 239 1040 quius.
261 1007 346 1038 eaput
367 1001 479 1029 ‹mlinis
498 1002 646 1029 statuant;
664 1006 677 1022 «
695 997 825 1031 predicta
848 995 945 1028 regula
965 992 1058 1020 sancti
1083 993 1145 1018 Au-

145 1065 158 1079 ι»
180 1053 288 1087 faustini
306 1056 332 1078 et
349 1051 477 1084 ejusdem
497 1047 666 1074 monasterii
688 1046 723 1071 ‹le
742 1043 941 1078 Campagnola
958 1040 1145 1068 constitutio-

146 1111 159 1127 »
182 1102 266 1128 nibus
296 1104 321 1126 et
350 1097 545 1125 observantiis
578 1096 604 1121 in
631 1094 767 1120 omnibus
800 1100 914 1125 semper
939 1089 1040 1116 salvis.
1071 1096 1083 1113 η
1115 1103 1145 1106 -

145 1152 231 1180 (Rea.
250 1150 292 1176 19.
312 1151 330 1175 s.
346 1148 380 1174 ‘29
397 1146 459 1181 VM]

189 1284 200 1297 ι(
226 1268 403 1306 Gregorius
427 1266 610 1304 episcopus.
632 1273 746 1293 servus
766 1270 936 1291 servornm
959 1259 1031 1289 Dei.
1050 1266 1148 1288 vene-

149 1338 161 1351 «
189 1322 284 1353 rabili
301 1321 395 1351 fratri
415 1343 433 1348 ..
453 1319 604 1357 episcopo
618 1316 754 1353 Regino.
771 1319 799 1344 et
817 1313 946 1343 dilectis
959 1312 1037 1341 filiis
1056 1311 1148 1340 fratri

149 1391 161 1403 t(
188 1375 364 1414 Stephano.
392 1371 492 1410 priori
519 1368 713 1408 provinciali
736 1368 875 1397 fratrum
902 1365 1148 1395 Predicatorum

149 1444 161 1456 ι(
188 1430 220 1458 in
239 1426 444 1459 Lombardia,
464 1429 491 1454 et
512 1447 531 1452 ..
550 1421 782 1452 archidiacono
799 1418 987 1449 Vicentino.
1009 1417 1149 1446 salutem

150 1497 161 1509 «ι
188 1487 217 1512 et
230 1479 441 1520 apostolicam
455 1476 730 1507 benedictionem.
745 1474 835 1503 Sicut
850 1472 945 1501 nobis
960 1480 997 1501 ex
1011 1471 1148 1513 —.·Dat.

150 1549 163 1561 α
190 1533 352 1567 Laterani,
369 1533 399 1561 II
420 1527 665 1568 idusjanuarii,
684 1535 769 1556 anno
787 1525 971 1559 undecimo,
992 1536 1004 1549 n

195 1655 207 1667 a
240 1638 500 1678 suprascriptum
524 1635 713 1665 mandatum
740 1632 954 1671 apostolicum
985 1636 1013 1661 et
1046 1630 1151 1668 ipsius

155 1708 167 1722 ι)
192 1696 330 1724 sormam
354 1696 385 1722 et
411 1696 557 1721 tenorem
581 1687 698 1726 exequi
720 1686 902 1724 cupientes,
925 1688 955 1714 et
978 1684 1017 1713 ad
1037 1692 1152 1721 supra-

155 1759 168 1775 »
193 1747 351 1784 seriptum
370 1742 606 1773 monasterium
623 1741 661 1770 de
678 1739 803 1770 Marola
822 1737 1040 1776 personaliter
1061 1746 1153 1766 acce-

154 1814 166 1827 »
191 1801 316 1829 dentes,
347 1798 384 1827 de
412 1795 563 1826 facienda
590 1794 712 1823 unione
736 1792 880 1830 predicta
910 1790 1094 1820 voluntates
1124 1793 1154 1819 et

154 1867 166 1880 »
193 1857 265 1882 vota
282 1852 419 1881 fratrum
443 1853 473 1879 et
494 1846 728 1877 monachornm
746 1844 892 1883 ejusdem
916 1842 1154 1881 inquisivimus

155 1920 166 1932 η
193 1911 222 1935 et
249 1902 509 1935 examinavimus
534 1900 728 1937 diiigenter:
754 1897 874 1936 quibus
902 1895 1098 1926 examinatis
1124 1899 1155 1924 et

156 1973 167 1986 5)
193 1957 342 1995 cognitis,
364 1955 553 1985 invenimus
571 1962 634 1982 non
654 1951 760 1981 solum
777 1950 933 1989 majorem
950 1953 1076 1987 partem
1092 1949 1155 1978 fra-

156 2026 168 2038 »,
195 2017 280 2041 trum
309 2009 414 2048 ipsius
442 2005 587 2045 capituli,
622 2013 736 2034 verum
767 2003 866 2033 etiam
898 2011 1011 2032 omnes
1039 2001 1156 2031 unioni

158 2078 169 2090 ›‚
195 2061 383 2102 hujusmodi
419 2058 616 2089 consentire.
648 2057 844 2087 Yoluntates
882 2064 1010 2093 quoque
1045 2054 1157 2084 fratris

158 2130 170 2143 ι»
195 2118 434 2148 Bonavcnture,
454 2112 567 2141 fratris
585 2110 720 2140 IIenrici
738 2114 768 2139 et
791 2109 904 2138 fratris
922 2108 1070 2142 Deodati,
1091 2108 1158 2136 sra-

159 2184 170 2196 »
197 2175 283 2199 trum
299 2168 336 2197 de
353 2164 576 2203 Campaniola,
596 2163 756 2202 quierant
775 2165 944 2200 presentes
961 2165 988 2190 et
1007 2161 1102 2199 quasi
1119 2160 1158 2189 ad

159 2236 171 2249 »
198 2222 257 2251 hoc
276 2220 439 2249 habebant
461 2217 602 2255 speciale
625 2215 826 2248 mandatum,
846 2214 929 2243 sicut
949 2218 1081 2251 apparet
1102 2222 1159 2251 per

160 2288 172 2301 n
199 2273 364 2312 publicum
389 2271 658 2300 instrumentum,
683 2267 919 2305 inquisivimus
941 2270 969 2294 et
991 2265 1159 2294 examina-

161 2340 173 2353 »
199 2327 305 2355 vimus
335 2324 527 2361 diligenter:
560 2321 616 2359 qui
645 2319 760 2349 unioni
788 2318 943 2348 similiter
970 2318 1160 2356 hujusmodi

162 2394 174 2406 »
199 2380 448 2409 consenserunt,
465 2379 492 2405 el
506 2375 610 2412 ipsam
629 2382 684 2411 pro
702 2371 901 2401 monasterio
918 2380 976 2400 suo
991 2370 1063 2400 fieri
1078 2379 1160 2399 una-

162 2446 174 2459 »
201 2431 334 2461 nimiter
347 2427 564 2467 postularunt.
584 2425 688 2456 Unde„
703 2424 741 2453 ad
754 2423 911 2452 honorem
926 2422 1160 2460 omnipotentis

165 2498 176 2511 »ι
203 2485 260 2515 Dei
279 2488 309 2513 et
325 2483 417 2511 beate
436 2479 548 2513 Marie,
571 2483 601 2508 et
616 2477 837 2515 apostolorum
855 2475 943 2505 Petri
961 2479 989 2505 et
1008 2475 1112 2509 Pauli,
1131 2480 1161 2505 et

163 2551 176 2566 1>
202 2540 407 2567 sacrosancte
428 2535 574 2563 Romane
601 2530 757 2561 licclesie,
785 2533 815 2559 et
833 2528 1026 2558 auctoritate
1046 2537 1162 2565 supra-

164 2604 177 2618 »
202 2590 323 2628 scripta
351 2587 445 2617 nobis
470 2594 636 2615 concessa.
667 2587 697 2613 et
722 2582 760 2611 ad
776 2579 956 2619 profectum
983 2585 1011 2610 et
1041 2585 1161 2609 statum

167 2657 179 2670 »
205 2648 233 2673 et
261 2649 467 2672 communem
495 2637 671 2667 utilitatem
698 2635 871 2672 utriusque
894 2633 1099 2662 monasterii.
1125 2633 1163 2663 de

166 2709 178 2723 n
204 2695 327 2726 Max-ola
343 2692 492 2722 videlicet
511 2695 540 2721 et
557 2687 789 2727 Campagnola.
808 2695 866 2716 nec
884 2695 948 2715 non
966 2689 995 2715 et
1013 2694 1164 2723 persona-

166 2762 178 2776 »
204 2758 274 2778 rum
292 2745 481 2784 degentium
497 2744 531 2772 in
544 2742 679 2773 eisdem.
696 2740 859 2778 prefatum
876 2737 1114 2767 monasterium
1126 2737 1163 2767 dc

167 2816 179 2829 1)
205 2800 338 2832 Mai-ola.
358 2793 768 2828 cumomnibusecclesiis,
781 2791 992 2822 obedientiis.
1005 2791 1163 2828 grangiis,

168 2868 180 2881 n
207 2852 389 2883 rationibus
413 2855 440 2880 et
466 2847 652 2878 actionibus
680 2845 761 2879 suis,
786 2843 931 2874 realibus
958 2848 987 2872 et
1010 2852 1165 2880 persona-

169 2921 180 2934 »
207 2907 304 2936 libus,
343 2910 407 2933 tam
438 2900 675 2939 temporalibus
703 2907 801 2937 quam
830 2895 1077 2934 spiritualibus.
1109 2897 1165 2933 [et]

169 2973 181 2986 n
204 2958 395 2998 jamdictum
423 2953 658 2983 monasterium
682 2951 720 2980 de
744 2948 981 2987 Campagnola,
1012 2947 1167 2977 similiter

1228 374 1239 387 n
1265 370 1338 390 cum
1353 361 1508 391 omnibus
1521 358 1732 392 obedientiis,
1749 356 1909 395 grangiis,
1929 355 2117 386 actionibus
2133 358 2165 385 et
2180 363 2234 384 ra-

1228 426 1239 439 »
1265 413 1411 443 tionibus
1430 413 1511 447 suis,
1531 411 1677 441 realibus
1688 415 1719 441 et
1735 408 1978 448 personalibus,
1998 412 2063 437 tam
2074 411 2234 445 tempora-

1228 478 1240 492 »
1265 465 1353 495 libus
1366 474 1464 504 quarn
1481 463 1712 503 spiritualibus
1724 461 1907 500 inscriptis,
1922 460 2069 490 unienda
2080 449 2234 489 duximus

1229 532 1240 544 »ι
1267 518 1305 548 ad
1318 518 1460 548 invicem
1473 522 1503 547 et
1513 517 1659 547 unimus.
1673 516 1781 554 ipsum
1792 514 2032 544 monasterium
2044 513 2082 543 de
2097 511 2233 545 Mai-ola,

1229 583 1240 596 >³
1267 580 1340 600 cum
1362 571 1402 600 sit
1428 569 1611 608 antiquius=
1635 572 1731 606 caput
1754 567 1861 605 ipsius
1882 566 2010 596 ordinis
2032 570 2233 599 statuentes3

1229 636 1240 650 »
1266 623 1312 653 ita
1329 628 1437 653 tamen
1455 627 1490 652 ut
1510 622 1548 651 de
1571 626 1679 651 cetero
1704 621 1823 650 fratres
1845 619 2020 657 utriusque
2041 617 2236 648 monasterii

1229 689 1241 702 »
1266 676 1333 706 sint
1348 684 1453 705 unum
1472 683 1601 713 corpus,
1622 682 1726 703 unum
1747 672 1922 710 collegium
1940 676 1971 702 et
1988 680 2075 701 unus
2092 679 2236 701 conven-

1230 742 1241 754 »
1268 733 1331 763 tus,
1350 733 1379 758 et
1394 736 1508 758 omnes
1522 726 1728 757 unanimiter
1742 725 1803 755 sub
1815 724 1929 763 regula
1942 724 2028 754 beati
2042 722 2234 761 Augustini,

1230 794 1241 807 n
1267 786 1297 812 et
1325 780 1621 811 constitutionibus
1651 784 1682 809 et
1711 777 1933 808 observantiis
1964 783 1995 807 et
2027 775 2237 814 regularibus

1230 847 1242 860 »
1268 833 1456 872 disciplinis
1471 832 1664 862 monasterii
1679 831 1717 861 de
1732 830 1958 869 Campagnola
1968 829 2106 859 debeant
2123 827 2237 858 Domi-

1230 900 1242 913 »
1268 896 1309 917 no
1325 887 1359 916 in
1375 891 1570 924 perpetuum
1585 884 1742 917 militare,
1763 888 1794 913 et
1815 882 1875 913 sub
1889 882 2077 912 obedientia
2092 885 2123 911 et
2141 880 2237 910 disci-

1231 954 1243 966 »
1268 940 1358 978 plina
1375 943 1404 969 et
1425 937 1587 976 regimine
1602 937 1702 967 unius
1720 935 1862 975 pastoris
1878 940 1909 965 et
1925 935 2025 964 unius
2042 934 2160 972 capitis
2177 942 2240 971 gu-

1231 1006 1243 1019 »
1269 992 1414 1022 bernari.
1442 992 1560 1021 Actum
1587 990 1620 1019 in
1650 988 1794 1027 capitulo
1819 987 2014 1018 monasterii
2041 987 2079 1018 de
2100 985 2237 1016 Mat-ola.

1231 1057 1243 1072 ι)
1270 1046 1336 1083 Ego
1346 1044 1510 1075 Martinus
1522 1043 1669 1074 Oddonis
1681 1042 1842 1077 Predarii,
1854 1041 2003 1071 notarius
2017 1040 2102 1070 sacri
2113 1039 2239 1078 palatii,

1231 1110 1243 1124 >2
1269 1097 1335 1127 hiis
1347 1095 1661 1130 onmibusinterfui,
1675 1094 1787 1125 audivi
1799 1098 1830 1124 et
1842 1098 1976 1132 rogatus
1991 1093 2122 1132 scripsi.
2143 1105 2154 1119 »

1274 1202 1398 1233 «Nulli
1421 1211 1497 1240 ergo
1521 1206 1632 1231 nostre
1653 1200 1915 1231 confirmationis
1939 1204 1998 1230 ete.
2026 1199 2062 1230 Si
2086 1199 2162 1238 quis
2183 1208 2243 1228 au-

1232 1261 1297 1287 tem
1310 1261 1370 1287 etc.
1387 1257 1458 1286 Dat.
1474 1253 1895 1303 I„ate1·ani‚VIidusjunii‚
1910 1262 1996 1283 anno
2008 1252 2212 1283 duodecimo.
2227 1264 2240 1277 ι)

1303 1442 1422 1470 4410
1827 1441 1948 1472 Latran,
1964 1439 1997 1466 12
2009 1439 2073 1473 juin
2090 1438 2169 1465 1238.

1268 1504 1405 1536 Jordano,
1423 1503 1632 1531 archidiacono
1647 1502 1836 1535 Menevensi‚
1853 1502 1903 1536 qui
1920 1501 2074 1528 dicebatur
2089 1499 2244 1527 intendere

1235 1561 1248 1579 ι(
1264 1552 1479 1587 hospitalitatis
1496 1552 1590 1579 cultui
1609 1555 1637 1579 et
1658 1551 1806 1586 frequenti
1823 1551 1920 1578 studio
1937 1550 2070 1577 caritatis
2087 1557 2112 1582 ι),
2129 1549 2244 1584 signifi-

1235 1605 1281 1629 eat
1295 1610 1325 1628 se
1340 1610 1407 1628 eum
1422 1610 1454 1628 eo
1470 1601 1640 1636 dispensare
1660 1603 1693 1627 ut
1711 1609 1777 1627 cum
1794 1600 2038 1627 archidiaconatu
2056 1598 2243 1631 Menevensi,

1235 1651 1285 1685 qui
1306 1650 1432 1678 habebat
1452 1658 1553 1677 curam
1574 1650 1744 1676 animarum
1766 1657 1925 1680 annexam,
1945 1651 1973 1674 et
1989 1655 2089 1674 annua
2104 1647 2245 1681 pensione

1235 1699 1391 1726 duodecim
1409 1707 1576 1726 marcarum
1594 1706 1682 1732 quam
1697 1698 1821 1732 adeptus
1835 1700 1897 1724 erat
1916 1696 1947 1723 in
1964 1695 2087 1723 ecclesia
2103 1695 2139 1722 de
2154 1695 2246 1722 Hele-

1236 1757 1297 1775 sam
1313 1750 1358 1780 (=
1374 1748 1557 1779 Hailsham),
1575 1746 1772 1774 Cicestrensis
1788 1746 1940 1778 dioecesis,
1956 1745 2076 1772 unicum
2095 1744 2246 1772 ecclesias-

1237 1797 1330 1824 ticum
1345 1796 1663 1828 benefieiu1n‚l]abe11s
1686 1804 1786 1822 curam
1811 1795 1953 1827 similem,
1976 1794 2104 1828 recipere
2127 1796 2155 1820 et
2174 1793 2247 1820 reti-

1238 1854 1306 1872 nere
1322 1846 1431 1877 valeat,
1452 1845 1494 1872 ita
1513 1848 1612 1872 tamen
1637 1845 1713 1879 quod
1737 1845 1768 1871 in
1789 1843 2032 1871 archidiaconatu
2055 1842 2248 1877 personaliter

1238 1894 1348 1921 serviat
1369 1896 1397 1921 et
1417 1894 1447 1920 in
1469 1894 1562 1920 altero
1584 1893 1726 1920 beneficio
1747 1901 1798 1927 per
1821 1892 1959 1919 idoneum
1986 1891 2131 1918 vicarium
2159 1890 2248 1918 faciat

1239 1943 1393 1970 deserviri.
1405 1958 1436 1961 —
1453 1943 1540 1974 (nm.
1553 1942 1597 1975 19,
1611 1943 1630 1969 f.
1645 1942 1679 1969 ‘29
1694 1945 1739 1974 v⁰;
1756 1949 1826 1968 ann.
1844 1941 1912 1972 XII,
1929 1948 1953 1966 c.
1971 1939 2045 1970 150.)

1282 2056 1294 2071 «
1312 2045 1454 2079 „low-clano,
1478 2044 1697 2073 archidiacono
1717 2043 1896 2072 Menevensi.
1918 2041 2064 2079 Dignum
2085 2044 2132 2070 est
2149 2043 2184 2069 ut
2199 2056 2249 2068 —.

1241 2097 1314 2126 Dat.
1333 2095 1499 2130 Laterani,
1519 2096 1549 2125 II
1567 2094 1641 2124 idus
1655 2094 1756 2134 junii,
1775 2102 1861 2123 anno
1878 2092 2081 2122 duodecimo.
2105 2103 2118 2118 »

1313 2282 1396 2310 44¹
1407 2282 1425 2308 Ι
1835 2279 1956 2310 Latran,
1973 2278 2006 2304 13
2019 2277 2084 2311 juin
2100 2276 2179 2304 1238.

1280 2344 1472 2370 Patriam-bae
1499 2341 1789 2375 Hierosolymitano‚
1814 2339 2002 2374 Apostolieae
2031 2338 2116 2366 Sedis
2146 2339 2252 2372 legato,

1245 2392 1367 2419 mandat
1381 2394 1526 2425 quatenus
1543 2390 1668 2425 plebano
1684 2392 1712 2416 et
1724 2388 1841 2416 clericis
1858 2387 1961 2415 Sancti
1973 2387 2069 2414 Marci
2083 2386 2130 2422 [de
2140 2383 2252 2420 Aecon]

1245 2445 1273 2468 et
1288 2441 1356 2468 aliis
1375 2441 1499 2467 Venetis
1520 2438 1772 2467 commorantibus
1794 2438 1825 2464 in
1846 2438 1945 2464 Accon
1968 2437 2105 2471 injungat
2125 2439 2157 2463 ut
2173 2436 2253 2463 infra

1244 2498 1355 2516 annum
1373 2488 1577 2523 privilegium,
1595 2488 1618 2515 si
1639 2487 1716 2521 quod
1733 2486 1871 2518 habeant,
1885 2486 2053 2518 ostendant,
2070 2493 2160 2519 quare
2175 2484 2254 2519 epis—

1245 2546 1315 2571 eopo
1330 2537 1496 2564 Aceonensi
1517 2537 1552 2563 de
1572 2536 1687 2570 juribus
1707 2534 1925 2570 episcopatibus
1945 2533 2120 2568 respondere
2136 2541 2193 2559 non
2210 2534 2254 2559 te-

1247 2588 1381 2612 neantur.
1400 2600 1431 2603 —
1445 2586 1533 2616 (Rea.
1551 2585 1594 2617 19,
1613 2586 1632 2611 t'.
1651 2583 1686 2611 30
1707 2587 1744 2615 r⁴';
1761 2592 1831 2610 ann.
1853 2583 1921 2615 XII,
1944 2591 1968 2609 c.
1986 2582 2060 2613 151.)

1289 2698 1300 2711 α
1331 2708 1349 2714 ..
1375 2685 1550 2723 patriarche
1574 2684 1832 2717 ,lerosolimitanm
1855 2682 2019 2720 Apostolice
2038 2682 2124 2710 Sectis
2148 2682 2254 2718 legato.

1248 2738 1402 2776 Exposita
1418 2737 1514 2767 nobis
1531 2735 1733 2766 venerabilis
1750 2735 1864 2764 fratris
1886 2734 1990 2764 nostri
2011 2756 2030 2763 ..
2053 2733 2257 2763 Acconensis

1248 2790 1392 2829 episcopi
1423 2789 1538 2828 petitio
1563 2787 1752 2818 continebat
1780 2787 1877 2826 quod,
1897 2795 1971 2816 curn
1999 2795 2058 2816 nos
2083 2785 2173 2820 olim‚
2200 2794 2258 2824 pro

1249 2852 1348 2873 causa
1365 2852 1428 2881 que
1442 2843 1529 2872 inter
1546 2842 1666 2879 ipsum,
1683 2849 1720 2870 ex
1736 2844 1828 2878 parte
1845 2848 1922 2874 una,
1940 2843 1971 2869 et
1990 2862 2009 2868 ..
2026 2838 2203 2877 plebanum
2221 2847 2258 2868 ac.

1249 2896 1386 2926 clericos
1405 2895 1543 2925 ecclesie
1561 2893 1674 2925 Sancti
1693 2892 1796 2923 Marci
1810 2897 1841 2923 et
1857 2892 1940 2922 alios
1956 2893 2101 2922 Venetos
2117 2899 2256 2921 commo-

1250 2953 1361 2978 rantes
1379 2949 1412 2977 in
1429 2949 1549 2981 Accon,
1569 2957 1605 2977 cx
1620 2946 1734 2980 altera,
1751 2953 1850 2983 super
1862 2945 1937 2984 jure
1953 2943 2153 2983 parrochiali
2171 2944 2255 2983 ejus-

2417 100 2423 115 ..
2393 0 2423 93 ala-122
