2371 3497
189 2363 203 2377 <(

190 2416 203 2430 ((

191 2521 204 2535 ((

192 2730 205 2743 ((

193 2834 206 2848 ((

193 2886 205 2899 ((

194 2938 206 2951 ((

216 366 299 403 cepit
329 368 521 402 potestatem
546 372 562 392 a
591 361 758 400 predictis.
789 364 901 390 contra
927 359 1116 397 episcopum
1143 361 1174 386 et

215 417 386 447 ecclesian]
403 416 630 445 Aniciensem:

217 482 230 495 (ι
248 470 329 499 Item
346 469 601 497 instrumentum
623 466 784 496 sententie
807 474 864 503 per
884 473 982 503 quam
1004 464 1088 493 bone
1103 471 1172 492 me-

216 521 317 550 morie
344 519 507 549 Honorins
529 527 610 556 papa
635 519 666 547 in
693 518 783 547 mille
805 516 996 556 quingentis
1019 520 1048 545 et
1075 515 1173 553 quin—

217 572 371 611 quaginta
386 571 479 599 libris
494 570 792 608 Provenien[sium]
807 569 954 600 Francie,
972 572 1000 598 et
1016 567 1172 597 trecentis

216 629 246 655 et
265 624 503 662 quinquaginta
520 623 639 652 marcis
658 622 835 651 bonorum,
858 629 1017 650 novorum
1033 624 1063 649 et
1084 619 1173 656 lega-

215 677 296 706 lium
325 676 580 712 sterlinguorum
607 674 828 712 Stephanum,
858 673 1022 712 quondam
1051 672 1173 709 episco-

214 737 307 766 pum,
327 732 354 757 et
374 727 544 757 ecclesiam
560 727 772 756 Aniciensem
789 725 893 755 eidem
912 725 1052 759 Mafflie,
1068 732 1128 753 sno
1144 727 1174 753 et

215 780 374 809 dictorum
402 779 631 817 Papiensium.
659 778 822 808 sociorum
849 786 1000 811 suorum,
1028 776 1172 811 nomine,

216 831 480 869 condempnavit,
499 835 530 861 et
553 831 680 860 litteras
701 830 848 868 ejusdcm
873 829 1037 859 sententie
1062 836 1174 858 execu-

215 885 316 914 torias
337 893 398 922 que
419 883 458 912 ab
477 883 547 921 ipso
565 883 696 912 domino
715 882 861 911 Honorio
883 886 913 911 et
935 881 1141 919 postmodum
1157 889 1175 910 a

216 936 346 966 domino
365 935 522 973 Gregorio
545 939 656 965 contra
677 935 785 973 ipsum
810 934 999 972 episcopum
1018 937 1049 963 et
1071 933 1175 963 eccle-

215 989 296 1018 siam
313 992 505 1018 emanarunt
521 998 526 1023 3

218 1053 230 1067 a
255 1041 336 1070 Item
356 1040 614 1069 instrumentum
637 1039 765 1069 arbitrii
786 1048 843 1078 per
864 1039 950 1078 quod
966 1039 1001 1068 in
1017 1038 1176 1077 quadrin-

217 1093 322 1131 gentis
353 1097 381 1123 ct
413 1093 548 1130 triginta
577 1093 723 1131 quinque
752 1093 847 1122 libris
874 1092 1175 1129 P1·ovenien[sium]

216 1146 352 1176 Francie
382 1150 412 1176 et
441 1147 611 1183 sexaginta
644 1147 764 1176 marcis
800 1146 979 1180 bonorum,
1017 1154 1177 1175 novorum

218 1197 271 1237 [et]
288 1198 443 1236 legalium
460 1198 717 1236 sterlinguorum
734 1198 817 1228 bone
834 1199 991 1228 memorie
1007 1198 1174 1236 Pelagius,

220 1250 417 1280 Albancnsis
441 1250 623 1288 episcopus.
648 1251 682 1279 in
711 1259 807 1289 quem
828 1250 868 1280 ab
884 1250 991 1288 ips[is]
1010 1250 1176 1288 Stephano

219 1303 379 1341 episcopo.
399 1312 455 1340 pro
472 1312 506 1332 se
526 1307 556 1332 et
573 1303 710 1332 ecclesia
727 1312 796 1338 sua,
818 1307 849 1333 et
865 1303 1001 1337 Mathia,
1017 1312 1075 1341 pro
1096 1312 1129 1333 se
1147 1307 1177 1333 et

219 1357 314 1386 dietis
346 1356 568 1391 Lucensibus,
598 1365 615 1385 a
645 1356 765 1394 quibus
794 1356 986 1386 mandatum
1015 1356 1174 1391 habebat,

219 1408 323 1439 extitit
348 1409 619 1446 compromissum
644 1413 680 1439 ut
707 1409 865 1448 quicquid
892 1409 979 1448 ipse,
1007 1409 1076 1440 sive
1104 1413 1177 1439 tan-

219 1470 317 1500 quam
336 1461 457 1490 arbiter
475 1461 543 1491 sive
559 1465 716 1500 tanquam
733 1461 829 1497 alius,
845 1462 913 1492 sive
930 1471 987 1500 per
1003 1462 1178 1492 arbitrium

221 1514 290 1544 sive
320 1513 383 1543 alio
413 1514 526 1549 modo,
560 1514 629 1544 sive
659 1514 693 1543 in
720 1515 846 1554 judicio
875 1515 944 1545 sive
975 1519 1066 1545 extra
1089 1515 1179 1554 judi-

221 1567 325 1601 cium,
357 1575 455 1604 super
485 1567 641 1604 predictis
671 1567 888 1598 arbitraretur
917 1568 986 1598 sive
1017 1567 1177 1604 laudaret,

223 1623 278 1649 aut
296 1628 490 1658 quocunque
505 1620 599 1649 modo
613 1620 795 1658 preciperet
811 1625 866 1650 ant
889 1621 1022 1657 diceret,
1039 1626 1179 1661 utraque

222 1681 297 1710 pars
316 1672 436 1702 faceret
459 1676 489 1702 et
511 1672 714 1707 observaret,
734 1682 794 1703 nec
816 1678 929 1703 contra.
946 1674 1090 1710 veniret,
1111 1674 1180 1704 dic-

224 1729 292 1754 tum
318 1725 505 1763 episcopum
524 1729 554 1755 et
577 1725 749 1756 ecclesiam
767 1727 893 1764 prefato
911 1727 1050 1763 Mathie,
1070 1736 1128 1757 suo
1145 1737 1181 1757 ac

223 1777 383 1806 dictorum
406 1778 605 1807 Lucensium
630 1778 778 1813 nomine,
797 1779 1063 1817 condempnavit,
1081 1784 1112 1809 et
1126 1780 1182 1809 lit-

223 1833 310 1860 teras
338 1839 394 1867 per
424 1839 504 1868 quas
536 1830 642 1860 dictus
671 1831 838 1861 Honorius
870 1832 979 1870 ipsum
1009 1832 1182 1862 arbitrium

222 1882 428 1919 postmodum
447 1882 653 1913 confirmavit
667 1893 672 1918 ;

226 1945 239 1959 α
267 1934 349 1963 Item
373 1933 593 1964 instrumenta
620 1935 690 1965 sive
715 1935 842 1966 litteras
870 1945 927 1974 per
955 1946 1019 1975 que
1046 1937 1098 1967 vel
1125 1946 1184 1976 per

224 1994 305 2024 quas
324 1986 430 2016 dictus
449 1987 634 2024 Stephanus
652 1987 823 2026 episcopus
845 1989 965 2019 dictam
984 1990 1184 2020 sententiam

224 2042 255 2067 et
277 2037 468 2071 arbitrium,
488 2038 675 2077 juramento
695 2039 908 2078 interposito,
938 2034 1129 2080 approbavit
1153 2046 1184 2071 et

225 2091 403 2128 acceptavit
415 2101 420 2126 ;

227 2155 240 2169 (ι
259 2144 341 2173 Item
357 2143 577 2174 instrumenta
597 2154 655 2183 per
676 2155 739 2184 que
759 2147 839 2176 dicti
856 2147 1037 2186 Papienses
1058 2148 1184 2186 obliga-

226 2200 341 2225 verunt
367 2196 430 2234 ipsi
448 2197 571 2227 Matllie
588 2202 690 2227 totum
711 2199 857 2229 debitum
878 2201 965 2238 quod
982 2201 1120 2231 debebat
1136 2202 1184 2233 eis

227 2247 397 2285 episcopus
416 2254 446 2278 et
463 2249 601 2279 ecclesia
619 2251 826 2287 Aniciensis3

229 2312 241 2325 «
263 2300 343 2329 Item
367 2300 588 2331 instrumenta
608 2303 795 2332 cessionum
816 2313 914 2342 super
934 2305 1030 2336 dictis
1046 2307 1185 2337 summis

228 2360 246 2380 a
273 2352 407 2389 prefatis
433 2353 651 2391 Papiensibus
675 2355 726 2385 vel
753 2357 968 2393 Lucensibus,
996 2358 1047 2388 vel
1074 2368 1185 2389 eorum

228 2403 416 2440 heredibus,
435 2406 578 2443 predicto
596 2407 720 2438 Mathie
738 2409 898 2439 saetarum
913 2421 918 2445 ;

229 2468 242 2482 «
268 2457 348 2486 Item
371 2457 591 2488 instrumenta
612 2459 899 2491 denuntiationum
923 2463 962 2492 ah
985 2464 1098 2494 eodem
1116 2466 1186 2495 Ma—

229 2508 298 2538 thia
318 2511 443 2547 prefato
465 2511 630 2549 Stephano
651 2513 801 2551 episcopo
818 2519 849 2544 et
870 2517 1075 2553 procuratori
1097 2518 1185 2555 capi-

228 2561 288 2590 tuli
304 2561 475 2593 factarum.
494 2572 551 2601 per
566 2573 629 2602 que
642 2565 742 2595 iidem
759 2566 946 2604 obligarunt
968 2568 1019 2598 vel
1035 2569 1188 2599 videntur

231 2621 264 2643 se
287 2618 317 2643 et
340 2615 517 2652 predictam
537 2616 709 2647 ecclesiam
724 2618 903 2655 obligasse,
922 2621 1008 2658 quod
1033 2630 1096 2651 non
1122 2623 1187 2652 sol-

231 2669 307 2695 vant
332 2666 420 2704 ipsas
440 2669 640 2706 quantitates
657 2669 757 2700 alicui
776 2671 833 2700 alii
854 2672 1023 2708 creditori,
1042 2674 1107 2704 nisi
1127 2675 1188 2705 soli

230 2718 353 2748 Mathie
380 2719 429 2750 vel
453 2720 522 2758 ejus
549 2726 636 2751 certo
662 2723 789 2754 nuntio.
818 2728 848 2753 et
875 2725 961 2763 quod
979 2734 1044 2755 non
1060 2727 1188 2764 possint

230 2770 365 2808 probare
388 2771 584 2803 solutionem
603 2774 637 2803 in
659 2778 761 2804 totum
780 2776 831 2806 vel
852 2777 886 2805 in
907 2782 1032 2815 partem
1049 2788 1106 2817 per
1123 2784 1188 2809 tes-

231 2826 278 2851 tes
295 2822 422 2861 aliquos
442 2825 509 2855 sive
526 2835 583 2863 per
601 2826 712 2865 aliqua
728 2827 959 2864 instrumenta,
980 2831 1045 2860 nisi
1061 2831 1188 2861 instru—

231 2878 339 2903 menta
364 2876 483 2910 debiti,
505 2879 667 2908 sententia
686 2879 810 2909 domini
836 2882 990 2917 Honorii,
1016 2883 1189 2912 arbitrium

232 2926 355 2955 domini
385 2928 582 2959 Albanensis
610 2936 639 2960 et
667 2931 731 2961 alia
761 2933 869 2962 onmia
903 2934 1123 2965 instrumenta
1155 2936 1188 2964 in

892 292 1129 324 REGISTRES
1150 291 1206 320 DE
1229 283 1449 321 GREGOIRE
1473 292 1532 320 1x.
2227 294 2265 323 24

1258 368 1271 382 a
1296 356 1450 385 manibus
1476 356 1623 393 ipsorum
1640 360 1769 386 cassata
1792 365 1851 386 sen
1874 356 2054 387 cancellata
2073 363 2263 396 appareant,

1258 420 1271 433 «
1297 411 1327 437 et
1346 408 1446 437 etiam
1469 407 1535 437 nisi
1554 408 1729 437 ostendant
1745 408 1914 446 publicum
1936 409 2196 439 instrumentum
2211 419 2265 441 re-

1258 471 1270 485 «
1296 459 1470 489 futationis
1487 468 1546 489 seu
1564 460 1784 496 liberationis,
1797 461 1831 490 in
1849 470 1913 499 quo
1930 460 2121 500 hujusmodi
2137 462 2266 493 instru-

1258 523 1271 537 (ι
1297 516 1481 541 mentorum
1499 512 1555 542 fiat
1573 513 1716 548 mentio,
1738 522 1838 542 manu
1856 513 1987 551 publica
2007 515 2193 544 consectum
2209 524 2264 545 co-

1259 575 1271 589 «
1296 573 1366 593 ram
1385 587 1404 592 ..
1423 565 1580 594 Remensi
1605 569 1637 594 et
1655 588 1674 593 ..
1695 566 1881 595 Senonensi
1906 565 2181 605 archiepiscopis,
2206 568 2264 605 [et]

1259 628 1271 642 «
1300 639 1319 644 ..
1339 617 1494 647 Trecensi
1515 621 1546 646 et
1564 641 1583 646 ..
1602 618 1806 655 Lingonensi
1832 619 2011 657 episcopis,
2039 624 2069 649 et
2088 629 2202 650 eorum
2217 621 2265 650 si-

1259 682 1271 696 α
1297 669 1386 707 gillis
1403 670 1597 707 sigillatum,
1615 675 1646 700 et
1662 671 1782 701 multas
1800 671 1881 702 alias
1900 672 2110 703 difficultates
2126 682 2189 712 que
2208 682 2267 703 su-

1259 734 1271 747 «
1297 721 1443 759 pradicta
1459 722 1630 752 continent
1646 723 1868 753 instrumenta
1883 734 1889 759 ς

1299 787 1311 801 «
1329 775 1413 804 Item
1430 783 1626 813 quecunque
1643 775 1707 804 alia
1724 776 1962 811 instrumenta,
1981 777 2175 814 protocolla,
2195 778 2265 808 sive

1259 839 1272 853 α
1297 827 1494 864 scripturas,
1524 827 1593 857 sive
1610 827 1692 857 alias
1713 828 1925 866 probationes
1948 838 2046 867 super
2067 839 2266 869 quocunque

1260 891 1272 906 «
1297 879 1425 911 debito,
1453 879 1574 918 quibus
1600 879 1744 909 Mathias
1770 880 1803 908 in
1826 880 1952 919 judicio
1971 886 2080 911 vestro
2099 887 2130 911 et
2155 891 2267 912 coram

1260 944 1272 957 «
1298 931 1391 961 vobis
1410 940 1490 961 usus
1508 935 1566 966 est,
1585 931 1637 961 vel
1653 931 1718 960 alia
1734 940 1930 970 quecunque
1950 933 2047 962 habet
2065 934 2150 971 apud
2167 943 2202 964 se
2225 935 2265 965 de

1260 997 1273 1011 «
1298 984 1500 1022 ubicunque,
1520 993 1618 1021 super
1634 993 1831 1022 quacunque
1848 993 1977 1014 summa
1993 990 2049 1014 aut
2066 986 2264 1024 quantitate,

1261 1050 1273 1063 α
1299 1037 1333 1065 in
1361 1037 1482 1074 quibus
1513 1036 1704 1065 continetur
1735 1037 1924 1074 episcopum
1953 1041 1983 1066 et
2011 1037 2185 1067 ecclesiam
2213 1041 2271 1068 aut

1261 1102 1274 1116 «
1299 1089 1480 1127 capitulum
1501 1089 1698 1118 Anicienses
1717 1089 1814 1118 dictis
1832 1089 1974 1122 Mathie,
1995 1090 2216 1128 Papiensibus
2235 1094 2267 1121 et

1261 1155 1274 1169 «
1300 1142 1506 1172 Lucensibus
1525 1141 1653 1180 aliquid
1669 1142 1787 1171 debere
1805 1142 1856 1171 vel
1875 1151 1947 1172 esse
1964 1142 2125 1180 obligatos
2146 1143 2181 1172 in
2202 1143 2266 1174 ali-

1261 1207 1274 1222 «
1300 1204 1374 1234 quo,
1394 1195 1428 1223 in
1446 1194 1597 1229 summis,
1614 1194 1867 1232 quantitatibus,
1884 1194 1935 1224 vel
1949 1195 1983 1224 in
1997 1204 2032 1225 re
2047 1204 2244 1235 quacunque
2259 1205 2268 1225 :

1301 1260 1314 1274 «
1335 1247 1447 1283 Cassa,
1477 1247 1573 1276 irrita
1598 1251 1629 1276 et
1653 1246 1789 1276 inutilia
1812 1247 2034 1285 pronuntiari,
2064 1257 2138 1278 cum
2161 1248 2270 1278 eidem

1262 1313 1274 1327 α
1298 1300 1439 1335 Mathie,
1459 1309 1517 1338 pro
1538 1308 1572 1329 se
1594 1304 1625 1330 et
1648 1300 1745 1329 dictis
1762 1300 1984 1338 Papiensibus
2002 1304 2033 1330 et
2049 1301 2269 1337 Lucensibus,

1262 1365 1275 1380 «
1299 1353 1334 1383 in
1351 1353 1506 1383 omnibus
1526 1353 1681 1387 summis,
1701 1353 1945 1391 quantitatibus
1965 1358 1996 1383 et
2013 1353 2112 1383 rebus
2130 1354 2272 1392 quihus-

1263 1419 1274 1432 «
1300 1414 1441 1444 cunque,
1466 1405 1600 1435 nomine
1621 1405 1701 1435 dicti
1726 1405 1872 1444 episcopi
1899 1410 1930 1435 et
1954 1406 2093 1436 ecclesie
2110 1406 2274 1437 Anicien—

1261 1472 1274 1486 t(
1300 1459 1357 1494 sis,
1375 1458 1472 1497 plene
1488 1462 1518 1489 et
1531 1459 1660 1496 integre
1679 1459 1888 1489 satisfactum
1904 1459 1947 1489 sit
1963 1463 1993 1489 et
2010 1451 2166 1489 solutum.
2184 1471 2196 1486 n

1303 1577 1316 1592 ιι
1341 1565 1413 1595 Lite
1433 1574 1510 1595 vero
1527 1573 1626 1603 super
1641 1564 1815 1603 premissis
1832 1568 1906 1599 eto,
1925 1568 1961 1594 ut
1977 1574 2093 1604 supra,
2114 1565 2149 1594 in
2166 1565 2233 1595 alia
2246 1566 2270 1601 ¹,

1264 1630 1276 1644 n
1301 1627 1407 1656 usque
1428 1628 1434 1646 :
1453 1621 1520 1647 tam
1532 1617 1618 1657 juris
1636 1626 1736 1656 quam
1751 1617 1846 1653 facti,
1865 1617 2110 1647 sententialiter
2123 1626 2274 1655 pronun-

1265 1682 1277 1697 »
1303 1670 1424 1700 tiamus
1452 1679 1566 1700 omnes
1591 1669 1737 1704 litteras,
1765 1670 1877 1699 omnia
1905 1670 2129 1700 instrumenta
2155 1679 2274 1709 supra-

1265 1735 1277 1749 »
1303 1723 1404 1759 dicta,
1431 1723 1569 1761 insuper
1592 1723 1704 1753 omnia
1725 1723 1847 1761 scripta
1872 1727 1903 1752 et
1928 1722 2108 1761 protocolla
2132 1728 2164 1753 et
2190 1723 2275 1754 alias

1265 1788 1278 1803 »
1304 1785 1519 1815 quascunque
1542 1776 1770 1814 probationes,
1794 1785 1858 1814 que
1883 1779 1998 1805 contra
2014 1776 2160 1814 prefatos
2185 1775 2274 1814 epis-

1266 1842 1278 1856 »
1304 1838 1432 1867 copum,
1453 1829 1628 1859 ecclesiam
1646 1832 1677 1859 et
1695 1828 1877 1866 capitulum
1893 1837 1992 1866 super
2007 1827 2165 1866 predictis
2181 1836 2275 1858 sum-

1266 1894 1279 1909 n
1303 1882 1367 1912 mis
1384 1886 1416 1912 et
1433 1881 1676 1921 quantitatibus
1700 1881 1769 1911 sive
1788 1881 1909 1911 debitis
1926 1884 2138 1919 apparerent,
2155 1880 2253 1911 irrita
2265 1903 2273 1917 ,

1266 1947 1279 1962 »
1304 1944 1399 1965 cassa
1414 1939 1446 1965 et
1461 1934 1614 1970 inutilia,
1633 1934 1806 1973 etjuribus
1822 1933 1977 1963 omnibus
1995 1942 2124 1969 carere3
2143 1941 2276 1972 preser-

1267 2000 1279 2015 »
1305 1988 1366 2018 tim
1389 1997 1464 2018 cum
1479 1988 1647 2026 predictus
1664 1986 1857 2017 VVillelmus
1873 1991 1945 2022 etc.,
1964 1990 2001 2016 ut
2017 1989 2145 2024 supra'2.
2167 1986 2276 2023 Quam

1266 2054 1279 2069 »
1305 2041 1506 2072 sententiam
1537 2040 1625 2071 idem
1654 2039 1798 2070 Mathias
1833 2043 1864 2069 et
1896 2039 2044 2078 prefatus
2081 2042 2276 2077 procurator

1267 2106 1280 2122 »
1305 2099 1486 2133 spontanee
1503 2097 1726 2132 acceptarunt.
1747 2104 1759 2119 »

1308 2212 1321 2227 <t
1339 2199 1433 2230 Nulli
1449 2208 1525 2237 ergo
1543 2199 1631 2239 [eto]
1647 2202 1758 2228 nostre
1779 2197 2041 2227 confirmationis
2058 2201 2119 2228 etc.
2147 2197 2183 2227 Si
2199 2196 2276 2236 quis

1267 2256 1377 2282 autem
1406 2257 1467 2282 etc.
1496 2253 1568 2282 Dat.
1598 2251 1745 2286 Perusii,
1774 2251 1823 2281 III
1848 2250 2008 2280 kalendas
2029 2249 2161 2288 aprilis,
2187 2257 2276 2280 anno

1268 2313 1365 2335 nono.
1387 2317 1400 2331 »

1339 2476 1456 2504 2498
1827 2476 1963 2508 Perouse,
1980 2475 2015 2502 30
2029 2483 2108 2502 mars
2122 2474 2202 2502 1235.

1303 2538 1413 2566 Abbati
1427 2541 1455 2565 et
1469 2537 1628 2565 conventui
1643 2537 1723 2565 Belli
1733 2537 1803 2564 Loci
1817 2536 1951 2563 coneedit
1964 2539 2007 2569 ut,
2028 2536 2148 2564 statutis
2166 2536 2276 2564 Cister-

1269 2585 1376 2613 ciensis
1394 2586 1506 2613 ordinis
1528 2595 1586 2613 non
1601 2586 1802 2618 obstantibus,
1819 2584 1974 2612 ecclesiam
1990 2585 2026 2611 de
2049 2585 2158 2612 Sancto
2173 2584 2276 2612 Kave-

1270 2643 1340 2661 rano
1357 2636 1400 2666 (=
1416 2635 1447 2662 S.
1465 2635 1596 2666 Kevern)
1612 2635 1643 2661 in
1663 2643 1732 2662 usus
1746 2634 1876 2669 proprios
1898 2636 2015 2668 propter
2033 2634 2164 2668 ipsorum
2178 2641 2277 2661 neces-

1270 2682 1370 2709 sitates
1386 2683 1512 2710 retinere
1528 2683 1650 2717 possint.
1667 2698 1698 2701 —
1712 2684 1798 2715 (Rae.
1816 2682 1860 2716 18,
1878 2683 1898 2709 f.
1915 2682 1948 2709 12
1964 2685 2005 2714 r⁴';
2020 2690 2090 2708 ann.
2106 2682 2159 2715 IX,
2176 2690 2200 2708 c.
2218 2681 2276 2714 10.)

1312 2794 1325 2808 α
1350 2805 1369 2810 ..
1391 2783 1492 2811 abbati
1513 2788 1539 2812 et
1561 2784 1725 2812 concentui
1744 2784 1889 2818 Belliloci,
1916 2783 2123 2812 cisterciensis
2144 2782 2276 2812 ordinis.

1304 2900 1324 2924 1.
1341 2899 1382 2924 Cf.
1399 2907 1495 2929 supra,
1512 2905 1540 2923 n⁶
1554 2900 1623 2931 2493,
1639 2902 1670 2924 in
1686 2902 1751 2929 stne.

1302 2943 1324 2967 2.
1343 2942 1383 2967 Cf.
1401 2950 1497 2973 supra,
1514 2949 1542 2967 n⁰
1559 2944 1629 2973 2493,
1647 2946 1675 2968 in
1693 2946 1758 2974 (ine,
1773 2948 1799 2968 et
1815 2945 1884 2969 ι2495.
