2519 3518
128 295 164 326 ⁵3
964 287 1192 327 NEUVIEME
1214 286 1373 325 ANNEE.
2171 299 2205 328 54

127 360 228 392 Sedes
244 361 443 400 Apostolica,
458 361 512 400 pia
527 367 643 398 mater,
661 372 724 402 que
741 363 928 393 infirmatur
943 371 1016 393 cum
1033 361 1128 391 infir-

126 413 312 449 mantibus,
341 418 489 444 materna
514 415 641 445 viscera
667 415 828 454 deponere
855 415 1022 449 videatur,
1051 413 1128 444 licet

126 465 223 505 plaga.
240 465 431 506 hujusmodi
450 467 688 506 quodammodo
707 467 923 506 desperabilis
940 467 982 497 sit
1000 466 1125 501 effecta,

126 518 270 549 scientes
280 522 389 549 tamen
399 519 485 558 quod
497 528 562 550 non
574 524 623 550 est
633 519 823 550 abbreviata
832 528 950 550 manus
961 519 1094 550 Domini
1105 520 1125 553 ¹,

125 574 163 601 ut
177 579 295 601 sanare
312 580 376 601 non
392 572 507 610 possit,
524 571 631 602 adhuc
646 572 809 602 curationi
825 573 896 611 ers
912 572 1065 602 duximus
1079 571 1127 601 in-

127 623 323 654 sistendum.
350 624 492 663 Ideoque
522 624 717 654 mandamus
742 629 923 663 quatenus,
953 624 994 654 ad
1019 624 1126 654 locum

127 675 271 714 aliquem
283 676 324 706 ad
334 676 395 707 hoc
407 681 516 716 aptum
530 676 592 707 hoc
606 685 692 707 anno
705 682 922 708 convocantes
933 677 1125 716 capitulum,

126 727 261 758 abbates
277 732 308 758 et
324 728 451 767 priores
467 737 531 758 non
550 728 710 759 hahentes
727 729 861 759 abbates
877 729 1043 768 proprios,
1061 733 1126 759 tam

126 784 292 818 exemptos
306 789 404 819 quam
419 789 484 810 non
499 785 675 819 exemptos,
693 781 867 812 Remensis
878 781 1057 820 provincie,
1069 781 1127 820 qui

126 841 190 862 non
207 837 450 863 consueverunt
469 832 659 872 hujusmodi
675 833 841 864 celebrare
857 833 1053 872 capitulum,
1071 842 1127 863 ve-

126 885 198 915 nire
211 885 250 914 ad
261 884 354 919 illud,
370 885 545 916 dummodo
559 894 623 915 non
640 885 707 916 sint
723 886 958 924 impedimento
969 885 1127 916 canonico

125 937 298 976 prepediti,
317 946 455 976 quorum
473 938 572 968 etiam
593 938 621 967 si
637 938 694 977 qui
707 938 992 977 suet-intimpediti
1005 937 1124 972 taliter,

125 989 254 1029 aliquos
270 999 328 1029 pro
341 1000 376 1021 se
392 990 535 1026 mittant,
553 991 733 1021 monitione
749 991 922 1029 premissa,
940 1000 997 1029 per
1012 999 1126 1020 censu-

123 1051 195 1073 ram
209 1042 479 1078 ecclesiasticam,
495 1043 645 1073 submoto
660 1043 836 1082 cujuslibet
855 1043 1125 1073 contradictionis

125 1099 156 1125 et
179 1095 409 1134 appellationis
432 1095 620 1130 obstaculo,
647 1095 868 1134 compellatis,
892 1100 941 1130 et,
959 1095 1126 1126 advocatis

123 1147 295 1178 caritative
315 1147 442 1178 duobus
465 1148 698 1179 cisterciensis
715 1148 842 1178 ordinis
861 1148 980 1178 vicinis
997 1147 1125 1178 abbati-

122 1199 196 1234 bus,
209 1200 392 1238 procedatis
404 1200 437 1229 in
453 1200 674 1231 celebratione
691 1200 837 1239 capituli,
851 1201 955 1231 Deum
965 1200 1124 1231 habentes

123 1262 180 1291 pre
209 1253 332 1288 oculis,
360 1253 453 1292 juxta
483 1253 752 1284 constitutionem
781 1253 915 1283 concilii
947 1253 1122 1291 generalis,

123 1305 236 1335 eadem
263 1314 403 1335 censura
432 1305 552 1335 facturi
585 1309 708 1335 statuta
737 1314 800 1344 que
829 1305 922 1335 vobis
949 1305 1010 1335 sub
1033 1304 1125 1335 bulla

122 1362 235 1388 nostra
251 1358 414 1388 mittimus
437 1357 636 1392 interclusa,
659 1362 689 1388 et
711 1366 774 1396 que
794 1357 829 1386 in
845 1358 957 1388 eodem
981 1357 1124 1396 capitulo

121 1411 247 1441 suerint
272 1410 434 1445 ordinata,
459 1410 598 1440 firmiter
620 1410 800 1445 observari,
822 1419 859 1440 ac
882 1410 1040 1440 reddituri
1063 1411 1124 1439 Do-

122 1461 223 1497 mino,
239 1461 274 1490 in
289 1461 384 1500 cujus
395 1465 572 1499 conspectu
587 1461 698 1491 onmia
713 1461 800 1491 nuda
813 1465 933 1491 suntet
948 1465 1070 1499 aperta,
1088 1461 1123 1491 in

121 1518 265 1545 extremo
287 1514 339 1544 die
364 1514 507 1544 districti
531 1514 710 1549 examinis,
737 1514 914 1549 rationem,
939 1514 966 1544 si
992 1523 1123 1544 omnem

121 1566 379 1597 sollicitudinem
407 1570 437 1596 et
462 1566 668 1604 diligentiam
696 1575 759 1605 que
785 1566 819 1595 in
846 1566 907 1596 hoc
937 1566 1123 1597 adhihende

119 1619 256 1654 fuerint,
267 1618 480 1656 neglexeritis
491 1618 719 1654 adhibe1·e.Et‚
733 1623 767 1648 ut
777 1627 840 1657 que
852 1623 974 1648 statuta
985 1619 1120 1649 suerint.

119 1671 224 1710 magis
246 1675 421 1702 teneantur
442 1671 633 1702 memoriter
654 1676 685 1702 et
709 1676 894 1707 serventur,
916 1672 1068 1702 volumus
1092 1677 1123 1702 et

120 1725 313 1756 mandamus
330 1729 365 1755 ut
383 1724 574 1764 hujusmodi
597 1725 778 1763 capitulum
799 1725 895 1755 annis
915 1725 1056 1763 singulis
1073 1735 1121 1755 ce-

117 1777 274 1813 lebretur,
287 1786 443 1808 concessa
457 1778 505 1808 eis
519 1778 576 1816 qui
592 1777 633 1807 ad
648 1778 882 1816 presidendum
899 1778 1021 1808 suturis
1037 1779 1121 1817 capi-

119 1830 198 1861 tulis
224 1830 349 1860 suerint
375 1830 537 1866 ordinati,
563 1830 764 1860 convocandi
787 1830 922 1860 abbates
943 1835 973 1860 et
995 1831 1121 1868 priores

117 1883 281 1921 predictos
311 1887 342 1913 et
371 1883 509 1921 cogendi
538 1883 695 1918 rebelles,
728 1883 946 1921 appellatione
977 1888 1118 1919 remota,

119 1935 222 1965 simili
241 1940 411 1974 potestate.
437 1935 603 1974 Quicquid
621 1940 730 1966 autem
749 1944 847 1974 super
864 1936 1037 1974 premissis
1053 1937 1121 1966 sac-

118 1992 188 2018 tum
210 1988 326 2024 suerit,
352 1992 383 2018 et
406 1987 548 2027 qualiter
569 1997 627 2026 per
648 1988 837 2018 visitatores
861 1988 916 2026 qui
941 1988 1066 2018 fuerint
1086 1989 1120 2017 in

117 2041 265 2080 proximo
291 2041 436 2079 deputati
462 2040 621 2078 capitulo,
648 2041 682 2069 in
708 2041 984 2070 monasteriorum
1010 2041 1120 2070 visita-

118 2093 218 2129 tione,
238 2093 440 2123 correctione
461 2102 497 2123 ac
519 2093 754 2123 reformatione
775 2102 981 2132 processum,
1005 2098 1036 2123 et
1057 2103 1120 2132 que

118 2145 327 2176 reformanda
348 2150 379 2175 et
401 2145 592 2183 corrigenda
618 2144 720 2175 relata
738 2145 907 2175 extiterint
926 2146 960 2175 in
978 2145 1121 2184 capitulo

118 2198 353 2237 subsequenti,
372 2197 466 2227 nobis
482 2197 578 2236 plene
595 2206 630 2227 ac
650 2197 792 2227 fideliter
809 2198 1010 2227 rescribatis.
1028 2199 1121 2234 Quod

117 2251 226 2281 sinon
243 2259 356 2280 omnes
376 2255 434 2281 etc.
454 2250 526 2280 Dat.
546 2249 695 2285 Perusii,
715 2251 780 2279 1111
799 2258 902 2280 nonas
919 2251 1015 2285 maii,
1033 2260 1120 2281 anno

117 2313 214 2334 nono.
232 2316 244 2330 η

186 2480 304 2508 2549

149 2541 261 2569 statuta
290 2541 489 2567 monachorum
517 2541 680 2573 myrorum.
708 2555 739 2558 —
769 2541 854 2571 (lieo.
885 2541 932 2573 18,
964 2542 983 2567 t’.
1010 2541 1042 2568 21
1071 2546 1116 2573 v⁰;

115 2599 184 2617 ann.
202 2590 254 2623 IX,
271 2598 296 2616 c.
313 2590 363 2621 56;
379 2604 410 2608 —
427 2590 464 2616 cf.
479 2598 548 2616 ann.
562 2589 601 2621 X,
616 2597 640 2615 c.
655 2589 730 2620 312.)

157 2702 170 2718 u
189 2691 226 2719 Dc
241 2691 364 2719 statutis
380 2691 599 2719 monachorum
624 2695 650 2718 cl
673 2690 854 2718 monialium
876 2690 966 2726 Χίῳ-ι’
985 2690 1115 2719 ordinis.

116 2743 154 2772 In
170 2742 288 2781 primis
305 2742 482 2772 statuimus
498 2741 639 2780 q110d2...
659 2753 671 2766 n

147 2860 256 2889 t.1s.=i.,
273 2860 342 2889 LIX,
362 2861 380 2883 l.

142 2904 165 2929 ‘L
183 2904 219 2928 Le
233 2908 307 2928 texte
323 2905 356 2927 de
376 2911 420 2927 ccs
444 2907 552 2933 statuts,
568 2904 602 2927 tel
620 2904 684 2933 qu'il
701 2910 730 2926 se
748 2908 844 2926 trouve
863 2902 951 2925 insere
971 2902 986 2924 Ξι
1006 2907 1048 2925 cet
1065 2909 1113 2925 cn-

114 2948 184 2971 droit
199 2948 235 2971 du
255 2948 380 2978 nug-istro
397 2948 430 2971 dc
446 2948 470 2970 la
487 2948 532 2971 lx‘
546 2947 641 2974 anni-c.
657 2951 696 2970 cst
713 2946 812 2969 annul-⁴:
829 2954 876 2976 par
892 2953 928 2968 un
947 2950 1033 2969 rami.

1281 361 1401 389 25:30
1785 364 1920 393 Pet-unse.
1937 364 1970 391 18
1986 365 2043 391 mai
2058 365 2135 392 1235.

1244 429 1361 456 Decano
1383 430 1560 463 Par-islensi,
1581 435 1607 457 ct
1634 430 1826 466 llaffijmerico
1843 436 1869 458 et
1892 432 2018 460 Jolnanni
2040 432 2086 467 [de
2105 433 2207 461 Monte

1210 476 1370 512 Mirabilij,
1395 478 1611 505 archidiaconis
1638 479 1867 509 l‘arisiensibus,
1890 488 2006 507 causam
2032 489 2104 514 quae
2132 481 2208 508 inter

1210 525 1380 559 nugonem,
1395 527 1568 553 canonicum
1583 527 1618 553 de
1634 527 1795 561 Campellis
1815 528 1844 554 in
1862 528 1946 560 Bria,
1963 532 2032 555 tunc
2052 530 2205 556 officiatem

1209 573 1476 602 Cathalaunensem
1487 597 1493 608 ,
1507 578 1535 602 et
1551 574 1787 611 Alex[anrtrum].
1802 577 1974 604 canonicum
1997 577 2122 605 Sanctae
2141 579 2206 606 Tri-

1209 622 1312 649 nitatis
1328 622 1589 655 Catlialaunensis,
1607 624 1784 656 vertebatur,
1799 633 1885 658 super
1898 625 2022 659 quadam
2043 626 2206 660 praebenda

1209 669 1239 696 in
1256 669 1486 698 Catbalaunensi
1507 671 1628 698 ecelesia
1650 676 1788 703 vacante,
1804 673 1840 699 ad
1856 681 1942 707 quam
1965 681 2030 708 pars
2046 673 2206 701 Catbalau-

1209 718 1308 745 nensis
1321 719 1443 753 capituli
1455 719 1567 746 dictum
1583 720 1747 753 Hugonem,
1762 728 1827 754 pars
1838 721 1929 747 altera
1940 721 2051 748 dictum
2064 721 2207 756 Alex{aii-

1207 765 1473 801 drumJelegerant,
1486 768 1703 795 terminandam
1716 769 1885 796 committit.
1898 784 1927 788 —
1940 770 2078 801 (temus,
2092 771 2110 796 l.
2123 771 2206 802 2¹1⁰:

1208 823 1276 841 ann.
1295 815 1347 843 lx,
1364 824 1388 842 c.
1403 816 1453 846 57;
1471 830 1501 834 —
1516 817 1553 842 ci.
1567 823 1661 849 supro.
1679 820 1707 843 n·
1722 817 1814 847 2378.)

1249 954 1261 967 α
1282 965 1302 970 ..
1319 942 1441 977 decano,
1460 943 1619 972 Homerico
1634 949 1660 972 c!
1674 945 1825 977 Johanni,
1847 944 2100 984 archidiac[0nis]
2117 946 2206 974 Pari-

1206 995 1365 1023 sicnsibus.
1386 994 1452 1024 Sua
1469 994 1562 1024 nobis
1581 1018 1600 1023 ..
1621 995 1764 1025 decanus
1786 1000 1817 1025 et
1833 996 2012 1034 capitulum
2028 996 2207 1027 Cathalau-

1207 1046 1322 1076 nensis
1338 1047 1476 1077 ecclesie
1497 1048 1654 1085 petitione
1675 1052 1898 1078 monstrarunt
1921 1049 2024 1087 quod,
2047 1058 2120 1079 cum
2143 1050 2205 1088 ipsi

1207 1099 1247 1128 ad
1264 1098 1451 1137 eligendum
1476 1100 1670 1129 canonicum
1690 1100 1729 1129 ad
1750 1101 1914 1139 quandam
1935 1101 2132 1140 prebendam
2151 1112 2207 1132 va-

1207 1156 1335 1182 cantem
1352 1152 1386 1181 in
1404 1152 1516 1182 eadem
1531 1153 1684 1187 ecclesia,
1702 1158 1797 1191 prout.
1813 1154 1913 1183 moris
1929 1159 1994 1189 est,
2013 1155 2046 1184 in
2063 1155 2205 1193 capitulo

1207 1204 1451 1239 convenissent,
1464 1205 1605 1240 tandem,
1618 1205 1699 1244 ipsis
1710 1206 1743 1235 in
1754 1215 1856 1235 unum
1872 1207 2117 1245 nequeuntibus
2133 1217 2206 1237 con-

1207 1257 1351 1292 cordare,
1373 1257 1513 1296 quedam
1526 1267 1601 1296 pars
1619 1258 1723 1296 ipsius
1739 1258 1872 1296 capituli
1890 1259 2084 1296 magistrum
2098 1260 2206 1298 Hugo-

1207 1318 1293 1343 nem,
1312 1309 1506 1339 canonicum
1523 1309 1561 1339 de
1577 1309 1754 1348 Campellis
1773 1311 1807 1340 in
1824 1311 1913 1345 Bria,
1928 1315 2003 1341 tunc
2019 1311 2203 1343 officialem,

1205 1361 1334 1400 reliqua
1353 1370 1428 1392 vero
1445 1361 1703 1400 Alex[andrum],
1721 1363 1916 1392 canonicum
1933 1363 2050 1394 Sancte
2066 1364 2206 1394 Trinita-

1206 1415 1248 1444 tis
1276 1413 1572 1449 Cathalaunensis,
1604 1415 1636 1443 in
1665 1415 1828 1444 discordia
1858 1414 2039 1453 elegerunt.
2067 1417 2104 1446 Et
2131 1426 2204 1446 cum

1205 1471 1345 1505 utraque
1359 1475 1435 1504 pars
1449 1466 1642 1496 electionem
1661 1475 1754 1496 suam
1770 1467 1892 1497 diceret
1912 1476 1983 1497 esse
2000 1469 2203 1498 canonicam.

1206 1523 1237 1555 et
1253 1519 1292 1548 ab
1311 1518 1508 1548 electoribus
1531 1528 1569 1548 ne
1591 1519 1670 1557 quid
1687 1524 1799 1548 contra
1821 1519 1998 1550 electiones
2016 1520 2204 1559 hujusmodi

1206 1575 1431 1609 temptaretur,
1447 1571 1563 1601 suisset
1579 1571 1618 1600 ad
1631 1571 1746 1601 Sedem
1759 1571 1979 1609 Apostolicam
1993 1572 2203 1610 appellatum.

1205 1625 1292 1662 idem
1309 1625 1404 1662 Hugo
1420 1633 1477 1662 per
1493 1624 1733 1663 St[ephanum],
1750 1624 1913 1663 quondam
1927 1625 2086 1655 decanum
2100 1626 2204 1664 ipsius

1206 1677 1358 1711 ecclesie,
1387 1686 1422 1706 ac
1447 1677 1605 1716 quosdam
1635 1676 1717 1706 alios
1741 1677 1937 1707 adherentes
1966 1678 2082 1713 eidem,
2110 1687 2144 1708 se
2170 1679 2202 1708 in

1204 1729 1275 1768 ipsa
1293 1734 1448 1768 tanquam
1466 1729 1660 1759 canonicum
1677 1733 1788 1758 contra
1802 1729 1966 1768 justitiam
1983 1730 2113 1759 institui
2130 1740 2204 1768 pro-

1205 1782 1343 1817 curavit,
1366 1783 1401 1811 in
1427 1782 1530 1820 partis
1552 1781 1689 1812 alterius
1711 1782 1930 1821 prejudicium
1954 1787 1983 1812 et
2011 1792 2202 1820 gravameng

1203 1839 1363 1872 preterea,
1383 1834 1468 1864 salso
1485 1834 1579 1864 nobis
1595 1843 1776 1871 suggerens
1793 1844 1826 1864 se
1843 1835 1999 1864 canonice
2018 1834 2057 1864 ad
2069 1835 2205 1873 preben-

1205 1887 1278 1917 dam
1297 1887 1434 1917 eandem
1455 1886 1605 1917 electum.
1625 1892 1655 1917 et
1671 1887 1756 1925 quod
1771 1887 1980 1926 ,-xlcx[ander]
1998 1888 2115 1917 Sancte
2132 1888 2204 1918 Tri-

1205 1940 1319 1969 nitatis
1342 1944 1371 1970 et
1395 1940 1528 1978 quidam
1551 1939 1608 1969 alii
1631 1940 1782 1969 canonici
1808 1939 1945 1969 ecclesie
1971 1945 2147 1970 memorate
2169 1949 2203 1970 se

1203 1991 1407 2021 institutioni
1425 2001 1482 2021 sue
1499 1992 1784 2031 conti-ajustitiam
1797 1991 2013 2030 opponebant,
2033 1992 2202 2030 super-boc

1204 2049 1317 2074 contra
1341 2054 1395 2074 eos
1416 2045 1455 2074 ad
1483 2045 1516 2074 P.
1537 2045 1781 2083 Stampcnsem,
1807 2044 2075 2074 archidiaconum
2100 2045 2203 2075 Seno·

1203 2106 1355 2132 nensem,
1387 2106 1451 2126 non
1487 2097 1598 2126 habita
1635 2097 1673 2126 de
1699 2097 1896 2135 supradictis
1927 2096 2201 2135 appellationibus

1202 2150 1380 2180 mentione.
1400 2154 1529 2179 nostras
1548 2149 1675 2179 litteras
1693 2149 1885 2187 reportavit3
1908 2158 2046 2187 quarum
2063 2150 2203 2179 auctori-

1202 2205 1267 2232 tate
1295 2202 1329 2230 in
1359 2201 1516 2240 quosdam
1543 2210 1655 2230 eorum
1685 2200 1826 2230 obtinuit
1853 2201 2201 2230 excommunicationis

1202 2254 1384 2284 sententias
1407 2253 1620 2292 promulgari.
1647 2254 1670 2283 A
1695 2263 1758 2292 quo
1785 2253 1891 2283 dictus
1914 2253 2122 2292 Ale-stantior]
2144 2264 2201 2292 pro

1198 2308 1272 2346 jure
1289 2316 1348 2337 suo
1365 2307 1404 2336 ad
1420 2307 1642 2346 Apostolicam
1656 2307 1772 2337 §edem
1787 2306 1966 2345 appellans.
1984 2316 2081 2345 super
2095 2307 2202 2345 appel-

1201 2360 1323 2390 latione
1345 2370 1403 2390 sua
1422 2364 1549 2389 nostras
1572 2359 1610 2389 ad
1636 2383 1655 2388 ..
1680 2359 1838 2388 decanum
1862 2360 2056 2389 T:·ec·:nsc1n
2078 2364 2107 2388 et
2130 2360 2199 2397 eju>-

1201 2412 1389 2450 conjudiccs
1405 2411 1534 2441 litteras
1555 2412 1753 2449 impetravit.
1773 2412 1926 2441 Ceterum
1944 2411 2029 2441 idcm
2055 2412 2148 2449 llugo
2170 2416 2197 2441 et

1200 2464 1307 2494 dictus
1325 2463 1545 2503 Alex[ande1·].
1569 2463 1729 2493 facientes
1750 2463 1879 2493 cosdem
1903 2463 2084 2502 perplures
2106 2472 2201 2501 apos·

1201 2517 1315 2546 lolii-as
1340 2516 1467 2546 litteras
1490 2521 1519 2545 ct
1542 2516 1632 2545 illam
1659 2515 1844 2553 &moral-311]
1868 2515 2049 2546 clausulam
2074 2516 2196 2553 qnidam

1199 2570 1257 2598 alii
1277 2578 1385 2599 coram
1410 2569 1550 2598 diversis
1567 2568 1736 2607 judicil-us
1757 2574 1786 2597 ct
1808 2568 2028 2605 subdelegans
2053 2569 2197 2605 ipsorum

1199 2622 1239 2651 ad
1257 2622 1386 2651 diversa
1409 2621 1479 2651 loca
1496 2621 1606 2650 citari.
1632 2621 1777 2658 ipsorum
1800 2619 1975 2658 quostiam.
1995 2628 2067 2649 cum
2092 2619 2131 2648 ad
2155 2624 2196 2648 tot

1195 2674 1321 2713 judicia
1347 2683 1411 2703 non
1440 2676 1643 2703 sullicercnt.
1673 2674 1820 2702 fecerunt
1849 2672 2198 2701 cxcommunicationis

1197 2725 1351 2755 innodari
1365 2725 1530 2755 sententia
1543 2729 1571 2754 et
1585 2723 1883 2753 exconmmnicatos
1894 2722 2022 2760 publice
2037 2722 2196 2751 nuntiari.

1197 2778 1345 2816 Cumque
1361 2778 1468 2807 dictus
1487 2777 1738 2806 archidiaconus
1754 2775 1953 2805 §emonensis
1972 2774 2196 2804 sacerdotibus

1197 2831 1341 2859 civitatis
1371 2829 1647 2861 Catlialaunensis
1681 2834 1710 2857 ct
1738 2827 1933 2865 quibusdam
1960 2827 1998 2855 de
2026 2827 2194 2856 canonicis

1197 2883 1334 2913 ecclesie
1346 2883 1490 2921 predicte
1508 2881 1708 2911 mandaverit
1728 2886 1759 2909 ut
1775 2881 1856 2909 latas
1872 2880 1962 2909 abeo
1978 2879 2196 2909 excommuni-

1197 2936 1363 2965 cationum
1386 2935 1567 2965 sententias
1586 2935 1729 2963 facerent
1753 2932 1937 2966 observari.
1959 2932 2033 2961 aliis
2056 2931 2197 2961 nichilo·
