<?xml version="1.0" encoding="UTF-8"?>
<!DOCTYPE html PUBLIC "-//W3C//DTD XHTML 1.0 Transitional//EN"
    "http://www.w3.org/TR/xhtml1/DTD/xhtml1-transitional.dtd">
<html xmlns="http://www.w3.org/1999/xhtml" xml:lang="en" lang="en">
 <head>
  <title>
</title>
<meta http-equiv="Content-Type" content="text/html;charset=utf-8" />
  <meta name='ocr-system' content='tesseract 3.04.00' />
  <meta name='ocr-capabilities' content='ocr_page ocr_carea ocr_par ocr_line ocrx_word'/>
</head>
<body>
  <div class='ocr_page' id='page_1' title='image "./lesregistresdale02cathuoft_0281.png"; bbox 0 0 2519 3518; ppageno 0'>
   <div class='ocr_carea' id='block_1_1' title="bbox 197 281 2285 319">
    <p class='ocr_par' dir='ltr' id='par_1_1' title="bbox 197 281 2285 319">
     <span class='ocr_line' id='line_1_1' title="bbox 197 281 2285 319; baseline 0 0"><span class='ocrx_word' id='word_1_1' title='bbox 197 288 255 319; x_wconf 81' lang='lat'>509</span> <span class='ocrx_word' id='word_1_2' title='bbox 1056 282 1243 318; x_wconf 71' lang='lat' dir='ltr'>mxii-:ME</span> <span class='ocrx_word' id='word_1_3' title='bbox 1264 281 1424 318; x_wconf 76' lang='lat' dir='ltr'>ANNEE.</span> <span class='ocrx_word' id='word_1_4' title='bbox 2227 289 2285 319; x_wconf 86' lang='lat'>510</span> 
     </span>
    </p>
   </div>
   <div class='ocr_carea' id='block_1_2' title="bbox 197 354 1200 966">
    <p class='ocr_par' dir='ltr' id='par_1_2' title="bbox 197 354 1200 966">
     <span class='ocr_line' id='line_1_2' title="bbox 198 354 1197 394; baseline 0 -8"><span class='ocrx_word' id='word_1_5' title='bbox 198 355 379 389; x_wconf 85' lang='lat' dir='ltr'>siasticam,</span> <span class='ocrx_word' id='word_1_6' title='bbox 403 354 622 393; x_wconf 74' lang='lat' dir='ltr'>appellatione</span> <span class='ocrx_word' id='word_1_7' title='bbox 648 355 844 394; x_wconf 84' lang='lat' dir='ltr'>postposita,</span> <span class='ocrx_word' id='word_1_8' title='bbox 878 355 1100 394; x_wconf 74' lang='lat' dir='ltr'>compellatis,</span> <span class='ocrx_word' id='word_1_9' title='bbox 1122 365 1197 394; x_wconf 87' lang='lat' dir='ltr'>pro-</span> 
     </span>
     <span class='ocr_line' id='line_1_3' title="bbox 198 408 1198 447; baseline -0.002 -8"><span class='ocrx_word' id='word_1_10' title='bbox 198 409 268 439; x_wconf 91' lang='lat' dir='ltr'>viso</span> <span class='ocrx_word' id='word_1_11' title='bbox 288 417 329 439; x_wconf 89' lang='lat' dir='ltr'>ne</span> <span class='ocrx_word' id='word_1_12' title='bbox 346 409 381 438; x_wconf 89' lang='lat' dir='ltr'>in</span> <span class='ocrx_word' id='word_1_13' title='bbox 398 413 519 439; x_wconf 79' lang='lat' dir='ltr'>terram</span> <span class='ocrx_word' id='word_1_14' title='bbox 539 408 646 447; x_wconf 88' lang='lat' dir='ltr'>ipsius</span> <span class='ocrx_word' id='word_1_15' title='bbox 663 413 723 438; x_wconf 87' lang='lat' dir='ltr'>etc.</span> <span class='ocrx_word' id='word_1_16' title='bbox 743 409 857 439; x_wconf 85' lang='lat' dir='ltr'>Testes</span> <span class='ocrx_word' id='word_1_17' title='bbox 876 413 984 438; x_wconf 88' lang='lat' dir='ltr'>autem</span> <span class='ocrx_word' id='word_1_18' title='bbox 1009 413 1068 438; x_wconf 89' lang='lat' dir='ltr'>etc.</span> <span class='ocrx_word' id='word_1_19' title='bbox 1093 409 1198 446; x_wconf 81' lang='lat' dir='ltr'>Super</span> 
     </span>
     <span class='ocr_line' id='line_1_4' title="bbox 197 462 1197 497; baseline 0 -5"><span class='ocrx_word' id='word_1_20' title='bbox 197 462 275 493; x_wconf 86' lang='lat' dir='ltr'>aliis</span> <span class='ocrx_word' id='word_1_21' title='bbox 302 471 390 497; x_wconf 70' lang='lat' dir='ltr'>vero,</span> <span class='ocrx_word' id='word_1_22' title='bbox 408 471 481 492; x_wconf 90' lang='lat' dir='ltr'>cum</span> <span class='ocrx_word' id='word_1_23' title='bbox 506 462 568 491; x_wconf 90' lang='lat' dir='ltr'>hoe</span> <span class='ocrx_word' id='word_1_24' title='bbox 590 462 678 492; x_wconf 88' lang='lat' dir='ltr'>idem</span> <span class='ocrx_word' id='word_1_25' title='bbox 699 470 807 492; x_wconf 89' lang='lat' dir='ltr'>comes</span> <span class='ocrx_word' id='word_1_26' title='bbox 825 471 932 492; x_wconf 87' lang='lat' dir='ltr'>coram</span> <span class='ocrx_word' id='word_1_27' title='bbox 955 462 1049 492; x_wconf 88' lang='lat' dir='ltr'>nobis</span> <span class='ocrx_word' id='word_1_28' title='bbox 1071 462 1197 492; x_wconf 85' lang='lat' dir='ltr'>obtule-</span> 
     </span>
     <span class='ocr_line' id='line_1_5' title="bbox 198 514 1198 553; baseline 0 -8"><span class='ocrx_word' id='word_1_29' title='bbox 198 515 252 551; x_wconf 89' lang='lat' dir='ltr'>rit,</span> <span class='ocrx_word' id='word_1_30' title='bbox 269 514 448 553; x_wconf 85' lang='lat' dir='ltr'>inquiratis</span> <span class='ocrx_word' id='word_1_31' title='bbox 466 514 598 553; x_wconf 85' lang='lat' dir='ltr'><strong>plenius</strong></span> <span class='ocrx_word' id='word_1_32' title='bbox 615 515 798 549; x_wconf 86' lang='lat' dir='ltr'>veritatem,</span> <span class='ocrx_word' id='word_1_33' title='bbox 816 519 857 549; x_wconf 89' lang='lat' dir='ltr'>et,</span> <span class='ocrx_word' id='word_1_34' title='bbox 876 514 956 544; x_wconf 90' lang='lat' dir='ltr'>side</span> <span class='ocrx_word' id='word_1_35' title='bbox 976 515 1120 553; x_wconf 85' lang='lat' dir='ltr'>partium</span> <span class='ocrx_word' id='word_1_36' title='bbox 1142 524 1198 545; x_wconf 75' lang='lat' dir='ltr'>vo-</span> 
     </span>
     <span class='ocr_line' id='line_1_6' title="bbox 197 566 1196 605; baseline 0.001 -8"><span class='ocrx_word' id='word_1_37' title='bbox 197 567 324 598; x_wconf 87' lang='lat' dir='ltr'>luntate</span> <span class='ocrx_word' id='word_1_38' title='bbox 348 567 564 605; x_wconf 88' lang='lat' dir='ltr'>processerit,</span> <span class='ocrx_word' id='word_1_39' title='bbox 592 566 761 597; x_wconf 82' lang='lat' dir='ltr'>amicabili</span> <span class='ocrx_word' id='word_1_40' title='bbox 791 567 966 597; x_wconf 86' lang='lat' dir='ltr'>concordia</span> <span class='ocrx_word' id='word_1_41' title='bbox 991 568 1196 602; x_wconf 81' lang='lat' dir='ltr'>terminetis;</span> 
     </span>
     <span class='ocr_line' id='line_1_7' title="bbox 199 620 1199 659; baseline -0.001 -8"><span class='ocrx_word' id='word_1_42' title='bbox 199 620 347 659; x_wconf 88' lang='lat' dir='ltr'>alioquin</span> <span class='ocrx_word' id='word_1_43' title='bbox 373 629 505 650; x_wconf 85' lang='lat' dir='ltr'>causam</span> <span class='ocrx_word' id='word_1_44' title='bbox 533 620 736 651; x_wconf 85' lang='lat' dir='ltr'>sufficienter</span> <span class='ocrx_word' id='word_1_45' title='bbox 763 620 959 650; x_wconf 75' lang='lat' dir='ltr'>instructam</span> <span class='ocrx_word' id='word_1_46' title='bbox 984 621 1025 650; x_wconf 89' lang='lat' dir='ltr'>ad</span> <span class='ocrx_word' id='word_1_47' title='bbox 1050 625 1199 651; x_wconf 80' lang='lat' dir='ltr'>nostrum</span> 
     </span>
     <span class='ocr_line' id='line_1_8' title="bbox 197 673 1199 711; baseline -0.001 -8"><span class='ocrx_word' id='word_1_48' title='bbox 197 673 376 704; x_wconf 80' lang='lat' dir='ltr'><strong>remittatis</strong></span> <span class='ocrx_word' id='word_1_49' title='bbox 392 682 540 707; x_wconf 86' lang='lat' dir='ltr'>examen,</span> <span class='ocrx_word' id='word_1_50' title='bbox 552 673 749 711; x_wconf 84' lang='lat' dir='ltr'>prefigentes</span> <span class='ocrx_word' id='word_1_51' title='bbox 762 673 910 711; x_wconf 88' lang='lat' dir='ltr'>partibus</span> <span class='ocrx_word' id='word_1_52' title='bbox 925 674 1103 703; x_wconf 88' lang='lat' dir='ltr'>terminum</span> <span class='ocrx_word' id='word_1_53' title='bbox 1115 682 1199 703; x_wconf 89' lang='lat' dir='ltr'>com-</span> 
     </span>
     <span class='ocr_line' id='line_1_9' title="bbox 197 725 1200 764; baseline 0 -8"><span class='ocrx_word' id='word_1_54' title='bbox 197 729 374 764; x_wconf 79' lang='lat' dir='ltr'>petentem,</span> <span class='ocrx_word' id='word_1_55' title='bbox 393 734 456 764; x_wconf 83' lang='lat' dir='ltr'>quo</span> <span class='ocrx_word' id='word_1_56' title='bbox 474 734 532 764; x_wconf 89' lang='lat' dir='ltr'>per</span> <span class='ocrx_word' id='word_1_57' title='bbox 548 729 776 764; x_wconf 85' lang='lat' dir='ltr'>procuratores</span> <span class='ocrx_word' id='word_1_58' title='bbox 790 725 925 756; x_wconf 86' lang='lat' dir='ltr'>idoneos</span> <span class='ocrx_word' id='word_1_59' title='bbox 940 730 1052 756; x_wconf 87' lang='lat' dir='ltr'>nostro</span> <span class='ocrx_word' id='word_1_60' title='bbox 1068 735 1102 756; x_wconf 88' lang='lat' dir='ltr'>se</span> <span class='ocrx_word' id='word_1_61' title='bbox 1121 735 1200 756; x_wconf 89' lang='lat' dir='ltr'>con-</span> 
     </span>
     <span class='ocr_line' id='line_1_10' title="bbox 198 778 1199 817; baseline 0 -9"><span class='ocrx_word' id='word_1_62' title='bbox 198 778 326 816; x_wconf 87' lang='lat' dir='ltr'>spectui</span> <span class='ocrx_word' id='word_1_63' title='bbox 343 782 581 816; x_wconf 77' lang='lat' dir='ltr'>representem,</span> <span class='ocrx_word' id='word_1_64' title='bbox 595 778 731 817; x_wconf 84' lang='lat' dir='ltr'>justam,</span> <span class='ocrx_word' id='word_1_65' title='bbox 750 782 881 808; x_wconf 86' lang='lat' dir='ltr'>auctore</span> <span class='ocrx_word' id='word_1_66' title='bbox 900 779 1051 814; x_wconf 84' lang='lat' dir='ltr'>Domino,</span> <span class='ocrx_word' id='word_1_67' title='bbox 1070 783 1199 809; x_wconf 85' lang='lat' dir='ltr'>senten-</span> 
     </span>
     <span class='ocr_line' id='line_1_11' title="bbox 199 830 1200 869; baseline 0 -9"><span class='ocrx_word' id='word_1_68' title='bbox 199 831 280 860; x_wconf 84' lang='lat' dir='ltr'><strong>tiam</strong></span> <span class='ocrx_word' id='word_1_69' title='bbox 306 834 487 869; x_wconf 87' lang='lat' dir='ltr'>reccpture.</span> <span class='ocrx_word' id='word_1_70' title='bbox 512 830 605 867; x_wconf 87' lang='lat' dir='ltr'>Quod</span> <span class='ocrx_word' id='word_1_71' title='bbox 630 830 658 860; x_wconf 90' lang='lat' dir='ltr'>si</span> <span class='ocrx_word' id='word_1_72' title='bbox 682 839 745 860; x_wconf 91' lang='lat' dir='ltr'>non</span> <span class='ocrx_word' id='word_1_73' title='bbox 774 839 888 861; x_wconf 90' lang='lat' dir='ltr'>omnes</span> <span class='ocrx_word' id='word_1_74' title='bbox 913 835 990 866; x_wconf 84' lang='lat' dir='ltr'>etc.,</span> <span class='ocrx_word' id='word_1_75' title='bbox 1018 836 1069 867; x_wconf 88' lang='lat' dir='ltr'>tu,</span> <span class='ocrx_word' id='word_1_76' title='bbox 1097 832 1200 862; x_wconf 85' lang='lat' dir='ltr'>frater</span> 
     </span>
     <span class='ocr_line' id='line_1_12' title="bbox 199 883 1200 922; baseline 0 -9"><span class='ocrx_word' id='word_1_77' title='bbox 199 883 351 922; x_wconf 84' lang='lat' dir='ltr'>episcope</span> <span class='ocrx_word' id='word_1_78' title='bbox 375 888 435 913; x_wconf 87' lang='lat' dir='ltr'>etc.</span> <span class='ocrx_word' id='word_1_79' title='bbox 462 884 535 913; x_wconf 86' lang='lat' dir='ltr'>Dat.</span> <span class='ocrx_word' id='word_1_80' title='bbox 566 884 767 917; x_wconf 84' lang='lat' dir='ltr'>Interamne,</span> <span class='ocrx_word' id='word_1_81' title='bbox 794 884 843 912; x_wconf 93' lang='lat' dir='ltr'>III</span> <span class='ocrx_word' id='word_1_82' title='bbox 872 892 975 913; x_wconf 90' lang='lat' dir='ltr'>nonas</span> <span class='ocrx_word' id='word_1_83' title='bbox 999 883 1200 919; x_wconf 81' lang='lat' dir='ltr'>decembris,</span> 
     </span>
     <span class='ocr_line' id='line_1_13' title="bbox 197 936 472 966; baseline -0.011 0"><span class='ocrx_word' id='word_1_84' title='bbox 197 944 286 966; x_wconf 86' lang='lat' dir='ltr'>anno</span> <span class='ocrx_word' id='word_1_85' title='bbox 302 936 440 966; x_wconf 87' lang='lat' dir='ltr'>decimo.</span> <span class='ocrx_word' id='word_1_86' title='bbox 460 948 472 962; x_wconf 84' lang='lat'>»</span> 
     </span>
    </p>
   </div>
   <div class='ocr_carea' id='block_1_3' title="bbox 268 1087 386 1115">
    <p class='ocr_par' dir='ltr' id='par_1_3' title="bbox 268 1087 386 1115">
     <span class='ocr_line' id='line_1_14' title="bbox 268 1087 386 1115; baseline 0 0"><span class='ocrx_word' id='word_1_87' title='bbox 268 1087 386 1115; x_wconf 81' lang='grc'>3388</span> 
     </span>
    </p>
   </div>
   <div class='ocr_carea' id='block_1_4' title="bbox 197 1150 1202 1570">
    <p class='ocr_par' dir='ltr' id='par_1_4' title="bbox 197 1150 1202 1570">
     <span class='ocr_line' id='line_1_15' title="bbox 234 1150 1200 1184; baseline 0.001 -8"><span class='ocrx_word' id='word_1_88' title='bbox 234 1150 464 1184; x_wconf 82' lang='lat' dir='ltr'>Archiepiscopo</span> <span class='ocrx_word' id='word_1_89' title='bbox 483 1150 680 1183; x_wconf 87' lang='lat' dir='ltr'>Bituricensi,</span> <span class='ocrx_word' id='word_1_90' title='bbox 705 1151 877 1184; x_wconf 84' lang='lat' dir='ltr'>proponenti</span> <span class='ocrx_word' id='word_1_91' title='bbox 898 1153 1030 1184; x_wconf 77' lang='lat' dir='ltr'>oportere</span> <span class='ocrx_word' id='word_1_92' title='bbox 1053 1159 1083 1177; x_wconf 86' lang='lat' dir='ltr'>se</span> <span class='ocrx_word' id='word_1_93' title='bbox 1103 1151 1200 1184; x_wconf 84' lang='lat' dir='ltr'>ipsum</span> 
     </span>
     <span class='ocr_line' id='line_1_16' title="bbox 200 1199 1201 1234; baseline -0.001 -8"><span class='ocrx_word' id='word_1_94' title='bbox 200 1199 307 1227; x_wconf 82' lang='lat' dir='ltr'>habere</span> <span class='ocrx_word' id='word_1_95' title='bbox 322 1199 436 1234; x_wconf 88' lang='lat' dir='ltr'>copiam</span> <span class='ocrx_word' id='word_1_96' title='bbox 453 1199 625 1233; x_wconf 90' lang='lat' dir='ltr'>peritorum,</span> <span class='ocrx_word' id='word_1_97' title='bbox 638 1199 741 1226; x_wconf 86' lang='lat' dir='ltr'>tamin</span> <span class='ocrx_word' id='word_1_98' title='bbox 753 1199 886 1226; x_wconf 90' lang='lat' dir='ltr'>consiliis</span> <span class='ocrx_word' id='word_1_99' title='bbox 899 1207 932 1226; x_wconf 89' lang='lat' dir='ltr'>ae</span> <span class='ocrx_word' id='word_1_100' title='bbox 947 1199 1120 1226; x_wconf 78' lang='lat' dir='ltr'>decidendis</span> <span class='ocrx_word' id='word_1_101' title='bbox 1135 1207 1201 1226; x_wconf 86' lang='lat' dir='ltr'>eau-</span> 
     </span>
     <span class='ocr_line' id='line_1_17' title="bbox 197 1247 1200 1281; baseline -0.001 -7"><span class='ocrx_word' id='word_1_102' title='bbox 197 1247 239 1274; x_wconf 87' lang='lat' dir='ltr'>sis</span> <span class='ocrx_word' id='word_1_103' title='bbox 257 1255 344 1281; x_wconf 89' lang='lat' dir='ltr'>quam</span> <span class='ocrx_word' id='word_1_104' title='bbox 366 1247 397 1274; x_wconf 92' lang='lat' dir='ltr'>in</span> <span class='ocrx_word' id='word_1_105' title='bbox 413 1247 632 1281; x_wconf 86' lang='lat' dir='ltr'>praedicatione</span> <span class='ocrx_word' id='word_1_106' title='bbox 651 1249 679 1274; x_wconf 86' lang='lat' dir='ltr'>et</span> <span class='ocrx_word' id='word_1_107' title='bbox 697 1247 875 1274; x_wconf 83' lang='lat' dir='ltr'>correctione</span> <span class='ocrx_word' id='word_1_108' title='bbox 891 1247 1075 1274; x_wconf 85' lang='lat' dir='ltr'>subditorum</span> <span class='ocrx_word' id='word_1_109' title='bbox 1091 1247 1200 1281; x_wconf 88' lang='lat' dir='ltr'>ipsius,</span> 
     </span>
     <span class='ocr_line' id='line_1_18' title="bbox 199 1295 1202 1329; baseline 0 -7"><span class='ocrx_word' id='word_1_110' title='bbox 199 1296 334 1323; x_wconf 86' lang='lat' dir='ltr'>concedit</span> <span class='ocrx_word' id='word_1_111' title='bbox 352 1296 524 1322; x_wconf 77' lang='lat' dir='ltr'>facultatem</span> <span class='ocrx_word' id='word_1_112' title='bbox 541 1295 578 1322; x_wconf 91' lang='lat' dir='ltr'>ad</span> <span class='ocrx_word' id='word_1_113' title='bbox 591 1295 730 1329; x_wconf 86' lang='lat' dir='ltr'>obsequia</span> <span class='ocrx_word' id='word_1_114' title='bbox 745 1304 797 1322; x_wconf 91' lang='lat' dir='ltr'>sua</span> <span class='ocrx_word' id='word_1_115' title='bbox 810 1295 957 1322; x_wconf 89' lang='lat' dir='ltr'>retinendi</span> <span class='ocrx_word' id='word_1_116' title='bbox 974 1299 1032 1322; x_wconf 87' lang='lat' dir='ltr'>tres</span> <span class='ocrx_word' id='word_1_117' title='bbox 1046 1295 1202 1322; x_wconf 91' lang='lat' dir='ltr'>canonicos</span> 
     </span>
     <span class='ocr_line' id='line_1_19' title="bbox 198 1343 1201 1378; baseline -0.001 -7"><span class='ocrx_word' id='word_1_118' title='bbox 198 1344 234 1371; x_wconf 89' lang='lat' dir='ltr'>de</span> <span class='ocrx_word' id='word_1_119' title='bbox 249 1343 343 1371; x_wconf 88' lang='lat' dir='ltr'>tribus</span> <span class='ocrx_word' id='word_1_120' title='bbox 359 1343 490 1370; x_wconf 85' lang='lat' dir='ltr'>ecclesiis</span> <span class='ocrx_word' id='word_1_121' title='bbox 506 1351 574 1370; x_wconf 89' lang='lat' dir='ltr'>suae</span> <span class='ocrx_word' id='word_1_122' title='bbox 589 1343 744 1375; x_wconf 80' lang='lat' dir='ltr'>dioecesis,</span> <span class='ocrx_word' id='word_1_123' title='bbox 760 1343 865 1377; x_wconf 79' lang='lat' dir='ltr'>quibus</span> <span class='ocrx_word' id='word_1_124' title='bbox 885 1343 948 1377; x_wconf 87' lang='lat' dir='ltr'>ipse</span> <span class='ocrx_word' id='word_1_125' title='bbox 963 1343 1201 1378; x_wconf 82' lang='lat' dir='ltr'>archiepiscopus</span> 
     </span>
     <span class='ocr_line' id='line_1_20' title="bbox 198 1391 1201 1426; baseline -0.001 -7"><span class='ocrx_word' id='word_1_126' title='bbox 198 1392 338 1419; x_wconf 89' lang='lat' dir='ltr'>concedat</span> <span class='ocrx_word' id='word_1_127' title='bbox 354 1395 386 1418; x_wconf 93' lang='lat' dir='ltr'>ut</span> <span class='ocrx_word' id='word_1_128' title='bbox 401 1391 634 1425; x_wconf 87' lang='lat' dir='ltr'>praebendarum</span> <span class='ocrx_word' id='word_1_129' title='bbox 651 1399 770 1418; x_wconf 88' lang='lat' dir='ltr'>suarum</span> <span class='ocrx_word' id='word_1_130' title='bbox 787 1394 960 1425; x_wconf 73' lang='lat' dir='ltr'>proventus,</span> <span class='ocrx_word' id='word_1_131' title='bbox 981 1392 1112 1426; x_wconf 79' lang='lat' dir='ltr'>exceptis</span> <span class='ocrx_word' id='word_1_132' title='bbox 1130 1400 1201 1426; x_wconf 88' lang='lat' dir='ltr'>quo—</span> 
     </span>
     <span class='ocr_line' id='line_1_21' title="bbox 198 1440 1200 1475; baseline -0.001 -7"><span class='ocrx_word' id='word_1_133' title='bbox 198 1441 323 1468; x_wconf 82' lang='lat' dir='ltr'>tidianis</span> <span class='ocrx_word' id='word_1_134' title='bbox 336 1440 610 1472; x_wconf 81' lang='lat' dir='ltr'>distributionibus,</span> <span class='ocrx_word' id='word_1_135' title='bbox 627 1448 694 1467; x_wconf 89' lang='lat' dir='ltr'>cum</span> <span class='ocrx_word' id='word_1_136' title='bbox 711 1448 744 1466; x_wconf 88' lang='lat' dir='ltr'>ea</span> <span class='ocrx_word' id='word_1_137' title='bbox 759 1440 930 1473; x_wconf 80' lang='lat' dir='ltr'>integritate</span> <span class='ocrx_word' id='word_1_138' title='bbox 947 1440 1113 1475; x_wconf 83' lang='lat' dir='ltr'>percipiant</span> <span class='ocrx_word' id='word_1_139' title='bbox 1126 1449 1160 1467; x_wconf 91' lang='lat' dir='ltr'>ae</span> <span class='ocrx_word' id='word_1_140' title='bbox 1176 1441 1200 1467; x_wconf 90' lang='lat' dir='ltr'>si</span> 
     </span>
     <span class='ocr_line' id='line_1_22' title="bbox 198 1488 1199 1524; baseline -0.001 -8"><span class='ocrx_word' id='word_1_141' title='bbox 198 1489 391 1524; x_wconf 86' lang='lat' dir='ltr'>personaliter</span> <span class='ocrx_word' id='word_1_142' title='bbox 404 1488 575 1515; x_wconf 84' lang='lat' dir='ltr'>residerent.</span> <span class='ocrx_word' id='word_1_143' title='bbox 591 1503 623 1506; x_wconf 97' lang='lat'><strong>—</strong></span> <span class='ocrx_word' id='word_1_144' title='bbox 639 1489 725 1520; x_wconf 71' lang='lat' dir='ltr'>(Rae.</span> <span class='ocrx_word' id='word_1_145' title='bbox 739 1488 782 1521; x_wconf 82' lang='lat'>18,</span> <span class='ocrx_word' id='word_1_146' title='bbox 798 1489 818 1515; x_wconf 80' lang='lat' dir='ltr'>f.</span> <span class='ocrx_word' id='word_1_147' title='bbox 832 1488 885 1515; x_wconf 81' lang='grc'>207</span> <span class='ocrx_word' id='word_1_148' title='bbox 897 1491 938 1521; x_wconf 80' lang='lat' dir='ltr'>r⁰;</span> <span class='ocrx_word' id='word_1_149' title='bbox 955 1497 1024 1515; x_wconf 89' lang='lat' dir='ltr'>ann.</span> <span class='ocrx_word' id='word_1_150' title='bbox 1039 1489 1078 1521; x_wconf 88' lang='lat' dir='ltr'>X,</span> <span class='ocrx_word' id='word_1_151' title='bbox 1091 1497 1116 1515; x_wconf 91' lang='lat' dir='ltr'>e.</span> <span class='ocrx_word' id='word_1_152' title='bbox 1133 1489 1199 1521; x_wconf 77' lang='lat'>275;</span> 
     </span>
     <span class='ocr_line' id='line_1_23' title="bbox 197 1536 550 1570; baseline -0.003 -6"><span class='ocrx_word' id='word_1_153' title='bbox 197 1537 331 1565; x_wconf 67' lang='grc' dir='ltr'><strong>Μοηεᾼυ</strong></span> <span class='ocrx_word' id='word_1_154' title='bbox 344 1536 423 1570; x_wconf 87' lang='grc'><strong>1191,</strong></span> <span class='ocrx_word' id='word_1_155' title='bbox 438 1537 458 1564; x_wconf 81' lang='lat' dir='ltr'>f.</span> <span class='ocrx_word' id='word_1_156' title='bbox 475 1536 550 1568; x_wconf 86' lang='grc'><strong>175.)</strong></span> 
     </span>
    </p>
   </div>
   <div class='ocr_carea' id='block_1_5' title="bbox 738 1088 1129 1121">
    <p class='ocr_par' dir='ltr' id='par_1_5' title="bbox 738 1088 1129 1121">
     <span class='ocr_line' id='line_1_24' title="bbox 738 1088 1129 1121; baseline -0.005 -5"><span class='ocrx_word' id='word_1_157' title='bbox 738 1089 838 1121; x_wconf 89' lang='lat' dir='ltr'>Terni,</span> <span class='ocrx_word' id='word_1_158' title='bbox 853 1088 868 1115; x_wconf 91' lang='lat'>8</span> <span class='ocrx_word' id='word_1_159' title='bbox 883 1088 1038 1115; x_wconf 77' lang='lat' dir='ltr'>decembre</span> <span class='ocrx_word' id='word_1_160' title='bbox 1051 1088 1129 1114; x_wconf 88' lang='grc'><strong>1236.</strong></span> 
     </span>
    </p>
   </div>
   <div class='ocr_carea' id='block_1_6' title="bbox 196 1630 1196 1719">
    <p class='ocr_par' dir='ltr' id='par_1_6' title="bbox 196 1630 1196 1719">
     <span class='ocr_line' id='line_1_25' title="bbox 238 1630 1196 1668; baseline 0.002 -10"><span class='ocrx_word' id='word_1_161' title='bbox 238 1643 251 1657; x_wconf 82' lang='grc' dir='ltr'>α</span> <span class='ocrx_word' id='word_1_162' title='bbox 279 1653 298 1659; x_wconf 89' lang='grc'>..</span> <span class='ocrx_word' id='word_1_163' title='bbox 320 1631 545 1668; x_wconf 75' lang='lat' dir='ltr'>arclu&#39;episcopo</span> <span class='ocrx_word' id='word_1_164' title='bbox 568 1631 763 1660; x_wconf 75' lang='lat' dir='ltr'>Bituricensi.</span> <span class='ocrx_word' id='word_1_165' title='bbox 782 1630 876 1665; x_wconf 82' lang='lat' dir='ltr'>Cum,</span> <span class='ocrx_word' id='word_1_166' title='bbox 897 1631 983 1661; x_wconf 87' lang='lat' dir='ltr'>sicut</span> <span class='ocrx_word' id='word_1_167' title='bbox 1000 1640 1038 1661; x_wconf 82' lang='lat' dir='ltr'>ex</span> <span class='ocrx_word' id='word_1_168' title='bbox 1056 1649 1104 1660; x_wconf 89' lang='lat'>—.</span> <span class='ocrx_word' id='word_1_169' title='bbox 1125 1632 1196 1661; x_wconf 89' lang='lat' dir='ltr'>Dat.</span> 
     </span>
     <span class='ocr_line' id='line_1_26' title="bbox 196 1685 1058 1719; baseline 0.001 -5"><span class='ocrx_word' id='word_1_170' title='bbox 196 1685 398 1719; x_wconf 86' lang='lat' dir='ltr'>Interamne,</span> <span class='ocrx_word' id='word_1_171' title='bbox 414 1686 460 1715; x_wconf 83' lang='lat' dir='ltr'>VI</span> <span class='ocrx_word' id='word_1_172' title='bbox 476 1685 551 1714; x_wconf 88' lang='lat' dir='ltr'>idus</span> <span class='ocrx_word' id='word_1_173' title='bbox 568 1685 764 1719; x_wconf 75' lang='lat' dir='ltr'>decembris,</span> <span class='ocrx_word' id='word_1_174' title='bbox 783 1694 870 1715; x_wconf 88' lang='lat' dir='ltr'>anno</span> <span class='ocrx_word' id='word_1_175' title='bbox 886 1686 1024 1716; x_wconf 90' lang='lat' dir='ltr'>decimo.</span> <span class='ocrx_word' id='word_1_176' title='bbox 1045 1699 1058 1712; x_wconf 92' lang='lat'>»</span> 
     </span>
    </p>
   </div>
   <div class='ocr_carea' id='block_1_7' title="bbox 267 1836 1128 1869">
    <p class='ocr_par' dir='ltr' id='par_1_7' title="bbox 267 1836 1128 1869">
     <span class='ocr_line' id='line_1_27' title="bbox 267 1836 1128 1869; baseline 0 -5"><span class='ocrx_word' id='word_1_177' title='bbox 267 1836 384 1864; x_wconf 79' lang='grc'>3389</span> <span class='ocrx_word' id='word_1_178' title='bbox 732 1837 832 1869; x_wconf 90' lang='lat' dir='ltr'>Terni‚</span> <span class='ocrx_word' id='word_1_179' title='bbox 849 1837 865 1864; x_wconf 92' lang='grc'>8</span> <span class='ocrx_word' id='word_1_180' title='bbox 879 1837 1034 1864; x_wconf 73' lang='lat' dir='ltr'>decembre</span> <span class='ocrx_word' id='word_1_181' title='bbox 1049 1838 1128 1865; x_wconf 79' lang='grc'><strong>1236.</strong></span> 
     </span>
    </p>
   </div>
   <div class='ocr_carea' id='block_1_8' title="bbox 194 1899 1201 2172">
    <p class='ocr_par' dir='ltr' id='par_1_8' title="bbox 194 1899 1201 2172">
     <span class='ocr_line' id='line_1_28' title="bbox 233 1899 1201 1931; baseline 0.002 -6"><span class='ocrx_word' id='word_1_182' title='bbox 233 1899 349 1931; x_wconf 85' lang='lat' dir='ltr'>Eidem,</span> <span class='ocrx_word' id='word_1_183' title='bbox 363 1899 399 1925; x_wconf 89' lang='lat' dir='ltr'>de</span> <span class='ocrx_word' id='word_1_184' title='bbox 413 1899 515 1925; x_wconf 88' lang='lat' dir='ltr'>eadem</span> <span class='ocrx_word' id='word_1_185' title='bbox 534 1907 564 1925; x_wconf 87' lang='lat' dir='ltr'>re</span> <span class='ocrx_word' id='word_1_186' title='bbox 579 1899 725 1931; x_wconf 86' lang='lat' dir='ltr'>scribens,</span> <span class='ocrx_word' id='word_1_187' title='bbox 744 1899 879 1926; x_wconf 90' lang='lat' dir='ltr'>concedit</span> <span class='ocrx_word' id='word_1_188' title='bbox 894 1902 925 1926; x_wconf 87' lang='lat' dir='ltr'>ut</span> <span class='ocrx_word' id='word_1_189' title='bbox 942 1908 1009 1926; x_wconf 91' lang='lat' dir='ltr'>cum</span> <span class='ocrx_word' id='word_1_190' title='bbox 1030 1900 1124 1927; x_wconf 90' lang='lat' dir='ltr'>tribus</span> <span class='ocrx_word' id='word_1_191' title='bbox 1140 1901 1201 1927; x_wconf 87' lang='lat' dir='ltr'>ele-</span> 
     </span>
     <span class='ocr_line' id='line_1_29' title="bbox 196 1947 1199 1982; baseline 0.002 -9"><span class='ocrx_word' id='word_1_192' title='bbox 196 1947 266 1974; x_wconf 90' lang='lat' dir='ltr'>ricis</span> <span class='ocrx_word' id='word_1_193' title='bbox 282 1947 375 1981; x_wconf 89' lang='lat' dir='ltr'>ipsius</span> <span class='ocrx_word' id='word_1_194' title='bbox 392 1947 540 1980; x_wconf 88' lang='lat' dir='ltr'>obsequiis</span> <span class='ocrx_word' id='word_1_195' title='bbox 557 1947 707 1981; x_wconf 83' lang='lat' dir='ltr'>deputatis</span> <span class='ocrx_word' id='word_1_196' title='bbox 726 1947 876 1981; x_wconf 84' lang='lat' dir='ltr'>dispenset</span> <span class='ocrx_word' id='word_1_197' title='bbox 896 1951 927 1974; x_wconf 91' lang='lat' dir='ltr'>ut</span> <span class='ocrx_word' id='word_1_198' title='bbox 947 1956 1045 1975; x_wconf 87' lang='lat' dir='ltr'>eorum</span> <span class='ocrx_word' id='word_1_199' title='bbox 1063 1948 1199 1982; x_wconf 82' lang='lat' dir='ltr'>quilibet,</span> 
     </span>
     <span class='ocr_line' id='line_1_30' title="bbox 197 1995 1199 2029; baseline 0.001 -6"><span class='ocrx_word' id='word_1_200' title='bbox 197 2004 255 2023; x_wconf 90' lang='lat' dir='ltr'>non</span> <span class='ocrx_word' id='word_1_201' title='bbox 268 1995 402 2023; x_wconf 88' lang='lat' dir='ltr'>obstante</span> <span class='ocrx_word' id='word_1_202' title='bbox 416 1995 491 2029; x_wconf 88' lang='lat' dir='ltr'>quod</span> <span class='ocrx_word' id='word_1_203' title='bbox 502 1995 634 2022; x_wconf 86' lang='lat' dir='ltr'>obtineat</span> <span class='ocrx_word' id='word_1_204' title='bbox 650 1996 772 2022; x_wconf 89' lang='lat' dir='ltr'>unicum</span> <span class='ocrx_word' id='word_1_205' title='bbox 787 1996 962 2023; x_wconf 86' lang='lat' dir='ltr'>beneficium</span> <span class='ocrx_word' id='word_1_206' title='bbox 976 1997 1085 2024; x_wconf 85' lang='lat' dir='ltr'>habens</span> <span class='ocrx_word' id='word_1_207' title='bbox 1099 2006 1199 2024; x_wconf 86' lang='lat' dir='ltr'>curam</span> 
     </span>
     <span class='ocr_line' id='line_1_31' title="bbox 194 2044 1199 2078; baseline 0.001 -7"><span class='ocrx_word' id='word_1_208' title='bbox 194 2044 364 2072; x_wconf 84' lang='lat' dir='ltr'>animarum</span> <span class='ocrx_word' id='word_1_209' title='bbox 387 2052 550 2076; x_wconf 81' lang='lat' dir='ltr'>annexam,</span> <span class='ocrx_word' id='word_1_210' title='bbox 571 2044 663 2078; x_wconf 83' lang='lat' dir='ltr'>possit</span> <span class='ocrx_word' id='word_1_211' title='bbox 682 2044 812 2078; x_wconf 86' lang='lat' dir='ltr'>recipere</span> <span class='ocrx_word' id='word_1_212' title='bbox 833 2044 931 2077; x_wconf 89' lang='lat' dir='ltr'>aliud,</span> <span class='ocrx_word' id='word_1_213' title='bbox 948 2045 1078 2072; x_wconf 85' lang='lat' dir='ltr'>similem</span> <span class='ocrx_word' id='word_1_214' title='bbox 1099 2054 1199 2073; x_wconf 87' lang='lat' dir='ltr'>curam</span> 
     </span>
     <span class='ocr_line' id='line_1_32' title="bbox 197 2091 1198 2127; baseline 0.002 -7"><span class='ocrx_word' id='word_1_215' title='bbox 197 2093 317 2120; x_wconf 87' lang='lat' dir='ltr'>habens.</span> <span class='ocrx_word' id='word_1_216' title='bbox 329 2107 359 2111; x_wconf 91' lang='lat'><strong>—</strong></span> <span class='ocrx_word' id='word_1_217' title='bbox 372 2093 458 2125; x_wconf 74' lang='lat' dir='ltr'>(Bm.</span> <span class='ocrx_word' id='word_1_218' title='bbox 469 2092 512 2125; x_wconf 89' lang='lat'>18,</span> <span class='ocrx_word' id='word_1_219' title='bbox 526 2093 546 2119; x_wconf 82' lang='lat' dir='ltr'>f.</span> <span class='ocrx_word' id='word_1_220' title='bbox 558 2091 610 2119; x_wconf 84' lang='grc'>207</span> <span class='ocrx_word' id='word_1_221' title='bbox 621 2095 666 2125; x_wconf 83' lang='lat' dir='ltr'>v⁰;</span> <span class='ocrx_word' id='word_1_222' title='bbox 681 2101 750 2120; x_wconf 90' lang='lat' dir='ltr'>ann.</span> <span class='ocrx_word' id='word_1_223' title='bbox 763 2093 802 2126; x_wconf 88' lang='lat' dir='ltr'>X,</span> <span class='ocrx_word' id='word_1_224' title='bbox 815 2102 840 2120; x_wconf 89' lang='lat' dir='ltr'>c.</span> <span class='ocrx_word' id='word_1_225' title='bbox 852 2094 919 2126; x_wconf 83' lang='grc'><strong>276;</strong></span> <span class='ocrx_word' id='word_1_226' title='bbox 931 2109 963 2112; x_wconf 85' lang='lat'><strong>—</strong></span> <span class='ocrx_word' id='word_1_227' title='bbox 974 2093 1108 2122; x_wconf 62' lang='lat' dir='ltr'>Momm</span> <span class='ocrx_word' id='word_1_228' title='bbox 1119 2095 1198 2127; x_wconf 85' lang='lat'>1191,</span> 
     </span>
     <span class='ocr_line' id='line_1_33' title="bbox 197 2141 310 2172; baseline 0 -4"><span class='ocrx_word' id='word_1_229' title='bbox 197 2142 217 2168; x_wconf 72' lang='lat' dir='ltr'>f.</span> <span class='ocrx_word' id='word_1_230' title='bbox 234 2141 310 2172; x_wconf 88' lang='grc'><strong>177.)</strong></span> 
     </span>
    </p>
   </div>
   <div class='ocr_carea' id='block_1_9' title="bbox 196 2234 1197 2471">
    <p class='ocr_par' dir='ltr' id='par_1_9' title="bbox 196 2234 1197 2471">
     <span class='ocr_line' id='line_1_34' title="bbox 238 2234 1197 2271; baseline 0.003 -8"><span class='ocrx_word' id='word_1_231' title='bbox 238 2247 251 2262; x_wconf 72' lang='grc' dir='ltr'>α</span> <span class='ocrx_word' id='word_1_232' title='bbox 275 2235 391 2264; x_wconf 74' lang='lat' dir='ltr'>Eidem.</span> <span class='ocrx_word' id='word_1_233' title='bbox 409 2234 503 2269; x_wconf 90' lang='lat' dir='ltr'>Cum,</span> <span class='ocrx_word' id='word_1_234' title='bbox 522 2234 608 2264; x_wconf 88' lang='lat' dir='ltr'>sicut</span> <span class='ocrx_word' id='word_1_235' title='bbox 627 2243 665 2264; x_wconf 82' lang='lat' dir='ltr'>ex</span> <span class='ocrx_word' id='word_1_236' title='bbox 685 2252 733 2263; x_wconf 89' lang='lat'>—.</span> <span class='ocrx_word' id='word_1_237' title='bbox 759 2236 832 2264; x_wconf 86' lang='lat' dir='ltr'>Dat.</span> <span class='ocrx_word' id='word_1_238' title='bbox 855 2236 1055 2271; x_wconf 75' lang='lat' dir='ltr'>Inter-amne,</span> <span class='ocrx_word' id='word_1_239' title='bbox 1082 2240 1118 2266; x_wconf 92' lang='lat' dir='ltr'>ut</span> <span class='ocrx_word' id='word_1_240' title='bbox 1142 2245 1197 2266; x_wconf 86' lang='lat' dir='ltr'>su-</span> 
     </span>
     <span class='ocr_line' id='line_1_35' title="bbox 196 2297 304 2326; baseline 0 -9"><span class='ocrx_word' id='word_1_241' title='bbox 196 2297 266 2326; x_wconf 84' lang='lat' dir='ltr'>pra.</span> <span class='ocrx_word' id='word_1_242' title='bbox 291 2300 304 2315; x_wconf 87' lang='lat'>»</span> 
     </span>
     <span class='ocr_line' id='line_1_36' title="bbox 265 2438 1127 2471; baseline -0.001 -4"><span class='ocrx_word' id='word_1_243' title='bbox 265 2439 385 2467; x_wconf 85' lang='grc'>3390</span> <span class='ocrx_word' id='word_1_244' title='bbox 731 2438 831 2471; x_wconf 87' lang='lat' dir='ltr'>Terni,</span> <span class='ocrx_word' id='word_1_245' title='bbox 847 2438 864 2465; x_wconf 88' lang='lat'>8</span> <span class='ocrx_word' id='word_1_246' title='bbox 879 2439 1033 2466; x_wconf 78' lang='lat' dir='ltr'>decembre</span> <span class='ocrx_word' id='word_1_247' title='bbox 1048 2439 1127 2467; x_wconf 86' lang='grc'><strong>1236.</strong></span> 
     </span>
    </p>
   </div>
   <div class='ocr_carea' id='block_1_10' title="bbox 195 2499 1200 2871">
    <p class='ocr_par' dir='ltr' id='par_1_10' title="bbox 195 2499 1200 2871">
     <span class='ocr_line' id='line_1_37' title="bbox 231 2499 1199 2536; baseline 0.001 -8"><span class='ocrx_word' id='word_1_248' title='bbox 231 2501 348 2533; x_wconf 84' lang='lat' dir='ltr'>Eidem,</span> <span class='ocrx_word' id='word_1_249' title='bbox 357 2509 463 2527; x_wconf 78' lang='lat' dir='ltr'>—cum</span> <span class='ocrx_word' id='word_1_250' title='bbox 475 2499 630 2526; x_wconf 87' lang='lat' dir='ltr'>ecelesiam</span> <span class='ocrx_word' id='word_1_251' title='bbox 639 2499 856 2526; x_wconf 88' lang='lat' dir='ltr'>Bituricensem</span> <span class='ocrx_word' id='word_1_252' title='bbox 870 2500 1017 2528; x_wconf 79' lang='lat' dir='ltr'>invenerit</span> <span class='ocrx_word' id='word_1_253' title='bbox 1029 2501 1138 2529; x_wconf 89' lang='lat' dir='ltr'>debitis</span> <span class='ocrx_word' id='word_1_254' title='bbox 1148 2511 1199 2536; x_wconf 79' lang='lat' dir='ltr'>ag-</span> 
     </span>
     <span class='ocr_line' id='line_1_38' title="bbox 195 2548 1198 2584; baseline 0.001 -8"><span class='ocrx_word' id='word_1_255' title='bbox 195 2551 360 2584; x_wconf 83' lang='lat' dir='ltr'>gravatam,</span> <span class='ocrx_word' id='word_1_256' title='bbox 371 2551 399 2575; x_wconf 88' lang='lat' dir='ltr'>et</span> <span class='ocrx_word' id='word_1_257' title='bbox 410 2551 471 2575; x_wconf 89' lang='lat' dir='ltr'>tam</span> <span class='ocrx_word' id='word_1_258' title='bbox 483 2548 531 2575; x_wconf 91' lang='lat' dir='ltr'>illi</span> <span class='ocrx_word' id='word_1_259' title='bbox 542 2548 592 2582; x_wconf 87' lang='lat' dir='ltr'>qui</span> <span class='ocrx_word' id='word_1_260' title='bbox 604 2550 811 2574; x_wconf 78' lang='lat' dir='ltr'>contraxerant</span> <span class='ocrx_word' id='word_1_261' title='bbox 824 2549 993 2582; x_wconf 89' lang='lat' dir='ltr'>hujusmodi</span> <span class='ocrx_word' id='word_1_262' title='bbox 1002 2549 1102 2576; x_wconf 84' lang='lat' dir='ltr'>debita</span> <span class='ocrx_word' id='word_1_263' title='bbox 1110 2559 1198 2584; x_wconf 88' lang='lat' dir='ltr'>quam</span> 
     </span>
     <span class='ocr_line' id='line_1_39' title="bbox 198 2596 1200 2631; baseline 0.002 -7"><span class='ocrx_word' id='word_1_264' title='bbox 198 2597 371 2630; x_wconf 83' lang='lat' dir='ltr'>creditores,</span> <span class='ocrx_word' id='word_1_265' title='bbox 385 2597 554 2623; x_wconf 87' lang='lat' dir='ltr'>dicerentur</span> <span class='ocrx_word' id='word_1_266' title='bbox 570 2596 676 2623; x_wconf 83' lang='lat' dir='ltr'>habere</span> <span class='ocrx_word' id='word_1_267' title='bbox 692 2596 807 2623; x_wconf 83' lang='lat' dir='ltr'>litteras</span> <span class='ocrx_word' id='word_1_268' title='bbox 822 2598 996 2631; x_wconf 82' lang='lat' dir='ltr'>apostolicas</span> <span class='ocrx_word' id='word_1_269' title='bbox 1013 2601 1044 2625; x_wconf 85' lang='lat' dir='ltr'>ut</span> <span class='ocrx_word' id='word_1_270' title='bbox 1065 2599 1100 2625; x_wconf 88' lang='lat' dir='ltr'>de</span> <span class='ocrx_word' id='word_1_271' title='bbox 1116 2599 1200 2626; x_wconf 87' lang='lat' dir='ltr'>bonis</span> 
     </span>
     <span class='ocr_line' id='line_1_40' title="bbox 195 2644 1200 2680; baseline 0.002 -8"><span class='ocrx_word' id='word_1_272' title='bbox 195 2645 497 2679; x_wconf 71' lang='lat' dir='ltr'>archiepiscopalibus</span> <span class='ocrx_word' id='word_1_273' title='bbox 513 2644 555 2671; x_wconf 89' lang='lat' dir='ltr'>eis</span> <span class='ocrx_word' id='word_1_274' title='bbox 572 2644 704 2678; x_wconf 85' lang='lat' dir='ltr'>plenarie</span> <span class='ocrx_word' id='word_1_275' title='bbox 719 2644 854 2676; x_wconf 75' lang='lat' dir='ltr'>satisfiat,</span> <span class='ocrx_word' id='word_1_276' title='bbox 869 2653 926 2671; x_wconf 92' lang='lat' dir='ltr'>non</span> <span class='ocrx_word' id='word_1_277' title='bbox 940 2646 1060 2680; x_wconf 84' lang='lat' dir='ltr'>probato</span> <span class='ocrx_word' id='word_1_278' title='bbox 1076 2647 1153 2680; x_wconf 89' lang='lat' dir='ltr'>quod</span> <span class='ocrx_word' id='word_1_279' title='bbox 1168 2648 1200 2674; x_wconf 90' lang='lat' dir='ltr'>in</span> 
     </span>
     <span class='ocr_line' id='line_1_41' title="bbox 197 2692 1200 2728; baseline 0.002 -8"><span class='ocrx_word' id='word_1_280' title='bbox 197 2693 360 2720; x_wconf 83' lang='lat' dir='ltr'>utilitatem</span> <span class='ocrx_word' id='word_1_281' title='bbox 377 2693 508 2726; x_wconf 82' lang='lat' dir='ltr'>ejusdem</span> <span class='ocrx_word' id='word_1_282' title='bbox 523 2692 663 2719; x_wconf 83' lang='lat' dir='ltr'>ecclesiae</span> <span class='ocrx_word' id='word_1_283' title='bbox 678 2692 739 2719; x_wconf 85' lang='lat' dir='ltr'>sint</span> <span class='ocrx_word' id='word_1_284' title='bbox 753 2701 903 2725; x_wconf 78' lang='lat' dir='ltr'>conversa,</span> <span class='ocrx_word' id='word_1_285' title='bbox 916 2708 947 2711; x_wconf 94' lang='lat'><strong>—</strong></span> <span class='ocrx_word' id='word_1_286' title='bbox 960 2694 1081 2721; x_wconf 87' lang='lat' dir='ltr'>mandat</span> <span class='ocrx_word' id='word_1_287' title='bbox 1097 2698 1200 2728; x_wconf 86' lang='lat' dir='ltr'>quate-</span> 
     </span>
     <span class='ocr_line' id='line_1_42' title="bbox 197 2740 1199 2775; baseline 0.002 -7"><span class='ocrx_word' id='word_1_288' title='bbox 197 2750 253 2768; x_wconf 86' lang='lat' dir='ltr'>nus</span> <span class='ocrx_word' id='word_1_289' title='bbox 274 2741 375 2768; x_wconf 80' lang='lat' dir='ltr'>debita.</span> <span class='ocrx_word' id='word_1_290' title='bbox 401 2750 474 2775; x_wconf 89' lang='lat' dir='ltr'>quae</span> <span class='ocrx_word' id='word_1_291' title='bbox 501 2740 668 2767; x_wconf 81' lang='lat' dir='ltr'>constiterit</span> <span class='ocrx_word' id='word_1_292' title='bbox 697 2740 727 2767; x_wconf 90' lang='lat' dir='ltr'>in</span> <span class='ocrx_word' id='word_1_293' title='bbox 751 2741 844 2775; x_wconf 82' lang='lat' dir='ltr'>ipsius</span> <span class='ocrx_word' id='word_1_294' title='bbox 873 2742 1013 2769; x_wconf 87' lang='lat' dir='ltr'>ecclesiae</span> <span class='ocrx_word' id='word_1_295' title='bbox 1037 2743 1199 2770; x_wconf 86' lang='lat' dir='ltr'>utilitatem</span> 
     </span>
     <span class='ocr_line' id='line_1_43' title="bbox 198 2788 1199 2825; baseline 0.002 -9"><span class='ocrx_word' id='word_1_296' title='bbox 198 2797 354 2822; x_wconf 89' lang='lat' dir='ltr'>conversa,</span> <span class='ocrx_word' id='word_1_297' title='bbox 376 2789 440 2816; x_wconf 89' lang='lat' dir='ltr'>sine</span> <span class='ocrx_word' id='word_1_298' title='bbox 462 2789 595 2823; x_wconf 86' lang='lat' dir='ltr'>qualibet</span> <span class='ocrx_word' id='word_1_299' title='bbox 617 2788 792 2815; x_wconf 85' lang='lat' dir='ltr'>difficultate</span> <span class='ocrx_word' id='word_1_300' title='bbox 814 2790 971 2823; x_wconf 79' lang='lat' dir='ltr'>persolvat.</span> <span class='ocrx_word' id='word_1_301' title='bbox 992 2805 1024 2808; x_wconf 98' lang='lat'><strong>—</strong></span> <span class='ocrx_word' id='word_1_302' title='bbox 1045 2791 1132 2822; x_wconf 69' lang='lat' dir='ltr'>(Rea.</span> <span class='ocrx_word' id='word_1_303' title='bbox 1150 2791 1199 2825; x_wconf 90' lang='lat'>18,</span> 
     </span>
     <span class='ocr_line' id='line_1_44' title="bbox 197 2837 1041 2871; baseline 0.001 -7"><span class='ocrx_word' id='word_1_304' title='bbox 197 2839 218 2864; x_wconf 75' lang='lat' dir='ltr'>f.</span> <span class='ocrx_word' id='word_1_305' title='bbox 234 2837 286 2865; x_wconf 84' lang='lat'>207</span> <span class='ocrx_word' id='word_1_306' title='bbox 302 2841 347 2870; x_wconf 83' lang='lat' dir='ltr'>v⁰;</span> <span class='ocrx_word' id='word_1_307' title='bbox 364 2846 434 2865; x_wconf 88' lang='lat' dir='ltr'>ann.</span> <span class='ocrx_word' id='word_1_308' title='bbox 451 2838 490 2870; x_wconf 89' lang='lat' dir='ltr'>X,</span> <span class='ocrx_word' id='word_1_309' title='bbox 508 2846 532 2864; x_wconf 87' lang='lat' dir='ltr'>e.</span> <span class='ocrx_word' id='word_1_310' title='bbox 549 2838 618 2869; x_wconf 83' lang='grc'><strong>277;</strong></span> <span class='ocrx_word' id='word_1_311' title='bbox 636 2852 668 2855; x_wconf 94' lang='grc'>-</span> <span class='ocrx_word' id='word_1_312' title='bbox 684 2837 817 2865; x_wconf 71' lang='lat' dir='ltr'>Moru-:Au</span> <span class='ocrx_word' id='word_1_313' title='bbox 833 2838 912 2871; x_wconf 83' lang='lat'>1191,</span> <span class='ocrx_word' id='word_1_314' title='bbox 930 2839 950 2864; x_wconf 82' lang='lat' dir='ltr'>f.</span> <span class='ocrx_word' id='word_1_315' title='bbox 968 2838 1041 2870; x_wconf 78' lang='lat'>178.)</span> 
     </span>
    </p>
   </div>
   <div class='ocr_carea' id='block_1_11' title="bbox 239 2930 1145 2970">
    <p class='ocr_par' dir='ltr' id='par_1_11' title="bbox 239 2930 1145 2970">
     <span class='ocr_line' id='line_1_45' title="bbox 239 2930 1145 2970; baseline 0 -11"><span class='ocrx_word' id='word_1_316' title='bbox 239 2943 252 2957; x_wconf 92' lang='lat'>«</span> <span class='ocrx_word' id='word_1_317' title='bbox 276 2932 391 2960; x_wconf 82' lang='lat' dir='ltr'>Eidem.</span> <span class='ocrx_word' id='word_1_318' title='bbox 409 2931 611 2970; x_wconf 86' lang='lat' dir='ltr'>Supplicasti</span> <span class='ocrx_word' id='word_1_319' title='bbox 629 2930 724 2960; x_wconf 89' lang='lat' dir='ltr'>nobis</span> <span class='ocrx_word' id='word_1_320' title='bbox 741 2935 776 2960; x_wconf 91' lang='lat' dir='ltr'>ut</span> <span class='ocrx_word' id='word_1_321' title='bbox 794 2948 840 2960; x_wconf 81' lang='lat'>—.</span> <span class='ocrx_word' id='word_1_322' title='bbox 859 2932 933 2961; x_wconf 87' lang='lat' dir='ltr'>Dat.</span> <span class='ocrx_word' id='word_1_323' title='bbox 951 2935 985 2961; x_wconf 88' lang='lat' dir='ltr'>ut</span> <span class='ocrx_word' id='word_1_324' title='bbox 1002 2940 1112 2970; x_wconf 88' lang='lat' dir='ltr'>supra.</span> <span class='ocrx_word' id='word_1_325' title='bbox 1132 2945 1145 2959; x_wconf 81' lang='lat'>»</span> 
     </span>
    </p>
   </div>
   <div class='ocr_carea' id='block_1_12' title="bbox 1351 355 2210 389">
    <p class='ocr_par' dir='ltr' id='par_1_12' title="bbox 1351 355 2210 389">
     <span class='ocr_line' id='line_1_46' title="bbox 1351 355 2210 389; baseline 0.002 -7"><span class='ocrx_word' id='word_1_326' title='bbox 1351 355 1471 382; x_wconf 78' lang='grc'>3391</span> <span class='ocrx_word' id='word_1_327' title='bbox 1815 356 1914 389; x_wconf 90' lang='lat' dir='ltr'>Terni,</span> <span class='ocrx_word' id='word_1_328' title='bbox 1931 357 1947 383; x_wconf 90' lang='grc'>9</span> <span class='ocrx_word' id='word_1_329' title='bbox 1963 357 2116 384; x_wconf 65' lang='lat' dir='ltr'>decembre</span> <span class='ocrx_word' id='word_1_330' title='bbox 2131 357 2210 384; x_wconf 87' lang='grc'><strong>1236.</strong></span> 
     </span>
    </p>
   </div>
   <div class='ocr_carea' id='block_1_13' title="bbox 1280 416 2284 741">
    <p class='ocr_par' dir='ltr' id='par_1_13' title="bbox 1280 416 2284 741">
     <span class='ocr_line' id='line_1_47' title="bbox 1316 416 2281 454; baseline 0.003 -11"><span class='ocrx_word' id='word_1_331' title='bbox 1316 416 1459 450; x_wconf 77' lang='lat' dir='ltr'>Episcopo</span> <span class='ocrx_word' id='word_1_332' title='bbox 1468 417 1615 449; x_wconf 85' lang='lat' dir='ltr'>Trecensi,</span> <span class='ocrx_word' id='word_1_333' title='bbox 1626 417 1656 444; x_wconf 93' lang='lat' dir='ltr'>in</span> <span class='ocrx_word' id='word_1_334' title='bbox 1669 417 1751 451; x_wconf 84' lang='lat' dir='ltr'>cujus</span> <span class='ocrx_word' id='word_1_335' title='bbox 1763 417 1887 444; x_wconf 82' lang='lat' dir='ltr'>dioecesi</span> <span class='ocrx_word' id='word_1_336' title='bbox 1899 419 2042 452; x_wconf 84' lang='lat' dir='ltr'>quaedam</span> <span class='ocrx_word' id='word_1_337' title='bbox 2056 422 2139 445; x_wconf 87' lang='lat' dir='ltr'>erant</span> <span class='ocrx_word' id='word_1_338' title='bbox 2152 419 2281 454; x_wconf 82' lang='lat' dir='ltr'>hospita-</span> 
     </span>
     <span class='ocr_line' id='line_1_48' title="bbox 1281 465 2282 501; baseline 0.004 -10"><span class='ocrx_word' id='word_1_339' title='bbox 1281 465 1330 495; x_wconf 75' lang='lat' dir='ltr'>lia,</span> <span class='ocrx_word' id='word_1_340' title='bbox 1346 465 1375 491; x_wconf 93' lang='lat' dir='ltr'>in</span> <span class='ocrx_word' id='word_1_341' title='bbox 1391 466 1496 499; x_wconf 73' lang='lat' dir='ltr'>quibus</span> <span class='ocrx_word' id='word_1_342' title='bbox 1507 467 1610 492; x_wconf 80' lang='lat' dir='ltr'>fratres</span> <span class='ocrx_word' id='word_1_343' title='bbox 1625 466 1799 493; x_wconf 82' lang='lat' dir='ltr'>habitabant</span> <span class='ocrx_word' id='word_1_344' title='bbox 1812 467 1879 493; x_wconf 78' lang='lat' dir='ltr'>ficta</span> <span class='ocrx_word' id='word_1_345' title='bbox 1890 467 2031 501; x_wconf 69' lang='lat' dir='ltr'>religione</span> <span class='ocrx_word' id='word_1_346' title='bbox 2046 468 2147 500; x_wconf 70' lang='lat' dir='ltr'>fucati,</span> <span class='ocrx_word' id='word_1_347' title='bbox 2160 468 2282 495; x_wconf 83' lang='lat' dir='ltr'>mandat</span> 
     </span>
     <span class='ocr_line' id='line_1_49' title="bbox 1281 514 2284 550; baseline 0.005 -11"><span class='ocrx_word' id='word_1_348' title='bbox 1281 517 1424 548; x_wconf 83' lang='lat' dir='ltr'>quatenus</span> <span class='ocrx_word' id='word_1_349' title='bbox 1437 514 1466 540; x_wconf 92' lang='lat' dir='ltr'>in</span> <span class='ocrx_word' id='word_1_350' title='bbox 1481 514 1637 548; x_wconf 69' lang='lat' dir='ltr'>hospitalia</span> <span class='ocrx_word' id='word_1_351' title='bbox 1650 515 1750 541; x_wconf 88' lang='lat' dir='ltr'>eadem</span> <span class='ocrx_word' id='word_1_352' title='bbox 1764 524 1852 541; x_wconf 87' lang='lat' dir='ltr'>unam</span> <span class='ocrx_word' id='word_1_353' title='bbox 1865 515 2031 542; x_wconf 80' lang='lat' dir='ltr'>introducat</span> <span class='ocrx_word' id='word_1_354' title='bbox 2043 516 2078 542; x_wconf 73' lang='lat' dir='ltr'>sle</span> <span class='ocrx_word' id='word_1_355' title='bbox 2090 516 2284 550; x_wconf 74' lang='lat' dir='ltr'>religionibus</span> 
     </span>
     <span class='ocr_line' id='line_1_50' title="bbox 1280 563 2284 598; baseline 0.003 -9"><span class='ocrx_word' id='word_1_356' title='bbox 1280 563 1464 596; x_wconf 82' lang='lat' dir='ltr'>approbatis,</span> <span class='ocrx_word' id='word_1_357' title='bbox 1484 572 1571 597; x_wconf 86' lang='lat' dir='ltr'>quam</span> <span class='ocrx_word' id='word_1_358' title='bbox 1592 564 1663 590; x_wconf 74' lang='lat' dir='ltr'>locis</span> <span class='ocrx_word' id='word_1_359' title='bbox 1682 564 1773 597; x_wconf 68' lang='lat' dir='ltr'>magis</span> <span class='ocrx_word' id='word_1_360' title='bbox 1795 565 1910 591; x_wconf 69' lang='lat' dir='ltr'>noverit</span> <span class='ocrx_word' id='word_1_361' title='bbox 1932 568 2156 598; x_wconf 58' lang='lat' dir='ltr'>conf-fruentem,</span> <span class='ocrx_word' id='word_1_362' title='bbox 2179 567 2284 592; x_wconf 78' lang='lat' dir='ltr'>fratres</span> 
     </span>
     <span class='ocr_line' id='line_1_51' title="bbox 1281 611 2284 648; baseline 0.004 -11"><span class='ocrx_word' id='word_1_363' title='bbox 1281 611 1331 645; x_wconf 83' lang='lat' dir='ltr'>qui</span> <span class='ocrx_word' id='word_1_364' title='bbox 1348 611 1520 645; x_wconf 72' lang='lat' dir='ltr'>religionem</span> <span class='ocrx_word' id='word_1_365' title='bbox 1542 611 1635 646; x_wconf 83' lang='lat' dir='ltr'>ipsam</span> <span class='ocrx_word' id='word_1_366' title='bbox 1656 612 1784 646; x_wconf 87' lang='lat' dir='ltr'>recipere</span> <span class='ocrx_word' id='word_1_367' title='bbox 1799 613 2025 646; x_wconf 76' lang='lat' dir='ltr'>denegaverint,</span> <span class='ocrx_word' id='word_1_368' title='bbox 2042 614 2149 640; x_wconf 84' lang='lat' dir='ltr'>exinde</span> <span class='ocrx_word' id='word_1_369' title='bbox 2165 614 2284 648; x_wconf 81' lang='lat' dir='ltr'>penitus</span> 
     </span>
     <span class='ocr_line' id='line_1_52' title="bbox 1281 661 2283 694; baseline 0.003 -7"><span class='ocrx_word' id='word_1_370' title='bbox 1281 661 1454 687; x_wconf 83' lang='lat' dir='ltr'>amovendo.</span> <span class='ocrx_word' id='word_1_371' title='bbox 1471 675 1501 679; x_wconf 89' lang='lat'><strong>—</strong></span> <span class='ocrx_word' id='word_1_372' title='bbox 1516 661 1603 691; x_wconf 69' lang='lat' dir='ltr'>(Rae.</span> <span class='ocrx_word' id='word_1_373' title='bbox 1620 661 1664 694; x_wconf 89' lang='lat'>18,</span> <span class='ocrx_word' id='word_1_374' title='bbox 1681 662 1701 688; x_wconf 80' lang='lat' dir='ltr'>f.</span> <span class='ocrx_word' id='word_1_375' title='bbox 1715 661 1767 688; x_wconf 90' lang='grc'>207</span> <span class='ocrx_word' id='word_1_376' title='bbox 1781 665 1826 694; x_wconf 86' lang='lat' dir='ltr'>v‘’;</span> <span class='ocrx_word' id='word_1_377' title='bbox 1841 670 1910 689; x_wconf 89' lang='lat' dir='ltr'>ann.</span> <span class='ocrx_word' id='word_1_378' title='bbox 1928 662 1967 694; x_wconf 88' lang='lat' dir='ltr'>X,</span> <span class='ocrx_word' id='word_1_379' title='bbox 1982 671 2006 688; x_wconf 86' lang='lat' dir='ltr'>c.</span> <span class='ocrx_word' id='word_1_380' title='bbox 2021 662 2087 694; x_wconf 86' lang='grc'><strong>278;</strong></span> <span class='ocrx_word' id='word_1_381' title='bbox 2102 677 2132 681; x_wconf 90' lang='grc'>-</span> <span class='ocrx_word' id='word_1_382' title='bbox 2149 662 2283 690; x_wconf 66' lang='lat' dir='ltr'>Moamu</span> 
     </span>
     <span class='ocr_line' id='line_1_53' title="bbox 1280 708 1484 741; baseline 0.01 -6"><span class='ocrx_word' id='word_1_383' title='bbox 1280 708 1360 741; x_wconf 88' lang='lat'>1191,</span> <span class='ocrx_word' id='word_1_384' title='bbox 1375 709 1395 735; x_wconf 83' lang='lat' dir='ltr'>f.</span> <span class='ocrx_word' id='word_1_385' title='bbox 1410 709 1484 739; x_wconf 90' lang='lat'>181.)</span> 
     </span>
    </p>
   </div>
   <div class='ocr_carea' id='block_1_14' title="bbox 1282 810 2286 942">
    <p class='ocr_par' dir='ltr' id='par_1_14' title="bbox 1282 810 2286 942">
     <span class='ocr_line' id='line_1_54' title="bbox 1324 810 2286 846; baseline 0.004 -10"><span class='ocrx_word' id='word_1_386' title='bbox 1324 821 1336 835; x_wconf 84' lang='lat'>«</span> <span class='ocrx_word' id='word_1_387' title='bbox 1365 832 1383 837; x_wconf 88' lang='lat'>..</span> <span class='ocrx_word' id='word_1_388' title='bbox 1411 810 1543 846; x_wconf 78' lang='lat' dir='ltr'>episcopo</span> <span class='ocrx_word' id='word_1_389' title='bbox 1565 811 1711 839; x_wconf 74' lang='lat' dir='ltr'>Trecensi.</span> <span class='ocrx_word' id='word_1_390' title='bbox 1735 810 1834 845; x_wconf 81' lang='lat' dir='ltr'>Cum,</span> <span class='ocrx_word' id='word_1_391' title='bbox 1861 811 1947 840; x_wconf 89' lang='lat' dir='ltr'>sicut</span> <span class='ocrx_word' id='word_1_392' title='bbox 1972 820 2008 841; x_wconf 78' lang='lat' dir='ltr'>ex</span> <span class='ocrx_word' id='word_1_393' title='bbox 2031 828 2079 840; x_wconf 90' lang='lat'>—-.</span> <span class='ocrx_word' id='word_1_394' title='bbox 2102 812 2175 841; x_wconf 87' lang='lat' dir='ltr'>Dat.</span> <span class='ocrx_word' id='word_1_395' title='bbox 2198 812 2286 841; x_wconf 91' lang='lat' dir='ltr'>Inte-</span> 
     </span>
     <span class='ocr_line' id='line_1_55' title="bbox 1282 862 2286 901; baseline 0.003 -11"><span class='ocrx_word' id='word_1_396' title='bbox 1282 870 1408 891; x_wconf 84' lang='lat' dir='ltr'>ramne.</span> <span class='ocrx_word' id='word_1_397' title='bbox 1426 863 1453 891; x_wconf 81' lang='lat' dir='ltr'>V</span> <span class='ocrx_word' id='word_1_398' title='bbox 1471 862 1545 891; x_wconf 87' lang='lat' dir='ltr'>idus</span> <span class='ocrx_word' id='word_1_399' title='bbox 1562 862 1755 898; x_wconf 81' lang='lat' dir='ltr'>decembris,</span> <span class='ocrx_word' id='word_1_400' title='bbox 1775 863 1985 901; x_wconf 81' lang='lat' dir='ltr'>pontificatus</span> <span class='ocrx_word' id='word_1_401' title='bbox 2005 864 2109 893; x_wconf 82' lang='lat' dir='ltr'>nostri</span> <span class='ocrx_word' id='word_1_402' title='bbox 2125 872 2212 894; x_wconf 88' lang='lat' dir='ltr'>anno</span> <span class='ocrx_word' id='word_1_403' title='bbox 2228 863 2286 894; x_wconf 89' lang='lat' dir='ltr'>de-</span> 
     </span>
     <span class='ocr_line' id='line_1_56' title="bbox 1283 921 1412 942; baseline 0 0"><span class='ocrx_word' id='word_1_404' title='bbox 1283 921 1378 942; x_wconf 77' lang='lat' dir='ltr'>cimo.</span> <span class='ocrx_word' id='word_1_405' title='bbox 1400 925 1412 939; x_wconf 79' lang='lat' dir='ltr'><strong><em>n</em></strong></span> 
     </span>
    </p>
   </div>
   <div class='ocr_carea' id='block_1_15' title="bbox 1353 1070 2214 1104">
    <p class='ocr_par' dir='ltr' id='par_1_15' title="bbox 1353 1070 2214 1104">
     <span class='ocr_line' id='line_1_57' title="bbox 1353 1070 2214 1104; baseline 0.003 -7"><span class='ocrx_word' id='word_1_406' title='bbox 1353 1070 1467 1097; x_wconf 69' lang='lat'>339²</span> <span class='ocrx_word' id='word_1_407' title='bbox 1823 1072 1923 1104; x_wconf 87' lang='lat' dir='ltr'>Terni,</span> <span class='ocrx_word' id='word_1_408' title='bbox 1937 1073 1953 1098; x_wconf 88' lang='lat'>5</span> <span class='ocrx_word' id='word_1_409' title='bbox 1966 1072 2119 1100; x_wconf 76' lang='lat' dir='ltr'>decembre</span> <span class='ocrx_word' id='word_1_410' title='bbox 2134 1073 2214 1100; x_wconf 83' lang='lat'>1236.</span> 
     </span>
    </p>
   </div>
   <div class='ocr_carea' id='block_1_16' title="bbox 1283 1131 2288 1358">
    <p class='ocr_par' dir='ltr' id='par_1_16' title="bbox 1283 1131 2288 1358">
     <span class='ocr_line' id='line_1_58' title="bbox 1318 1131 2288 1169; baseline 0.005 -12"><span class='ocrx_word' id='word_1_411' title='bbox 1318 1131 1462 1165; x_wconf 85' lang='lat' dir='ltr'>Episcopo</span> <span class='ocrx_word' id='word_1_412' title='bbox 1478 1132 1663 1159; x_wconf 85' lang='lat' dir='ltr'>Nannetensi</span> <span class='ocrx_word' id='word_1_413' title='bbox 1679 1133 1815 1159; x_wconf 90' lang='lat' dir='ltr'>concedit</span> <span class='ocrx_word' id='word_1_414' title='bbox 1828 1134 2001 1160; x_wconf 76' lang='lat' dir='ltr'>facultatem</span> <span class='ocrx_word' id='word_1_415' title='bbox 2018 1136 2185 1168; x_wconf 80' lang='lat' dir='ltr'>capellanos</span> <span class='ocrx_word' id='word_1_416' title='bbox 2202 1143 2288 1169; x_wconf 88' lang='lat' dir='ltr'>paro-</span> 
     </span>
     <span class='ocr_line' id='line_1_59' title="bbox 1283 1180 2287 1216; baseline 0.005 -10"><span class='ocrx_word' id='word_1_417' title='bbox 1283 1180 1428 1206; x_wconf 88' lang='lat' dir='ltr'>chialium</span> <span class='ocrx_word' id='word_1_418' title='bbox 1453 1181 1643 1207; x_wconf 88' lang='lat' dir='ltr'>ecclesiarum</span> <span class='ocrx_word' id='word_1_419' title='bbox 1670 1189 1738 1207; x_wconf 86' lang='lat' dir='ltr'>suae</span> <span class='ocrx_word' id='word_1_420' title='bbox 1760 1181 1901 1208; x_wconf 80' lang='lat' dir='ltr'>dioecesis</span> <span class='ocrx_word' id='word_1_421' title='bbox 1923 1183 2120 1216; x_wconf 86' lang='lat' dir='ltr'>compellendi</span> <span class='ocrx_word' id='word_1_422' title='bbox 2143 1184 2179 1210; x_wconf 91' lang='lat' dir='ltr'>ad</span> <span class='ocrx_word' id='word_1_423' title='bbox 2200 1184 2287 1211; x_wconf 76' lang='lat' dir='ltr'>exhi-</span> 
     </span>
     <span class='ocr_line' id='line_1_60' title="bbox 1283 1228 2287 1267; baseline 0.005 -13"><span class='ocrx_word' id='word_1_424' title='bbox 1283 1228 1394 1255; x_wconf 85' lang='lat' dir='ltr'>bendas</span> <span class='ocrx_word' id='word_1_425' title='bbox 1417 1237 1530 1255; x_wconf 89' lang='lat' dir='ltr'>annuas</span> <span class='ocrx_word' id='word_1_426' title='bbox 1554 1229 1772 1263; x_wconf 88' lang='lat' dir='ltr'>procurationes</span> <span class='ocrx_word' id='word_1_427' title='bbox 1795 1238 1866 1263; x_wconf 84' lang='lat' dir='ltr'>quas</span> <span class='ocrx_word' id='word_1_428' title='bbox 1888 1230 2001 1256; x_wconf 81' lang='lat' dir='ltr'>ratione</span> <span class='ocrx_word' id='word_1_429' title='bbox 2023 1232 2205 1259; x_wconf 73' lang='lat' dir='ltr'>visitationis</span> <span class='ocrx_word' id='word_1_430' title='bbox 2229 1233 2287 1267; x_wconf 88' lang='lat' dir='ltr'>ipsi</span> 
     </span>
     <span class='ocr_line' id='line_1_61' title="bbox 1283 1269 2288 1313; baseline 0.005 -10"><span class='ocrx_word' id='word_1_431' title='bbox 1283 1277 1418 1311; x_wconf 90' lang='lat' dir='ltr'>episcopo</span> <span class='ocrx_word' id='word_1_432' title='bbox 1433 1277 1589 1304; x_wconf 79' lang='lat' dir='ltr'>debebant.</span> <span class='ocrx_word' id='word_1_433' title='bbox 1605 1292 1636 1295; x_wconf 97' lang='lat'><strong>—</strong></span> <span class='ocrx_word' id='word_1_434' title='bbox 1651 1278 1737 1308; x_wconf 64' lang='lat' dir='ltr'>(Rae.</span> <span class='ocrx_word' id='word_1_435' title='bbox 1757 1277 1800 1310; x_wconf 91' lang='lat'>18,</span> <span class='ocrx_word' id='word_1_436' title='bbox 1816 1279 1836 1304; x_wconf 82' lang='lat' dir='ltr'>f.</span> <span class='ocrx_word' id='word_1_437' title='bbox 1855 1278 1907 1305; x_wconf 79' lang='grc'>207</span> <span class='ocrx_word' id='word_1_438' title='bbox 1918 1269 1969 1311; x_wconf 59' lang='lat' dir='ltr'>&#39;v03</span> <span class='ocrx_word' id='word_1_439' title='bbox 1984 1288 2053 1306; x_wconf 83' lang='lat' dir='ltr'>ann.</span> <span class='ocrx_word' id='word_1_440' title='bbox 2071 1280 2110 1312; x_wconf 89' lang='lat' dir='ltr'>X,</span> <span class='ocrx_word' id='word_1_441' title='bbox 2127 1288 2151 1307; x_wconf 87' lang='lat' dir='ltr'>e.</span> <span class='ocrx_word' id='word_1_442' title='bbox 2168 1280 2237 1313; x_wconf 82' lang='grc'><strong>279;</strong></span> <span class='ocrx_word' id='word_1_443' title='bbox 2255 1295 2288 1300; x_wconf 82' lang='lat'><em>—</em></span> 
     </span>
     <span class='ocr_line' id='line_1_62' title="bbox 1283 1325 1979 1358; baseline 0.003 -6"><span class='ocrx_word' id='word_1_444' title='bbox 1283 1325 1416 1353; x_wconf 55' lang='lat' dir='ltr'>Moru-:su</span> <span class='ocrx_word' id='word_1_445' title='bbox 1437 1325 1516 1358; x_wconf 86' lang='lat'>1191,</span> <span class='ocrx_word' id='word_1_446' title='bbox 1532 1327 1551 1352; x_wconf 80' lang='lat' dir='ltr'>f.</span> <span class='ocrx_word' id='word_1_447' title='bbox 1569 1326 1634 1358; x_wconf 73' lang='lat'>174;</span> <span class='ocrx_word' id='word_1_448' title='bbox 1653 1341 1684 1344; x_wconf 97' lang='lat'><strong>—</strong></span> <span class='ocrx_word' id='word_1_449' title='bbox 1701 1327 1857 1353; x_wconf 69' lang='grc' dir='ltr'>ΡοἸτΗΑςτ</span> <span class='ocrx_word' id='word_1_450' title='bbox 1869 1327 1979 1358; x_wconf 80' lang='grc'><strong>10271.)</strong></span> 
     </span>
    </p>
   </div>
   <div class='ocr_carea' id='block_1_17' title="bbox 1279 1427 2290 2403">
    <p class='ocr_par' dir='ltr' id='par_1_17' title="bbox 1279 1427 2290 2403">
     <span class='ocr_line' id='line_1_63' title="bbox 1325 1427 2288 1467; baseline 0.006 -15"><span class='ocrx_word' id='word_1_451' title='bbox 1325 1438 1338 1452; x_wconf 77' lang='grc' dir='ltr'>α</span> <span class='ocrx_word' id='word_1_452' title='bbox 1361 1449 1379 1454; x_wconf 94' lang='grc'>..</span> <span class='ocrx_word' id='word_1_453' title='bbox 1398 1428 1532 1464; x_wconf 81' lang='lat' dir='ltr'>episcopo</span> <span class='ocrx_word' id='word_1_454' title='bbox 1549 1427 1748 1455; x_wconf 76' lang='lat' dir='ltr'>Namnetensi.</span> <span class='ocrx_word' id='word_1_455' title='bbox 1768 1427 1814 1457; x_wconf 81' lang='lat' dir='ltr'>Ex</span> <span class='ocrx_word' id='word_1_456' title='bbox 1829 1431 1921 1465; x_wconf 89' lang='lat' dir='ltr'>parte</span> <span class='ocrx_word' id='word_1_457' title='bbox 1938 1432 1994 1457; x_wconf 86' lang='lat' dir='ltr'>tua</span> <span class='ocrx_word' id='word_1_458' title='bbox 2009 1428 2071 1458; x_wconf 81' lang='lat' dir='ltr'>fuit</span> <span class='ocrx_word' id='word_1_459' title='bbox 2083 1429 2288 1467; x_wconf 89' lang='lat' dir='ltr'>propositum</span> 
     </span>
     <span class='ocr_line' id='line_1_64' title="bbox 1284 1479 2290 1521; baseline 0.004 -13"><span class='ocrx_word' id='word_1_460' title='bbox 1284 1487 1394 1508; x_wconf 84' lang='lat' dir='ltr'>coram</span> <span class='ocrx_word' id='word_1_461' title='bbox 1421 1479 1517 1508; x_wconf 90' lang='lat' dir='ltr'>nobis</span> <span class='ocrx_word' id='word_1_462' title='bbox 1542 1479 1644 1517; x_wconf 88' lang='lat' dir='ltr'>quod,</span> <span class='ocrx_word' id='word_1_463' title='bbox 1671 1487 1745 1508; x_wconf 88' lang='lat' dir='ltr'>cum</span> <span class='ocrx_word' id='word_1_464' title='bbox 1767 1480 1836 1510; x_wconf 86' lang='lat' dir='ltr'>fere</span> <span class='ocrx_word' id='word_1_465' title='bbox 1864 1489 1978 1511; x_wconf 89' lang='lat' dir='ltr'>omnes</span> <span class='ocrx_word' id='word_1_466' title='bbox 2006 1481 2167 1520; x_wconf 87' lang='lat' dir='ltr'>capellani</span> <span class='ocrx_word' id='word_1_467' title='bbox 2192 1491 2290 1521; x_wconf 94' lang='lat' dir='ltr'>paro-</span> 
     </span>
     <span class='ocr_line' id='line_1_65' title="bbox 1283 1530 2290 1571; baseline 0.005 -11"><span class='ocrx_word' id='word_1_468' title='bbox 1283 1530 1443 1561; x_wconf 85' lang='lat' dir='ltr'>chialium</span> <span class='ocrx_word' id='word_1_469' title='bbox 1473 1531 1689 1561; x_wconf 88' lang='lat' dir='ltr'>ecclesiarum</span> <span class='ocrx_word' id='word_1_470' title='bbox 1714 1536 1768 1562; x_wconf 89' lang='lat' dir='ltr'>tue</span> <span class='ocrx_word' id='word_1_471' title='bbox 1797 1532 1938 1563; x_wconf 88' lang='lat' dir='ltr'>diocesis</span> <span class='ocrx_word' id='word_1_472' title='bbox 1965 1535 2216 1571; x_wconf 83' lang='lat' dir='ltr'>consueverint,</span> <span class='ocrx_word' id='word_1_473' title='bbox 2241 1535 2290 1565; x_wconf 87' lang='lat' dir='ltr'>ita</span> 
     </span>
     <span class='ocr_line' id='line_1_66' title="bbox 1282 1578 2288 1625; baseline 0.005 -13"><span class='ocrx_word' id='word_1_474' title='bbox 1282 1578 1370 1622; x_wconf 63' lang='lat' dir='ltr'>q&#39;uod</span> <span class='ocrx_word' id='word_1_475' title='bbox 1382 1592 1495 1613; x_wconf 85' lang='lat' dir='ltr'>eorum</span> <span class='ocrx_word' id='word_1_476' title='bbox 1514 1583 1666 1622; x_wconf 88' lang='lat' dir='ltr'>quilibet,</span> <span class='ocrx_word' id='word_1_477' title='bbox 1683 1584 1973 1622; x_wconf 84' lang='lat' dir='ltr'>predecessoribus</span> <span class='ocrx_word' id='word_1_478' title='bbox 1987 1586 2065 1621; x_wconf 89' lang='lat' dir='ltr'>tuis,</span> <span class='ocrx_word' id='word_1_479' title='bbox 2082 1586 2153 1616; x_wconf 89' lang='lat' dir='ltr'>loco</span> <span class='ocrx_word' id='word_1_480' title='bbox 2169 1596 2288 1625; x_wconf 87' lang='lat' dir='ltr'>procu-</span> 
     </span>
     <span class='ocr_line' id='line_1_67' title="bbox 1281 1636 2289 1675; baseline 0.005 -10"><span class='ocrx_word' id='word_1_481' title='bbox 1281 1636 1422 1666; x_wconf 86' lang='lat' dir='ltr'>rationis</span> <span class='ocrx_word' id='word_1_482' title='bbox 1442 1646 1505 1675; x_wconf 86' lang='lat' dir='ltr'>que</span> <span class='ocrx_word' id='word_1_483' title='bbox 1524 1636 1726 1666; x_wconf 80' lang='lat' dir='ltr'>visitationis</span> <span class='ocrx_word' id='word_1_484' title='bbox 1747 1637 1876 1667; x_wconf 88' lang='lat' dir='ltr'>ratione</span> <span class='ocrx_word' id='word_1_485' title='bbox 1901 1638 2048 1675; x_wconf 89' lang='lat' dir='ltr'>debetur,</span> <span class='ocrx_word' id='word_1_486' title='bbox 2076 1644 2198 1669; x_wconf 83' lang='lat' dir='ltr'>certam</span> <span class='ocrx_word' id='word_1_487' title='bbox 2222 1640 2289 1670; x_wconf 92' lang='lat' dir='ltr'>sol-</span> 
     </span>
     <span class='ocr_line' id='line_1_68' title="bbox 1281 1689 2287 1728; baseline 0.004 -10"><span class='ocrx_word' id='word_1_488' title='bbox 1281 1698 1357 1719; x_wconf 85' lang='lat' dir='ltr'>vere</span> <span class='ocrx_word' id='word_1_489' title='bbox 1373 1689 1513 1727; x_wconf 89' lang='lat' dir='ltr'>pecunie</span> <span class='ocrx_word' id='word_1_490' title='bbox 1529 1689 1760 1728; x_wconf 84' lang='lat' dir='ltr'>quantitatem,</span> <span class='ocrx_word' id='word_1_491' title='bbox 1780 1694 1815 1719; x_wconf 86' lang='lat' dir='ltr'>tu</span> <span class='ocrx_word' id='word_1_492' title='bbox 1830 1699 1895 1719; x_wconf 88' lang='lat' dir='ltr'>non</span> <span class='ocrx_word' id='word_1_493' title='bbox 1911 1695 2002 1728; x_wconf 88' lang='lat' dir='ltr'>potes</span> <span class='ocrx_word' id='word_1_494' title='bbox 2020 1695 2110 1720; x_wconf 89' lang='lat' dir='ltr'>tuam</span> <span class='ocrx_word' id='word_1_495' title='bbox 2128 1692 2287 1723; x_wconf 86' lang='lat' dir='ltr'>diocesim</span> 
     </span>
     <span class='ocr_line' id='line_1_69' title="bbox 1282 1741 2288 1781; baseline 0.005 -11"><span class='ocrx_word' id='word_1_496' title='bbox 1282 1741 1430 1776; x_wconf 87' lang='lat' dir='ltr'>visitare,</span> <span class='ocrx_word' id='word_1_497' title='bbox 1446 1750 1520 1771; x_wconf 91' lang='lat' dir='ltr'>cum</span> <span class='ocrx_word' id='word_1_498' title='bbox 1539 1741 1640 1771; x_wconf 89' lang='lat' dir='ltr'>iidem</span> <span class='ocrx_word' id='word_1_499' title='bbox 1658 1741 1821 1780; x_wconf 86' lang='lat' dir='ltr'>capellani</span> <span class='ocrx_word' id='word_1_500' title='bbox 1835 1742 1942 1773; x_wconf 90' lang='lat' dir='ltr'>nolint</span> <span class='ocrx_word' id='word_1_501' title='bbox 1959 1743 2021 1772; x_wconf 85' lang='lat' dir='ltr'>tibi</span> <span class='ocrx_word' id='word_1_502' title='bbox 2038 1745 2288 1781; x_wconf 83' lang='lat' dir='ltr'>procurationes</span> 
     </span>
     <span class='ocr_line' id='line_1_70' title="bbox 1282 1794 2288 1834; baseline 0.005 -11"><span class='ocrx_word' id='word_1_503' title='bbox 1282 1794 1410 1824; x_wconf 87' lang='lat' dir='ltr'>debitas</span> <span class='ocrx_word' id='word_1_504' title='bbox 1427 1794 1594 1829; x_wconf 85' lang='lat' dir='ltr'>exhibere,</span> <span class='ocrx_word' id='word_1_505' title='bbox 1613 1794 1670 1824; x_wconf 89' lang='lat' dir='ltr'>sed</span> <span class='ocrx_word' id='word_1_506' title='bbox 1686 1795 1795 1832; x_wconf 87' lang='lat' dir='ltr'>potius</span> <span class='ocrx_word' id='word_1_507' title='bbox 1813 1804 1975 1825; x_wconf 89' lang='lat' dir='ltr'>summam</span> <span class='ocrx_word' id='word_1_508' title='bbox 1990 1797 2130 1834; x_wconf 89' lang='lat' dir='ltr'>pecunie</span> <span class='ocrx_word' id='word_1_509' title='bbox 2147 1806 2288 1828; x_wconf 89' lang='lat' dir='ltr'>consue-</span> 
     </span>
     <span class='ocr_line' id='line_1_71' title="bbox 1282 1846 2286 1885; baseline 0.005 -10"><span class='ocrx_word' id='word_1_510' title='bbox 1282 1851 1349 1876; x_wconf 89' lang='lat' dir='ltr'>tam</span> <span class='ocrx_word' id='word_1_511' title='bbox 1364 1856 1370 1881; x_wconf 79' lang='lat'><em>3</em></span> <span class='ocrx_word' id='word_1_512' title='bbox 1388 1851 1520 1884; x_wconf 90' lang='lat' dir='ltr'>propter</span> <span class='ocrx_word' id='word_1_513' title='bbox 1533 1847 1620 1885; x_wconf 90' lang='lat' dir='ltr'>quod</span> <span class='ocrx_word' id='word_1_514' title='bbox 1633 1846 1737 1876; x_wconf 88' lang='lat' dir='ltr'>multa</span> <span class='ocrx_word' id='word_1_515' title='bbox 1752 1847 1899 1885; x_wconf 89' lang='lat' dir='ltr'>pericula</span> <span class='ocrx_word' id='word_1_516' title='bbox 1913 1848 2070 1878; x_wconf 84' lang='lat' dir='ltr'>eveniunt</span> <span class='ocrx_word' id='word_1_517' title='bbox 2087 1850 2286 1880; x_wconf 86' lang='lat' dir='ltr'>animarum.</span> 
     </span>
     <span class='ocr_line' id='line_1_72' title="bbox 1282 1899 2288 1942; baseline 0.006 -15"><span class='ocrx_word' id='word_1_518' title='bbox 1282 1899 1391 1935; x_wconf 88' lang='lat' dir='ltr'>Quare</span> <span class='ocrx_word' id='word_1_519' title='bbox 1409 1908 1426 1927; x_wconf 84' lang='lat' dir='ltr'>a</span> <span class='ocrx_word' id='word_1_520' title='bbox 1443 1899 1538 1928; x_wconf 89' lang='lat' dir='ltr'>nobis</span> <span class='ocrx_word' id='word_1_521' title='bbox 1559 1899 1724 1936; x_wconf 90' lang='lat' dir='ltr'>provideri</span> <span class='ocrx_word' id='word_1_522' title='bbox 1742 1899 1803 1929; x_wconf 87' lang='lat' dir='ltr'>tibi</span> <span class='ocrx_word' id='word_1_523' title='bbox 1826 1909 1925 1938; x_wconf 86' lang='lat' dir='ltr'>super</span> <span class='ocrx_word' id='word_1_524' title='bbox 1939 1900 2001 1930; x_wconf 90' lang='lat' dir='ltr'>hoc</span> <span class='ocrx_word' id='word_1_525' title='bbox 2022 1901 2195 1933; x_wconf 87' lang='lat' dir='ltr'>humiliter</span> <span class='ocrx_word' id='word_1_526' title='bbox 2211 1912 2288 1942; x_wconf 89' lang='lat' dir='ltr'>pos-</span> 
     </span>
     <span class='ocr_line' id='line_1_73' title="bbox 1282 1952 2288 1993; baseline 0.004 -12"><span class='ocrx_word' id='word_1_527' title='bbox 1282 1952 1423 1981; x_wconf 85' lang='lat' dir='ltr'>tulabas.</span> <span class='ocrx_word' id='word_1_528' title='bbox 1447 1952 1515 1981; x_wconf 85' lang='lat' dir='ltr'>Nos</span> <span class='ocrx_word' id='word_1_529' title='bbox 1539 1952 1652 1989; x_wconf 80' lang='lat' dir='ltr'>igitur,</span> <span class='ocrx_word' id='word_1_530' title='bbox 1678 1952 1763 1982; x_wconf 87' lang='lat' dir='ltr'>sicut</span> <span class='ocrx_word' id='word_1_531' title='bbox 1782 1953 1946 1987; x_wconf 76' lang='lat' dir='ltr'>convenit,</span> <span class='ocrx_word' id='word_1_532' title='bbox 1973 1954 2180 1984; x_wconf 87' lang='lat' dir='ltr'>attendentes</span> <span class='ocrx_word' id='word_1_533' title='bbox 2201 1955 2288 1993; x_wconf 88' lang='lat' dir='ltr'>quod</span> 
     </span>
     <span class='ocr_line' id='line_1_74' title="bbox 1284 2004 2287 2045; baseline 0.005 -12"><span class='ocrx_word' id='word_1_534' title='bbox 1284 2004 1358 2034; x_wconf 87' lang='lat' dir='ltr'>talis</span> <span class='ocrx_word' id='word_1_535' title='bbox 1389 2004 1505 2034; x_wconf 80' lang='lat' dir='ltr'>abusio</span> <span class='ocrx_word' id='word_1_536' title='bbox 1531 2013 1596 2034; x_wconf 91' lang='lat' dir='ltr'>non</span> <span class='ocrx_word' id='word_1_537' title='bbox 1621 2005 1824 2034; x_wconf 87' lang='lat' dir='ltr'>consuetudo</span> <span class='ocrx_word' id='word_1_538' title='bbox 1847 2005 1912 2035; x_wconf 87' lang='lat' dir='ltr'>dici</span> <span class='ocrx_word' id='word_1_539' title='bbox 1938 2006 2069 2041; x_wconf 89' lang='lat' dir='ltr'>debeat,</span> <span class='ocrx_word' id='word_1_540' title='bbox 2097 2007 2155 2037; x_wconf 87' lang='lat' dir='ltr'>sed</span> <span class='ocrx_word' id='word_1_541' title='bbox 2176 2009 2287 2045; x_wconf 86' lang='lat' dir='ltr'>potius</span> 
     </span>
     <span class='ocr_line' id='line_1_75' title="bbox 1282 2057 2287 2098; baseline 0.004 -11"><span class='ocrx_word' id='word_1_542' title='bbox 1282 2057 1485 2095; x_wconf 79' lang='lat' dir='ltr'>corruptela,</span> <span class='ocrx_word' id='word_1_543' title='bbox 1505 2061 1557 2091; x_wconf 87' lang='lat' dir='ltr'>ut,</span> <span class='ocrx_word' id='word_1_544' title='bbox 1585 2066 1623 2086; x_wconf 89' lang='lat' dir='ltr'>ea</span> <span class='ocrx_word' id='word_1_545' title='bbox 1643 2065 1708 2087; x_wconf 91' lang='lat' dir='ltr'>non</span> <span class='ocrx_word' id='word_1_546' title='bbox 1738 2057 1904 2092; x_wconf 81' lang='lat' dir='ltr'>obstante,</span> <span class='ocrx_word' id='word_1_547' title='bbox 1929 2058 2116 2096; x_wconf 86' lang='lat' dir='ltr'>capellanos</span> <span class='ocrx_word' id='word_1_548' title='bbox 2141 2061 2287 2098; x_wconf 80' lang='lat' dir='ltr'>prefatos</span> 
     </span>
     <span class='ocr_line' id='line_1_76' title="bbox 1282 2110 2288 2151; baseline 0.004 -12"><span class='ocrx_word' id='word_1_549' title='bbox 1282 2110 1323 2139; x_wconf 88' lang='lat' dir='ltr'>ad</span> <span class='ocrx_word' id='word_1_550' title='bbox 1342 2110 1544 2140; x_wconf 72' lang='lat' dir='ltr'>exhibendas</span> <span class='ocrx_word' id='word_1_551' title='bbox 1564 2110 1624 2139; x_wconf 87' lang='lat' dir='ltr'>tibi</span> <span class='ocrx_word' id='word_1_552' title='bbox 1645 2110 1895 2148; x_wconf 81' lang='lat' dir='ltr'>procurationes</span> <span class='ocrx_word' id='word_1_553' title='bbox 1919 2120 2048 2142; x_wconf 86' lang='lat' dir='ltr'>annuas</span> <span class='ocrx_word' id='word_1_554' title='bbox 2071 2121 2134 2151; x_wconf 89' lang='lat' dir='ltr'>que</span> <span class='ocrx_word' id='word_1_555' title='bbox 2159 2113 2288 2144; x_wconf 86' lang='lat' dir='ltr'>ratione</span> 
     </span>
     <span class='ocr_line' id='line_1_77' title="bbox 1282 2162 2288 2199; baseline 0.005 -8"><span class='ocrx_word' id='word_1_556' title='bbox 1282 2162 1484 2192; x_wconf 87' lang='lat' dir='ltr'>visitationis</span> <span class='ocrx_word' id='word_1_557' title='bbox 1508 2162 1679 2197; x_wconf 88' lang='lat' dir='ltr'>debentur,</span> <span class='ocrx_word' id='word_1_558' title='bbox 1705 2163 1890 2193; x_wconf 88' lang='lat' dir='ltr'>moderatas</span> <span class='ocrx_word' id='word_1_559' title='bbox 1911 2167 2032 2199; x_wconf 87' lang='lat' dir='ltr'>tamen,</span> <span class='ocrx_word' id='word_1_560' title='bbox 2056 2169 2121 2194; x_wconf 87' lang='lat' dir='ltr'>tam</span> <span class='ocrx_word' id='word_1_561' title='bbox 2145 2166 2288 2196; x_wconf 87' lang='lat' dir='ltr'>evectio-</span> 
     </span>
     <span class='ocr_line' id='line_1_78' title="bbox 1281 2215 2288 2255; baseline 0.004 -11"><span class='ocrx_word' id='word_1_562' title='bbox 1281 2224 1361 2245; x_wconf 87' lang='lat' dir='ltr'>num</span> <span class='ocrx_word' id='word_1_563' title='bbox 1378 2224 1515 2245; x_wconf 88' lang='lat' dir='ltr'>numero</span> <span class='ocrx_word' id='word_1_564' title='bbox 1532 2224 1630 2253; x_wconf 86' lang='lat' dir='ltr'>quam</span> <span class='ocrx_word' id='word_1_565' title='bbox 1647 2215 1747 2245; x_wconf 88' lang='lat' dir='ltr'>etiam</span> <span class='ocrx_word' id='word_1_566' title='bbox 1762 2224 1991 2253; x_wconf 83' lang='lat' dir='ltr'>personarum,</span> <span class='ocrx_word' id='word_1_567' title='bbox 2012 2217 2208 2255; x_wconf 91' lang='lat' dir='ltr'>compellere</span> <span class='ocrx_word' id='word_1_568' title='bbox 2231 2228 2288 2248; x_wconf 86' lang='lat' dir='ltr'>va-</span> 
     </span>
     <span class='ocr_line' id='line_1_79' title="bbox 1279 2267 2287 2306; baseline 0.004 -9"><span class='ocrx_word' id='word_1_569' title='bbox 1279 2267 1359 2303; x_wconf 79' lang='lat' dir='ltr'>leas,</span> <span class='ocrx_word' id='word_1_570' title='bbox 1384 2268 1579 2297; x_wconf 83' lang='lat' dir='ltr'>auctoritate</span> <span class='ocrx_word' id='word_1_571' title='bbox 1602 2268 1808 2306; x_wconf 90' lang='lat' dir='ltr'>presentium</span> <span class='ocrx_word' id='word_1_572' title='bbox 1829 2268 1970 2298; x_wconf 84' lang='lat' dir='ltr'>liberam</span> <span class='ocrx_word' id='word_1_573' title='bbox 1991 2269 2052 2298; x_wconf 89' lang='lat' dir='ltr'>tibi</span> <span class='ocrx_word' id='word_1_574' title='bbox 2075 2271 2287 2302; x_wconf 86' lang='lat' dir='ltr'>concedimus</span> 
     </span>
     <span class='ocr_line' id='line_1_80' title="bbox 1280 2321 2288 2359; baseline 0.005 -9"><span class='ocrx_word' id='word_1_575' title='bbox 1280 2321 1482 2350; x_wconf 81' lang='lat' dir='ltr'>facultatem.</span> <span class='ocrx_word' id='word_1_576' title='bbox 1510 2321 1583 2350; x_wconf 87' lang='lat' dir='ltr'>Dat.</span> <span class='ocrx_word' id='word_1_577' title='bbox 1611 2322 1811 2356; x_wconf 73' lang='lat' dir='ltr'>Inter-amne,</span> <span class='ocrx_word' id='word_1_578' title='bbox 1843 2321 1940 2351; x_wconf 84' lang='lat' dir='ltr'>nonis</span> <span class='ocrx_word' id='word_1_579' title='bbox 1968 2322 2170 2359; x_wconf 87' lang='lat' dir='ltr'>decembris,</span> <span class='ocrx_word' id='word_1_580' title='bbox 2201 2333 2288 2355; x_wconf 87' lang='lat' dir='ltr'>anno</span> 
     </span>
     <span class='ocr_line' id='line_1_81' title="bbox 1281 2373 1450 2403; baseline -0.024 0"><span class='ocrx_word' id='word_1_581' title='bbox 1281 2373 1420 2403; x_wconf 90' lang='lat' dir='ltr'>decimo.</span> <span class='ocrx_word' id='word_1_582' title='bbox 1437 2385 1450 2399; x_wconf 67' lang='lat' dir='ltr'>n</span> 
     </span>
    </p>
   </div>
   <div class='ocr_carea' id='block_1_18' title="bbox 1352 2531 1469 2559">
    <p class='ocr_par' dir='ltr' id='par_1_18' title="bbox 1352 2531 1469 2559">
     <span class='ocr_line' id='line_1_82' title="bbox 1352 2531 1469 2559; baseline 0.009 -1"><span class='ocrx_word' id='word_1_583' title='bbox 1352 2531 1469 2559; x_wconf 83' lang='grc'>3393</span> 
     </span>
    </p>
   </div>
   <div class='ocr_carea' id='block_1_19' title="bbox 1282 2593 2285 2865">
    <p class='ocr_par' dir='ltr' id='par_1_19' title="bbox 1282 2593 2285 2865">
     <span class='ocr_line' id='line_1_83' title="bbox 1316 2593 2285 2622; baseline 0.002 -2"><span class='ocrx_word' id='word_1_584' title='bbox 1316 2593 1458 2620; x_wconf 84' lang='lat' dir='ltr'>Ministro</span> <span class='ocrx_word' id='word_1_585' title='bbox 1484 2597 1511 2620; x_wconf 90' lang='lat' dir='ltr'>et</span> <span class='ocrx_word' id='word_1_586' title='bbox 1535 2593 1675 2620; x_wconf 80' lang='lat' dir='ltr'>fratribus</span> <span class='ocrx_word' id='word_1_587' title='bbox 1695 2593 1862 2620; x_wconf 84' lang='lat' dir='ltr'>Minoribus</span> <span class='ocrx_word' id='word_1_588' title='bbox 1882 2593 2011 2620; x_wconf 83' lang='lat' dir='ltr'>Viterbii</span> <span class='ocrx_word' id='word_1_589' title='bbox 2034 2595 2285 2622; x_wconf 80' lang='lat' dir='ltr'>commorantibus</span> 
     </span>
     <span class='ocr_line' id='line_1_84' title="bbox 1282 2641 2284 2676; baseline 0.002 -8"><span class='ocrx_word' id='word_1_590' title='bbox 1282 2641 1379 2668; x_wconf 88' lang='lat' dir='ltr'>locum</span> <span class='ocrx_word' id='word_1_591' title='bbox 1393 2641 1490 2669; x_wconf 88' lang='lat' dir='ltr'>Castri</span> <span class='ocrx_word' id='word_1_592' title='bbox 1503 2641 1606 2668; x_wconf 87' lang='lat' dir='ltr'>Sancti</span> <span class='ocrx_word' id='word_1_593' title='bbox 1621 2641 1729 2675; x_wconf 78' lang='lat' dir='ltr'>Angeli</span> <span class='ocrx_word' id='word_1_594' title='bbox 1746 2641 1823 2668; x_wconf 79' lang='lat' dir='ltr'>infra</span> <span class='ocrx_word' id='word_1_595' title='bbox 1838 2650 1935 2668; x_wconf 89' lang='lat' dir='ltr'>muros</span> <span class='ocrx_word' id='word_1_596' title='bbox 1955 2642 2124 2676; x_wconf 88' lang='lat' dir='ltr'>praedictae</span> <span class='ocrx_word' id='word_1_597' title='bbox 2140 2643 2284 2676; x_wconf 73' lang='lat' dir='ltr'>civitatis,</span> 
     </span>
     <span class='ocr_line' id='line_1_85' title="bbox 1282 2689 2284 2723; baseline 0.003 -8"><span class='ocrx_word' id='word_1_598' title='bbox 1282 2697 1369 2723; x_wconf 90' lang='lat' dir='ltr'>quem</span> <span class='ocrx_word' id='word_1_599' title='bbox 1384 2689 1514 2716; x_wconf 82' lang='lat' dir='ltr'>Viterbii</span> <span class='ocrx_word' id='word_1_600' title='bbox 1531 2689 1593 2723; x_wconf 82' lang='lat' dir='ltr'>ipse</span> <span class='ocrx_word' id='word_1_601' title='bbox 1616 2697 1691 2723; x_wconf 89' lang='lat' dir='ltr'>papa</span> <span class='ocrx_word' id='word_1_602' title='bbox 1712 2692 1840 2721; x_wconf 81' lang='lat' dir='ltr'>emerat,</span> <span class='ocrx_word' id='word_1_603' title='bbox 1857 2690 1991 2716; x_wconf 88' lang='lat' dir='ltr'>coneedit</span> <span class='ocrx_word' id='word_1_604' title='bbox 2003 2711 2009 2722; x_wconf 80' lang='lat'>,</span> <span class='ocrx_word' id='word_1_605' title='bbox 2023 2693 2055 2717; x_wconf 92' lang='lat' dir='ltr'>ut</span> <span class='ocrx_word' id='word_1_606' title='bbox 2070 2690 2111 2717; x_wconf 88' lang='lat' dir='ltr'>ibi</span> <span class='ocrx_word' id='word_1_607' title='bbox 2130 2691 2284 2718; x_wconf 83' lang='lat' dir='ltr'>eeclesiam</span> 
     </span>
     <span class='ocr_line' id='line_1_86' title="bbox 1282 2737 2285 2766; baseline 0.002 -2"><span class='ocrx_word' id='word_1_608' title='bbox 1282 2739 1311 2764; x_wconf 84' lang='lat' dir='ltr'>et</span> <span class='ocrx_word' id='word_1_609' title='bbox 1328 2737 1460 2764; x_wconf 85' lang='lat' dir='ltr'>officinas</span> <span class='ocrx_word' id='word_1_610' title='bbox 1480 2737 1516 2764; x_wconf 89' lang='lat' dir='ltr'>ad</span> <span class='ocrx_word' id='word_1_611' title='bbox 1539 2737 1753 2764; x_wconf 88' lang='lat' dir='ltr'>habitationem</span> <span class='ocrx_word' id='word_1_612' title='bbox 1774 2738 1952 2764; x_wconf 88' lang='lat' dir='ltr'>necessarias</span> <span class='ocrx_word' id='word_1_613' title='bbox 1973 2741 2140 2765; x_wconf 85' lang='lat' dir='ltr'>construere</span> <span class='ocrx_word' id='word_1_614' title='bbox 2156 2742 2183 2765; x_wconf 85' lang='lat' dir='ltr'>et</span> <span class='ocrx_word' id='word_1_615' title='bbox 2202 2739 2285 2766; x_wconf 85' lang='lat' dir='ltr'>habi-</span> 
     </span>
     <span class='ocr_line' id='line_1_87' title="bbox 1282 2785 2285 2820; baseline 0.003 -8"><span class='ocrx_word' id='word_1_616' title='bbox 1282 2788 1344 2812; x_wconf 87' lang='lat' dir='ltr'>tare</span> <span class='ocrx_word' id='word_1_617' title='bbox 1359 2786 1484 2820; x_wconf 85' lang='lat' dir='ltr'>possint.</span> <span class='ocrx_word' id='word_1_618' title='bbox 1501 2800 1532 2804; x_wconf 93' lang='lat'><em>—</em></span> <span class='ocrx_word' id='word_1_619' title='bbox 1549 2787 1635 2817; x_wconf 68' lang='lat' dir='ltr'>(Res.</span> <span class='ocrx_word' id='word_1_620' title='bbox 1653 2785 1696 2819; x_wconf 84' lang='lat'>18,</span> <span class='ocrx_word' id='word_1_621' title='bbox 1717 2787 1736 2812; x_wconf 81' lang='lat' dir='ltr'>f.</span> <span class='ocrx_word' id='word_1_622' title='bbox 1753 2785 1805 2812; x_wconf 87' lang='grc'>207</span> <span class='ocrx_word' id='word_1_623' title='bbox 1820 2789 1866 2818; x_wconf 72' lang='lat' dir='ltr'>v⁰;</span> <span class='ocrx_word' id='word_1_624' title='bbox 1883 2794 1952 2813; x_wconf 87' lang='lat' dir='ltr'>ann.</span> <span class='ocrx_word' id='word_1_625' title='bbox 1968 2786 2013 2819; x_wconf 85' lang='lat' dir='ltr'>X,</span> <span class='ocrx_word' id='word_1_626' title='bbox 2027 2794 2052 2813; x_wconf 91' lang='lat' dir='ltr'>c.</span> <span class='ocrx_word' id='word_1_627' title='bbox 2069 2786 2136 2819; x_wconf 82' lang='grc' dir='ltr'>28ος</span> <span class='ocrx_word' id='word_1_628' title='bbox 2155 2802 2185 2805; x_wconf 95' lang='grc'>-</span> <span class='ocrx_word' id='word_1_629' title='bbox 2207 2788 2285 2815; x_wconf 78' lang='lat' dir='ltr'>Por-</span> 
     </span>
     <span class='ocr_line' id='line_1_88' title="bbox 1282 2833 1500 2865; baseline 0 -5"><span class='ocrx_word' id='word_1_630' title='bbox 1282 2841 1378 2860; x_wconf 76' lang='lat' dir='ltr'>THAST</span> <span class='ocrx_word' id='word_1_631' title='bbox 1390 2833 1500 2865; x_wconf 85' lang='grc'><strong>10273.)</strong></span> 
     </span>
    </p>
   </div>
   <div class='ocr_carea' id='block_1_20' title="bbox 1824 2531 2213 2564">
    <p class='ocr_par' dir='ltr' id='par_1_20' title="bbox 1824 2531 2213 2564">
     <span class='ocr_line' id='line_1_89' title="bbox 1824 2531 2213 2564; baseline 0.005 -6"><span class='ocrx_word' id='word_1_632' title='bbox 1824 2531 1923 2564; x_wconf 85' lang='lat' dir='ltr'>Terni,</span> <span class='ocrx_word' id='word_1_633' title='bbox 1938 2531 1954 2558; x_wconf 88' lang='grc'>9</span> <span class='ocrx_word' id='word_1_634' title='bbox 1966 2532 2120 2560; x_wconf 80' lang='lat' dir='ltr'>decembre</span> <span class='ocrx_word' id='word_1_635' title='bbox 2135 2533 2213 2560; x_wconf 85' lang='grc'><strong>1236.</strong></span> 
     </span>
    </p>
   </div>
   <div class='ocr_carea' id='block_1_21' title="bbox 1326 2933 2286 2969">
    <p class='ocr_par' dir='ltr' id='par_1_21' title="bbox 1326 2933 2286 2969">
     <span class='ocr_line' id='line_1_90' title="bbox 1326 2933 2286 2969; baseline 0.005 -9"><span class='ocrx_word' id='word_1_636' title='bbox 1326 2945 1340 2960; x_wconf 71' lang='grc' dir='ltr'><strong>α</strong></span> <span class='ocrx_word' id='word_1_637' title='bbox 1367 2957 1386 2963; x_wconf 94' lang='grc'>..</span> <span class='ocrx_word' id='word_1_638' title='bbox 1404 2935 1549 2963; x_wconf 80' lang='lat' dir='ltr'>ministro</span> <span class='ocrx_word' id='word_1_639' title='bbox 1568 2939 1592 2962; x_wconf 80' lang='lat' dir='ltr'>et</span> <span class='ocrx_word' id='word_1_640' title='bbox 1605 2933 1756 2969; x_wconf 76' lang='lat' dir='ltr'>fratribus</span> <span class='ocrx_word' id='word_1_641' title='bbox 1771 2934 1940 2962; x_wconf 71' lang='lat' dir='ltr'>Minoribus</span> <span class='ocrx_word' id='word_1_642' title='bbox 1959 2934 2286 2965; x_wconf 74' lang='lat' dir='ltr'>l&#39;iterbiicommoran-</span> 
     </span>
    </p>
   </div>
  </div>
 </body>
</html>
