2423 3487
150 319 205 347 555
870 315 1108 345 11Εο1511155
1130 315 1186 344 DE
1208 307 1430 344 GREGOIRE
1452 316 1511 345 ix.
2184 318 2241 347 556

220 382 336 409 3494
719 382 823 410 Terni.
841 382 856 407 5
874 382 982 408 l'evrier
997 381 1076 407 1237.

184 444 279 470 Fratri
306 444 497 477 ltaymundo,
523 443 635 470 ordinis
660 443 899 470 Praedicatorum
911 464 917 475 ‚
941 444 1093 477 capellano
1121 445 1148 469 et

148 492 375 526 paenitentiario
391 500 451 523 suo,
470 506 500 509 —
519 500 585 517 cum
605 499 654 517 rex
668 492 853 524 Aragonum,
870 491 1045 517 infirmitate
1064 490 1148 523 gravi

148 541 293 572 detentus,
315 542 343 566 et
359 540 394 566 ab
415 539 731 566 excommunicationis
752 539 900 565 sententia
914 548 999 572 quam
1016 539 1148 565 incurre-

149 591 207 619 raty
226 596 322 621 proco
343 588 417 621 quod
438 587 581 622 episcopi,
599 591 669 614 tunc
689 588 792 619 electi,
809 587 1089 620 Caesaraugustam,
1111 587 1147 613 ad

148 636 391 662 Terraconensem
406 636 559 662 ecclesiam
576 644 627 670 pro
643 636 860 662 consecratione
874 635 1035 662 obtinenda
1048 643 1147 669 proce-

147 684 253 715 dentis,
266 692 316 717 per
329 683 482 710 civitatem
496 684 654 710 Oscensem
667 684 825 710 transitum
841 683 1048 717 impediverat,
1063 683 1148 717 juxta

147 734 271 758 sormam
288 732 436 758 Ecclesiae
449 732 614 763 absolutus,
634 732 813 766 supplicaret
830 734 861 758 ut
882 740 968 765 super
987 732 1041 758 hoc
1060 731 1091 757 id
1111 731 1148 758 ab

146 780 208 814 ipso
223 788 272 813 per
289 780 393 806 Sedem
410 780 610 813 Apostolicam
628 780 828 810 mandaretur,
841 788 891 813 per
907 779 983 813 quod
995 779 1147 805 conscien-

147 829 204 855 tiae
221 829 348 862 quietem
367 828 495 859 haberet,
511 843 542 846 —
558 828 679 854 mandat
696 831 840 862 quatenns
857 828 935 855 circa
951 828 1087 855 eumdem
1102 836 1147 854 re-

146 886 220 910 gem,
236 877 285 910 qui
297 876 449 903 dicebatur
461 884 546 910 super
558 876 772 910 impedimento
784 876 944 910 praemisso
958 885 987 903 se
997 876 1147 910 praedicto

148 925 320 952 conciliasse
337 926 442 957 electo,
465 927 492 951 ct
509 933 573 951 cum
594 925 787 958 personaliter
807 925 981 951 conduxisse
1002 925 1037 951 ad
1054 926 1147 952 eccle-

146 974 219 1000 siam
240 977 447 1005 memoratam,
468 982 553 1007 super
567 974 620 1000 illa
638 973 747 1007 injuria
763 974 901 1008 procedat
916 974 1001 1007 juxta
1021 974 1146 1001 formam

146 1023 171 1049 01
194 1022 246 1049 sub
263 1022 344 1049 bulla
360 1031 411 1048 sua
424 1022 640 1048 transmissam.
656 1037 687 1040 ——
704 1023 790 1054 (Rae.
804 1023 851 1054 18,
870 1023 889 1049 f.
903 1022 955 1049 227
966 1025 1006 1055 1““;
1024 1031 1093 1049 ann.
1108 1022 1148 1055 X,

145 1080 169 1098 c.
183 1072 247 1103 3553
264 1086 294 1089 —
307 1071 439 1098 MOREAU
455 1071 534 1104 1191,
550 1072 569 1097 f.
585 1071 650 1103 19&
665 1086 695 1089 —
708 1072 864 1098 Pommsw
878 1071 963 1098 10293
974 1072 1005 1103 ¹.)

187 1185 199 1199 1(
224 1173 328 1201 Fratri
345 1172 527 1207 Ricimzcntlo,
547 1172 666 1201 ordinis
680 1173 815 1208 fratrum
838 1173 1079 1207 Predz'calormn,
1097 1182 1148 1202 ca-

143 1226 263 1263 pellano
279 1230 304 1253 et
317 1226 537 1262 pmzilentiario
555 1230 665 1254 nostro.
684 1225 863 1254 Karissimi
884 1225 919 1253 in
942 1224 1076 1255 Christo
1098 1242 1145 1253 —.

145 1279 216 1307 Dat.
237 1282 271 1307 ut
289 1287 396 1316 supra.
419 1290 432 1303 »

181 1525 374 1553 Condiciones
387 1525 491 1559 quibus
503 1525 647 1552 absolutio
657 1525 715 1559 regi
726 1526 895 1559 Aragonum
905 1535 991 1561 super
1000 1528 1077 1554 facto
1087 1527 1147 1562 epi-

145 1575 223 1609 scopi
241 1575 504 1608 Caesaraugustani
523 1574 704 1608 indulgenda
720 1575 767 1601 sit.
787 1590 816 1593 —
834 1576 919 1608 (Rae.
937 1576 981 1609 18,
999 1577 1018 1603 f.
1034 1576 1086 1603 227
1101 1580 1145 1610 v⁰;

146 1632 215 1650 ann.
232 1624 271 1656 X,
289 1632 312 1649 c.
326 1623 390 1655 3563
405 1638 435 1641 —
449 1623 582 1650 Moizmn
594 1623 673 1656 1191,
689 1624 787 1656 f.199;
803 1639 834 1642 —
850 1625 1006 1652 Pommsr
1017 1625 1146 1658 102942.)

188 1737 200 1751 «
226 1725 334 1753 Forma
349 1734 438 1762 super
452 1725 823 1762 absolutioncprestanda.
837 1726 871 1755 Si
888 1735 942 1755 rex
956 1727 1149 1765 Aragonum

146 1782 357 1815 recognoscat
385 1778 487 1816 quod,
517 1778 648 1816 quando
676 1788 774 1816 super
802 1779 959 1817 impedito
987 1790 1044 1818 per
1072 1790 1148 1811 eum

147 1840 300 1869 processu
331 1830 531 1860 venerahilis
556 1831 670 1860 fratris
699 1832 802 1860 nostri
830 1855 849 1860 ..
877 1832 1039 1871 episcopi,
1068 1837 1147 1864 tunc

146 1883 256 1917 010011,
279 1883 575 1921 Cesaraugustani,
595 1883 794 1913 beneficium
819 1884 1038 1915 absolutionis
1061 1887 1147 1916 obti-

146 1936 229 1969 nuit,
246 1935 407 1974 juraverit
425 1940 511 1965 stare
532 1936 696 1965 mandatis
713 1936 874 1971 Ecclesic,
896 1937 1051 1976 injungas
1069 1939 1145 1975 sibi,

145 1989 205 2018 sul)
224 1989 333 2017 debito
348 1988 477 2026 prestiti
491 1988 682 2027 juramenti,
702 1989 787 2027 quod
802 1998 970 2028 nunquam
984 1991 1022 2021 de
1039 1995 1147 2022 cetero

144 2041 305 2079 prelatum
322 2041 465 2079 aliquem
479 2050 536 2079 per
554 2041 744 2071 violentiam
762 2042 915 2077 detineri,
934 2043 983 2073 vel
1000 2043 1034 2073 in
1052 2053 1147 2074 secu-

144 2094 229 2123 lares
247 2093 382 2123 clericos
400 2093 450 2123 vel
467 2093 549 2123 alias
564 2093 737 2131 religiosas
754 2104 911 2132 personas
938 2105 1055 2126 manus
1075 2097 1147 2127 vio-

143 2147 250 2176 lentas
275 2146 365 2182 inici,
392 2146 461 2176 sive
485 2146 629 2185 aliquem
655 2156 690 2176 ex
718 2147 765 2176 eis
790 2148 859 2185 capi
886 2148 1028 2178 scienter
1046 2149 1146 2179 faciat

145 2199 195 2229 vel
220 2199 361 2228 detineri
385 2199 561 2237 captivum.
589 2201 744 2229 Protei-ca
765 2200 922 2238 injungas
943 2200 1065 2237 eidem,
1085 2202 1146 2232 5111)

145 2252 251 2289 ipsius
275 2251 383 2280 (1011110
405 2251 601 2289 juramenti,
621 2252 706 2289 quod
732 2262 749 2281 a
772 2253 898 2289 prefato
924 2253 1090 2291 0111500110,
1110 2255 1145 2283 in

143 2305 227 2334 ostio
247 2303 380 2342 Majoris
406 2304 551 2334 Ecclesie
574 2304 718 2334 civitatis
737 2305 908 2340 Oscensis,
928 2306 962 2334 in
987 2316 1051 2344 qua
1075 2307 1146 2345 ipse

145 2366 185 2386 ne
214 2357 253 2385 ad
278 2356 490 2386 obtinendam
513 2357 794 2386 consecrationem
819 2366 912 2386 suain
939 2359 1143 2395 procederet,

143 2409 321 2447 impeditus
336 2408 441 2438 extitit
455 2409 494 2438 ab
507 2408 631 2443 eodem,
642 2409 852 2446 presentibus
869 2409 956 2439 clero
970 2415 1000 2440 01
1015 2411 1143 2449 populo,

144 2463 208 2493 sibi
225 2462 414 2501 hujusmodi
431 2462 556 2492 remitti
576 2462 735 2501 injuriam
759 2462 879 2492 lminili
905 2464 1145 2501 supplicatione

144 2516 307 2553 deposcat.
329 2516 507 2553 Postquam
524 2523 600 2544 vero
623 2524 678 2544 rex
698 2515 729 2543 id
746 2515 921 2552 perfecerit
944 2516 1030 2554 quod
1051 2526 1145 2547 man-

142 2567 247 2603 datur,
267 2567 461 2597 auctoritate
486 2571 597 2596 nostra
619 2567 682 2596 sibi
706 2567 904 2597 beneficium
925 2568 1144 2600 absolutionis

142 2619 313 2657 largiaris,
332 2619 487 2654 eundem,
509 2619 690 2649 secundum
715 2620 823 2649 datam
848 2620 907 2650 tibi
933 2630 951 2650 a
973 2622 1040 2651 Dco
1066 2631 1145 2660 pru-

174 2751 194 2774 1.
216 2752 289 2774 Avcc
310 2750 428 2779 l'incipil
451 2757 460 2773 .·
482 2758 495 2772 «
517 2750 751 2774 Reverendissimi
775 2751 802 2773 in
825 2750 935 2774 Christo
957 2759 979 2779 »‚
996 2756 1021 2775 et
1037 2752 1061 2775 la
1082 2753 1144 2777 uate

143 2797 176 2818 w
194 2796 257 2817 idus
272 2795 407 2822 februarii
427 2794 465 2823 (=
481 2794 495 2817 S
511 2794 633 2824 sevrier),
653 2794 760 2824 d'apres
778 2795 898 2824 RirOLL,
921 2796 1080 2819 mellarium
1100 2804 1144 2819 or·-

141 2840 218 2862 dim's
236 2841 285 2861 FF.
302 2839 574 2866 1‘1-aetlicator·wn‚t.
592 2838 611 2867 1,
630 2846 654 2868 p.
672 2839 710 2866 83,
728 2842 756 2861 n⁰
775 2838 825 2861 143.

170 2880 194 2904 ⁸2.
212 2882 283 2905 Avcc
298 2882 323 2904 la
337 2881 397 2904 date
414 2884 447 2904 V]
464 2883 528 2905 idus
541 2883 677 2910 februarii
693 2882 731 2911 (=
744 2882 757 2905 8
771 2882 890 2912 sevricr),
907 2881 1013 2912 d'apres
1028 2883 1143 2912 RwOLL,

142 2927 222 2953 leiti„
239 2929 266 2947 11θ
286 2925 340 2951 lii:
358 2928 428 2948 cette
447 2925 538 2955 picco,
555 2926 600 2955 qui
622 2929 662 2949 est
679 2926 767 2949 moins
791 2932 844 2948 une
866 2926 945 2948 lettre
969 2931 1144 2956 proprement

142 2970 197 2992 dite
212 2971 311 2998 qu'une
327 2969 431 2993 00111110.
448 2976 481 2992 ne
498 2972 575 2999 porte
592 2976 639 2999 pas
656 2970 689 2993 (10
706 2969 768 2993 date
787 2969 855 2993 dans
871 2970 896 2992 le
913 2969 1049 3000 l'tegistre.

1232 380 1394 411 dentiam.
1420 380 1596 410 efficaciter
1620 381 1808 411 moniturus
1834 385 1880 415 nt,
1906 382 1991 412 sicut
2013 382 2238 418 laudabiliter,

1231 432 1416 469 inspirante
1438 433 1517 467 Deo,
1541 433 1731 470 concepisse
1756 433 1951 467 dinoscit-ur.v
1975 434 2022 464 510
2043 434 2120 464 fidei
2139 443 2241 472 nego-

1232 484 1315 513 tium
1342 489 1455 514 contra
1477 486 1627 523 Paganos
1658 485 1916 523 magnanimiter
1943 492 2171 526 prosequatur,
2198 487 2240 517 il-

1231 537 1297 566 lam
1318 547 1354 567 ex
1371 537 1431 567 hoc
1448 542 1656 576 peccatorum
1672 539 1804 568 veniam
1822 538 2008 576 habiturus,
2028 550 2090 579 que
2106 542 2240 571 Jeroso-

1232 590 1345 619 limam
1362 590 1518 620 euntibus
1537 590 1741 628 indulgetur.
1762 603 1774 617 »

1302 775 1419 803 3496
1816 777 1916 810 Terni,
1933 777 1949 804 9
1965 777 2073 804 sevrier
2088 778 2167 805 1237.

1267 837 1424 865 Universis
1446 837 1604 864 abbatissis
1628 841 1655 865 et
1678 838 1824 865 sororibus
1847 839 1960 865 ordinis
1981 839 2076 866 sancti
2098 840 2240 867 Damiani

1232 886 1381 919 significat
1402 894 1432 912 se
1454 886 1632 913 interdicere
1652 895 1688 913 ne
1709 887 1774 921 quis
1800 896 1945 921 unquam,
1968 888 2058 914 frater
2079 890 2130 914 aut
2150 896 2240 921 soror,

1231 938 1346 968 praeter
1366 935 1514 967 infirmos,
1531 935 1643 962 debiles
1659 938 1687 962 et
1703 936 1817 970 puellas
1833 944 1907 970 quae
1920 937 2083 970 regularem
2101 944 2158 962 non
2172 944 2239 970 pos-

1231 984 1291 1010 sint
1311 992 1428 1010 servare
1444 984 1569 1018 rigorem
1580 1006 1586 1017 ,
1603 984 1682 1011 inira
1697 988 1779 1018 septa
1796 985 2042 1012 monasteriorum
2059 985 2190 1019 ipsarum
2204 985 2240 1012 de

1231 1035 1326 1059 cetero
1342 1041 1444 1059 carnes
1460 1033 1537 1059 edat.
1555 1048 1587 1051 —
1602 1034 1687 1066 (Hm.
1710 1034 1754 1066 18,
1770 1035 1789 1060 f.
1809 1033 1860 1060 227
1876 1036 1920 1066 v⁰;
1937 1042 2006 1060 ann.
2024 1034 2064 1066 X,
2081 1042 2106 1060 0.
2123 1033 2189 1066 357;
2208 1048 2239 1052 -

1231 1082 1389 1108 ΡΟΤΤΗΑ5Τ
1404 1081 1508 1113 10296;
1525 1096 1555 1099 -
1572 1082 1609 1108 ct.
1627 1089 1723 1114 supra,
1739 1085 1768 1108 n⁰
1782 1081 1875 1113 3009.)

1273 1194 1285 1208 «
1315 1183 1470 1211 Universz's
1497 1183 1655 1212 abbatissis
1682 1188 1708 1212 et
1730 1184 1884 1212 sororibus
1907 1183 2027 1212 ordinis
2052 1184 2151 1213 sancti
2180 1184 2240 1213 Da-

1231 1236 1342 1264 mianz'.
1360 1235 1451 1265 Licet
1469 1235 1557 1265 velut
1573 1235 1661 1273 ignis
1678 1253 1726 1264 —.
1745 1237 1818 1265 Dat.
1838 1237 2038 1271 Interamne,
2055 1237 2084 1266 V
2100 1236 2174 1266 idus
2190 1236 2241 1267 fe-

1231 1288 1371 1323 bruarii,
1392 1297 1479 1318 anno
1498 1288 1636 1318 decimo.
1655 1301 1667 1315 »

1301 1467 1388 1495 :349
1393 1468 1416 1495 ’ἵ

1265 1530 1496 1564 Archiepiscopo
1516 1530 1672 1562 Thebano,
1689 1530 1824 1564 episcopo
1847 1530 2073 1564 Nigripontensi
2093 1533 2121 1558 et
2141 1531 2240 1558 archi-

1231 1579 1354 1606 diacono
1370 1578 1509 1606 Thebano
1530 1579 1694 1606 committit
1712 1579 1943 1606 examinandam
1965 1587 2083 1606 eausam
2102 1579 2239 1614 Comani,

1231 1627 1379 1662 quondam
1394 1627 1587 1655 Chironensis
1601 1627 1740 1660 cantoris,
1758 1636 1836 1654 nunc
1850 1627 2043 1655 Chironensis
2056 1628 2155 1662 electi,
2170 1637 2240 1656 con-

1230 1678 1276 1703 tra
1302 1676 1545 1703 archidiaconum
1568 1676 1754 1709 Cretensem,
1778 1676 1844 1710 qui,
1868 1676 1930 1710 ipso
1954 1676 2085 1704 Cortatio
2107 1677 2239 1710 absente,

1230 1725 1432 1759 episcopatum
1450 1724 1663 1752 Chironensem
1683 1733 1733 1758 per
1748 1724 1924 1751 violentiam
1938 1727 2152 1759 occupaverat3
2170 1733 2240 1752 cau-

1231 1782 1293 1800 sam
1316 1774 1412 1808 ipsam
1440 1773 1620 1799 sufficienter
1642 1773 1819 1799 instructam
1846 1773 1882 1799 ad
1906 1773 2013 1799 Sedem
2035 1773 2239 1807 Apostolieam

1230 1822 1397 1854 remittant,
1410 1823 1603 1856 praefigentes
1614 1821 1748 1856 partibus
1762 1821 1924 1848 terminum
1939 1824 2167 1856 competentem,
2184 1830 2240 1856 quo

1230 1871 1390 1906 apostolico
1419 1870 1589 1904 conspectui
1619 1879 1648 1897 se
1673 1873 1912 1904 repraesentent;
1939 1870 2065 1897 diversis
2088 1870 2239 1897 mandatis

1230 1927 1317 1954 super
1333 1919 1433 1946 eodem
1451 1918 1567 1952 negotio
1583 1918 1718 1952 adjectis.
1734 1933 1765 1936 —
1780 1918 1867 1950 (Rae.
1885 1917 1928 1950 18,
1946 1918 1966 1944 f.
1983 1917 2035 1944 227
2051 1921 2094 1950 v⁰;
2112 1927 2181 1945 ann.
2198 1918 2239 1951 X,

1231 1976 1255 1995 e.
1271 1967 1346 2000 358.)

1804 1467 1904 1501 Terni,
1919 1468 1950 1494 11
1966 1468 2075 1495 sevrier
2088 1468 2167 1495 1237.

1272 2081 1284 2095 «
1313 2091 1330 2097 ..
1351 2069 1575 2106 archiepiscopo
1599 2068 1746 2102 Thebano,
1767 2072 1793 2096 et
1811 2090 1830 2095 ..
1854 2068 1986 2105 episcopo
2007 2068 2240 2105 Nigyripontensi

1230 2126 1256 2151 et
1287 2144 1307 2150 ..
1336 2122 1555 2151 archidiacono
1584 2121 1730 2150 Thebano.
1763 2119 1972 2151 Constitutus
2004 2120 2040 2149 in
2071 2120 2241 2158 presentia.

1230 2178 1344 2204 nostra
1369 2173 1509 2204 dilectus
1535 2173 1625 2203 filius
1653 2173 1839 2207 Coi-tatius,
1862 2172 2081 2203 Chironensis
2102 2172 2237 2208 electus,

1228 2227 1430 2257 lacrimabili
1446 2227 1542 2256 nobis
1560 2226 1798 2265 conquestione
1815 2225 2012 2255 monstravit
2029 2226 2126 2264 quod,
2151 2234 2236 2260 eum,

1229 2280 1431 2311 Chironensi
1455 2279 1597 2309 ecclesia
1619 2279 1778 2309 destituta
1802 2282 1944 2317 pastore,
1974 2281 2005 2308 et
2029 2278 2239 2309 ordinatione

1229 2333 1335 2371 ipsius
1361 2332 1402 2362 ad
1422 2332 1647 2362 venerabilem
1673 2332 1808 2361 fratrem
1833 2335 2019 2361 nostrum..
2045 2331 2238 2361 Cretensem

1229 2386 1527 2424 archiepiscopum,
1545 2385 1609 2415 loci
1631 2384 1932 2423 metropolitanum,
1957 2384 2050 2423 juxta
2073 2383 2237 2421 generalis

1229 2443 1352 2468 statuta
1366 2438 1500 2468 concilii
1517 2438 1680 2473 devoluta,
1694 2438 1782 2468 idem
1796 2437 2076 2475 archiepiscopus,
2090 2436 2238 2475 ejusdem

1229 2491 1367 2521 ecclesie
1383 2495 1470 2521 statu
1485 2495 1634 2529 pensato,
1649 2491 1687 2521 de
1702 2499 1845 2529 persona
1863 2489 1927 2519 sihi
1946 2489 2108 2519 conformi
2124 2488 2238 2519 volens

1228 2546 1293 2584 ipsi
1306 2546 1444 2576 ecclesie
1454 2546 1638 2585 providere,
1649 2554 1722 2576 curn
1736 2545 1849 2575 eadem
1858 2544 1998 2574 ecclesia
2007 2553 2140 2582 grecum
2148 2543 2237 2582 capi-

1229 2599 1335 2628 tulum
1352 2603 1383 2628 et
1398 2599 1636 2637 parrochianos
1653 2607 1765 2636 grecos
1782 2597 1902 2627 habeat
1918 2601 1949 2627 et
1964 2596 2097 2631 latinos,
2115 2596 2235 2635 ipsum,

1228 2655 1306 2681 tunc
1323 2651 1471 2690 ejusdem
1490 2651 1629 2681 ecclesie
1646 2655 1824 2685 cantorem,
1847 2650 1962 2679 latinis
1980 2649 2102 2679 litteris
2126 2648 2238 2679 erudi-

1228 2707 1297 2733 tum
1316 2708 1347 2734 et
1359 2704 1477 2742 grecis,
1494 2713 1530 2733 ac
1541 2703 1729 2742 Apostolice
1742 2703 1819 2733 Sedi
1836 2703 2001 2738 devotum,
2015 2702 2080 2741 ipsi
2097 2700 2235 2732 ecclesie

1227 2757 1408 2794 providerit
1426 2757 1461 2786 in
1484 2761 1649 2795 pastorem
1671 2767 1676 2785 :
1702 2765 1739 2786 eo
1762 2755 1970 2794 postmodum
1995 2764 2013 2784 a
2036 2754 2237 2793 quibusdam

1226 2808 1344 2846 piratis
1362 2804 1431 2838 arte
1450 2809 1598 2838 custodie
1614 2808 1812 2846 mancipato⁷
1831 2807 1909 2836 dum
1925 2806 1966 2836 ad
1990 2810 2139 2836 nostram
2160 2800 2236 2843 pre-

1227 2860 1370 2890 sentiam
1385 2861 1560 2896 laboraret,
1579 2884 1600 2889 ..
1619 2860 1874 2890 archidiaconus
1890 2859 2071 2893 Cretensis,
2088 2857 2180 2888 nulla
2198 2857 2236 2887 de

1225 2913 1398 2951 premissis
1414 2914 1528 2943 habita
1544 2913 1724 2948 mentione,
1746 2922 1782 2942 ac
1803 2912 1901 2942 tacito
1920 2911 2007 2950 quod
2024 2911 2112 2941 idem
2129 2909 2235 2940 archi-

1226 2966 1399 3004 episcopus
1413 2970 1602 2996 cassaverat
1619 2965 1815 2995 electionem
1832 2974 1850 2994 a
1863 2964 2062 3002 quibusdam
2080 2962 2232 2998 intrusis,
