2519 3518
72 309 134 340 ⁴249
911 299 1140 337 NEUVIEME
1160 300 1319 338 ANNEE.
2098 311 2158 343 25⁰

75 375 275 406 sententiam
291 374 522 413 promulgavit,
541 382 679 412 eamque
695 374 773 403 fecit
788 382 845 412 per
863 373 993 403 vicinas
1004 381 1079 411 par-

77 426 210 458 rochias
227 425 400 465 publicari,
416 424 666 464 multipliciter¹
683 425 901 463 aggravando.
918 425 1078 462 Cumque,

77 487 178 518 super
198 477 266 508 hiis
287 481 319 508 et
341 477 418 508 aliis
440 486 549 507 coram
571 477 655 507 bone
678 477 834 507 memorie
856 500 876 505 ..
901 477 1080 506 Rothoma-

80 530 175 569 gensi
188 529 435 568 archiepiscopo
448 533 478 559 et
491 529 561 568 ejus
573 528 705 558 officiali
720 528 923 567 aliquamdiu
939 528 1078 566 litigato,

80 583 200 613 fuisset
213 582 247 612 in
264 583 398 611 fratrem
414 581 606 615 Henricum,
623 580 765 618 priorem
783 580 910 610 ordinis
926 580 1080 610 Predica-

80 638 189 665 torum
208 633 487 672 Parisien[sium]‚
507 637 537 662 et
556 633 627 671 ejus
643 632 784 671 collegas
802 637 957 671 tanquam
974 632 1007 661 in
1027 641 1081 661 ar-

80 686 186 716 bitros
204 685 495 724 compromissum,
515 685 579 714 duo
602 685 766 723 ipsorum,
788 685 939 723 quamvis
955 685 994 714 de
1007 684 1081 723 jure

81 738 309 778 nequiverint,
335 737 570 767 commiserunt
591 736 666 766 aliis
692 737 779 767 vices
804 746 900 771 suas;
927 736 983 775 qui
1008 744 1081 765 cum

83 790 179 820 tertio
215 789 443 828 compromissi
486 789 625 818 sormam
662 797 830 827 perperam
868 788 1080 822 excedentes,

80 842 216 873 omissis
238 841 353 871 multis
375 850 437 880 que
461 842 495 870 in
517 841 752 879 compromisso
771 844 945 875 venerant,
967 845 996 869 et
1019 839 1083 869 sihi

78 894 313 934 jurisdictione
336 893 370 923 in
393 893 591 932 quibusdam
612 893 651 922 de
670 893 790 931 quilius
811 892 1084 931 compromissum

84 955 150 977 non
174 947 300 981 fuerat,
327 950 499 984 usurpata,
528 945 681 983 iniquum
708 949 819 974 contra
848 944 1084 973 monasterium

84 998 260 1029 arbitrium
284 997 510 1036 protulerunt;
535 1001 566 1027 et
589 1006 678 1031 cum,
705 997 877 1026 occasione
900 996 1004 1034 ipsius
1032 1005 1084 1024 ar-

83 1051 194 1086 bitrii,
221 1050 308 1089 quod
332 1050 367 1079 in
387 1049 501 1079 multis
525 1049 611 1079 idem
636 1048 808 1087 episcopus
834 1057 899 1078 non
926 1051 1083 1081 servarat,

85 1103 162 1142 ipsi,
183 1103 224 1133 ab
239 1102 352 1133 eodem
366 1102 517 1140 episcopo
533 1101 675 1139 gravati,
699 1101 738 1131 ad
751 1101 901 1140 jamdicti
922 1100 1086 1138 archiepi-

87 1156 177 1194 scopi
193 1154 397 1185 audientiam
410 1153 641 1192 appellassent,
655 1153 838 1191 episcopus,
852 1161 963 1182 eorum
980 1151 1086 1190 appel-

86 1207 212 1238 latione
230 1216 267 1237 ac
284 1207 390 1245 ipsius
407 1206 646 1244 archiepiscopi
662 1205 861 1235 inhibitione
879 1204 1086 1242 contemptis,

88 1260 124 1290 in
141 1259 291 1290 abbatem
309 1263 339 1289 et
357 1262 552 1289 conventum
577 1257 805 1296 suspensionis
827 1262 856 1287 et
877 1257 911 1286 in
930 1256 1088 1296 quosdam

89 1320 203 1342 eorum
231 1309 582 1341 excommunicationis
613 1309 810 1344 sententias,
839 1309 963 1347 absque
990 1316 1090 1338 causa

90 1362 292 1398 rationabili,
311 1362 512 1392 fulminavit.
534 1361 597 1398 Qui
620 1361 733 1396 etiam,
757 1365 885 1399 captata
906 1360 1012 1398 ipsius
1032 1360 1090 1389 ab-

89 1415 177 1446 batis
203 1414 364 1450 absentia,
392 1413 449 1453 qui
476 1413 516 1443 ad
540 1413 628 1451 regis
654 1413 856 1451 presentiam
880 1413 989 1442 suerat
1012 1416 1090 1442 tunc

91 1467 273 1507 profectus,
292 1475 350 1505 pro
366 1474 404 1496 eo
419 1465 506 1505 quod
523 1465 675 1495 homines
691 1465 762 1504 ejus
778 1464 943 1503 quandam
958 1472 1091 1493 monas-

90 1519 168 1550 terii
183 1518 296 1549 villam
313 1517 541 1552 incenderant,
561 1521 715 1555 ceperant
731 1517 844 1546 vinum
862 1516 901 1546 ad
916 1525 997 1554 opus
1013 1524 1091 1545 con-

91 1575 210 1602 ventus
235 1574 398 1609 emptum,
421 1573 453 1600 et
475 1569 634 1608 quosdam
655 1568 807 1599 homines
831 1577 944 1598 eorum
968 1567 1092 1598 carceri

90 1623 337 1662 manciparant,
360 1622 446 1652 sicut
468 1621 568 1652 etiam
590 1621 741 1660 episcopo
761 1621 826 1659 ipsi
846 1620 1032 1655 constabat,
1053 1619 1094 1649 ad

91 1674 342 1709 monasterium,
365 1682 574 1713 nequaquam
599 1673 637 1703 de
662 1672 805 1703 adventu
830 1681 889 1702 suo
914 1672 1092 1702 certificate

90 1731 275 1762 conventu,
295 1735 394 1756 causa
411 1725 630 1761 visitationis,
648 1729 684 1755 ut
705 1724 848 1760 dicebat,
869 1724 1023 1760 accessit,
1041 1724 1094 1753 ni-

94 1780 198 1810 mium
221 1778 380 1810 excedens
405 1777 538 1808 modum
564 1777 599 1807 in
622 1776 848 1807 evectionibus
875 1781 906 1806 et
929 1776 1092 1815 personis,

91 1831 285 1862 adducendo
312 1838 424 1861 secum
451 1829 699 1859 multitudinem
725 1829 935 1864 effrenatam3
963 1833 993 1859 et
1019 1837 1094 1858 cum

93 1884 182 1914 idem
197 1883 369 1922 episcopus
385 1890 458 1912 cum
471 1882 519 1912 eis
534 1885 659 1920 peteret
673 1881 854 1919 procurari,
869 1881 959 1919 prior
974 1885 1005 1911 et
1021 1880 1096 1919 qui-

95 1936 171 1966 dam
188 1935 246 1966 alii
263 1935 302 1966 de
318 1939 497 1969 conventu,
515 1933 696 1971 allegantes
715 1933 843 1963 abbatis
864 1933 1049 1963 absentiam
1065 1937 1096 1962 et

97 1987 186 2027 quod
208 1987 295 2018 idem
317 1987 490 2025 episcopus
512 1985 667 2016 reddebat
690 1985 807 2015 merito
829 1994 863 2015 se
888 1990 1094 2023 suspectum,

95 2041 188 2080 quia,
205 2039 319 2070 multis
335 2038 568 2069 controversiis
588 2037 642 2077 [et]
660 2037 937 2076 appellationibus
954 2037 1098 2076 [super]²

98 2092 202 2131 priori
219 2091 410 2122 visitatione
426 2089 645 2129 pendentibus
662 2089 749 2120 inter
764 2098 834 2124 eos,
858 2098 956 2127 super
976 2089 1097 2128 quibus

99 2144 140 2174 ab
172 2143 419 2182 archiepiscopo
445 2142 552 2172 fuerat
581 2142 650 2181 jam
679 2141 818 2176 citatus,
851 2150 885 2171 se
914 2141 1098 2171 visitationi

97 2204 230 2230 eorum,
247 2195 305 2234 qui
323 2195 362 2225 de
378 2203 438 2225 sua
452 2194 684 2233 jurisdictione
702 2202 766 2222 non
783 2197 891 2228 erant,
910 2193 1030 2223 iterum
1045 2193 1098 2222 in-

100 2248 245 2287 gerebat,
258 2256 332 2278 eum
343 2246 581 2277 admittendum
594 2254 659 2276 non
671 2254 743 2275 esse
753 2245 916 2280 dixerunt,
928 2245 968 2274 ad
978 2245 1099 2284 dictam

99 2301 226 2332 curiam
241 2309 282 2331 ne
295 2304 409 2330 contra
420 2307 475 2329 eos
487 2298 687 2337 procederet,
703 2297 917 2336 appellantes.
933 2297 995 2328 Sed
1011 2297 1099 2327 idem

100 2353 291 2392 episcopus,
309 2351 546 2382 nichilominus
563 2350 731 2389 procurari
748 2359 782 2380 se
799 2355 928 2388 petenS,
948 2349 1033 2380 diem
1049 2349 1100 2378 vi-

99 2405 253 2437 sitationi
273 2405 421 2444 prefixit;
444 2413 507 2443 qua
529 2412 594 2433 non
615 2407 798 2442 expectata,
821 2402 1051 2441 suspensionis
1069 2406 1101 2432 et

103 2457 455 2490 excommunicationis
475 2455 675 2490 sententias,
698 2459 732 2485 ut
750 2455 881 2490 dicitur,
902 2455 934 2483 in
957 2454 1100 2493 priorem

103 2509 240 2550 protulit
254 2514 285 2540 et
300 2513 509 2542 conventum,
525 2512 556 2538 et
571 2516 626 2538 eos
640 2507 937 2537 excommunicatos
954 2506 1101 2536 nuntiari

103 2562 287 2597 mandavit;
319 2561 365 2596 et,
396 2569 514 2590 manus
539 2568 721 2598 aggravans
747 2559 779 2588 in
813 2559 954 2593 eosdem,
988 2567 1102 2588 omnes

103 2623 218 2645 eorum
234 2612 390 2644 ecclesias
406 2617 437 2642 et
457 2611 598 2651 capellas
617 2619 751 2641 suorum
770 2611 972 2648 prioratuum
995 2619 1031 2640 ac
1052 2610 1102 2648 ip-

105 2675 216 2697 sorum
237 2665 388 2695 homines
408 2663 626 2694 Abrincensis
646 2663 786 2693 diocesis
810 2662 978 2700 supposuit
999 2662 1103 2691 inter-

102 2719 209 2754 dict0;
227 2718 368 2757 priorem
381 2717 419 2747 de
437 2718 538 2747 Ponte
551 2716 691 2747 Ursonis
705 2720 734 2746 et
751 2715 975 2749 Laurentium,
990 2723 1104 2744 mona-

139 2847 161 2871 1.
176 2847 250 2871 Dans
264 2847 289 2870 le
306 2854 358 2870 ms.
374 2854 403 2870 so
419 2850 529 2875 trouve,
545 2849 625 2869 avant
642 2846 847 2874 multipliciter,
863 2844 955 2874 repete
970 2851 1027 2871 cos.
1045 2844 1105 2874 dej‘a

103 2890 240 2920 exprime,
259 2891 326 2914 dans
341 2891 367 2913 la
383 2890 468 2913 memo
483 2890 590 2920 phrase,
605 2889 736 2919 quelques
749 2888 835 2918 lignes
852 2888 911 2917 plus
927 2888 1002 2910 haut.

139 2933 163 2958 2.
178 2936 228 2958 Ms.
245 2942 252 2957 .·
267 2933 464 2958 controversiis
479 2933 708 2964 appellationibus
723 2935 747 2955 et
764 2932 859 2962 priori.

1160 371 1257 401 elium
1275 373 1463 409 eorundem,
1477 375 1663 413 specialiter
1676 376 1958 414 ronti-ajustitiam
1971 386 2160 407 excommu-

1161 424 1286 454 nicatos
1309 425 1498 456 denuntiari
1523 428 1663 462 faciens,
1689 437 1725 457 ac
1750 428 1893 458 ‹lea-imas
1921 438 2002 467 quas
2025 430 2059 458 in
2085 429 2158 468 ejus

1161 475 1282 506 diocesi
1299 477 1459 513 obtinent,
1478 488 1534 517 per
1552 484 1743 517 potestatem
1761 481 1882 517 ref-giam
1900 481 2068 519 occupari:
2088 481 2159 511 dic-

1162 532 1230 557 tum
1247 529 1387 566 priorem
1404 531 1442 560 dc
1460 532 1561 561 Ponte
1578 532 1717 562 Urseius
1737 537 1827 570 parte
1848 533 2052 571 quarundam
2069 533 2159 563 deci-

1163 589 1288 609 marum
1308 586 1337 610 et
1354 582 1551 620 quibusdam
1568 583 1789 613 oblationibus
1814 585 1947 623 insuper
1968 585 2158 623 spoliando;

1163 633 1367 671 promulgata
1390 635 1421 663 in
1445 635 1610 665 ahbatum.
1635 637 1737 674 prium
1759 637 2001 674 suspensionis.
2022 642 2051 667 et
2071 641 2161 675 post-

1163 684 1305 718 modum,
1322 690 1355 715 ut
1370 686 1501 721 dicitur,
1515 688 1863 718 excommunicationis
1880 690 2054 718 sententia.
2067 689 2158 728 quia,

1164 742 1296 766 vocatus
1314 738 1353 766 al»
1369 747 1416 771 eo,
1435 743 1468 768 ut
1480 739 1619 773 dicebat,
1635 739 1673 768 ad
1688 740 1848 778 synodum
1863 750 1925 769 non
1941 741 2089 774 accessit,
2106 740 2161 770 cui

1164 789 1334 819 occasione
1359 791 1519 828 premissa
1545 800 1609 820 non
1635 792 1754 829 potuit,
1786 801 1842 821 nec
1868 792 1949 821 alias
1971 792 2083 821 debuit
2108 793 2162 821 in-

1165 845 1299 870 teresse.
1325 841 1406 872 Cum
1427 843 1537 881 itaque
1561 852 1659 882 super
1681 843 1746 873 hiis
1769 848 1799 873 et
1820 844 1895 873 aliis
1918 853 2025 874 coram
2048 844 2163 874 eodem

1165 892 1410 932 archiepiscopo
1434 895 1545 932 [causa
1566 895 1696 934 suisset]
1718 895 1919 934 aliquamdiu
1944 897 2080 933 agitata,
2105 896 2164 926 dc-

1165 953 1254 973 mum
1279 945 1480 980 Johannem,
1508 947 1775 976 archidiaconum
1802 948 2105 982 Constantiensern,
2132 951 2165 977 et

1166 996 1237 1035 ejus
1255 997 1396 1035 collegas
1413 1008 1511 1036 super
1527 999 1650 1028 eisdem
1672 1004 1702 1028 et
1719 999 1871 1029 omnihus
1888 999 2047 1039 querelis,
2065 999 2165 1029 motis

1167 1048 1352 1079 adinvicem
1378 1055 1407 1079 et
1430 1051 1614 1086 movendis,
1647 1060 1751 1090 usque
1770 1052 1810 1081 ad
1830 1057 1954 1081 certum
1976 1056 2103 1090 tempus
2124 1051 2166 1081 ad

1166 1100 1403 1138 inquirendum
1418 1103 1593 1140 prefixum,
1612 1103 1675 1140 ipsi
1692 1112 1764 1132 cum
1781 1104 1893 1133 eodem
1910 1104 2059 1142 episcopo
2076 1103 2167 1132 arbi-

1168 1156 1234 1181 tros
1251 1153 1455 1183 eoncorditer
1471 1153 1655 1191 eleb-eruum
1676 1155 1722 1184 ita
1741 1155 1826 1193 quod
1843 1155 1927 1185 hona
1946 1155 2018 1186 side.
2037 1154 2167 1193 simpli-

1169 1203 1250 1234 citer
1268 1208 1299 1234 et
1315 1204 1354 1235 de
1372 1205 1486 1243 plano,
1511 1206 1583 1236 sine
1605 1206 1834 1236 advocatorum
1853 1207 2008 1245 strepitu,
2031 1207 2069 1237 de
2091 1215 2167 1245 pro-

1168 1255 1317 1293 prietate,
1335 1257 1554 1294 possessione,
1573 1267 1633 1288 usu
1651 1263 1681 1288 et
1697 1259 1933 1288 consuetudine
1949 1263 2012 1288 tam
2030 1258 2168 1289 ecclesie

1169 1307 1386 1338 Abrincensis
1398 1318 1495 1347 quam
1503 1311 1696 1340 monasterii
1709 1311 1857 1349 sepet'ati.
1867 1315 1895 1339 et
1909 1310 1984 1340 aliis
1996 1310 2033 1340 de
2046 1310 2168 1349 quibus

1170 1359 1407 1397 inquirendum
1432 1361 1596 1397 viderent,
1615 1362 1821 1401 inquirerent
1839 1362 2026 1396 veritatem:v
2045 1367 2092 1396 et,
2114 1362 2169 1391 in-

1172 1411 1352 1449 quisitione
1377 1413 1478 1448 facta,
1504 1418 1613 1452 partes
1637 1423 1695 1452 per
1724 1423 1758 1444 se
1783 1414 1834 1444 vel
1858 1423 1914 1452 per
1943 1418 2171 1453 procuratores

1171 1463 1307 1494 idoneos
1323 1464 1357 1493 in
1370 1465 1453 1495 sesto
1465 1465 1619 1496 Omnium
1635 1466 1828 1496 Sanctorum
1846 1476 1949 1505 nuper
1964 1466 2119 1504 preterito
2134 1465 2171 1494 in

1173 1519 1285 1546 nostra
1308 1516 1470 1546 debebant
1487 1526 1674 1556 comparere
1695 1519 1878 1556 presentia,
1902 1518 2100 1548 sententiam
2120 1516 2174 1547 vel

1173 1568 1415 1599 ordinationem
1447 1569 1657 1608 apostolicam
1690 1574 1870 1609 recepture.
1911 1570 2030 1609 Sicque
2065 1569 2173 1599 dictus

1174 1615 1353 1659 episcopus
1369 1622 1551 1652 sententias
1570 1622 1756 1658 interdicti,
1777 1621 2126 1652 excommunicationis
2142 1625 2175 1651 et.

1175 1673 1404 1711 suspensionis
1421 1683 1457 1704 ac
1473 1674 1602 1704 sasinas
1614 1674 1789 1713 predictas,
1804 1674 1843 1704 de
1857 1675 1942 1704 sacto
1953 1677 2172 1712 presumptas,

1174 1733 1279 1763 usque
1295 1725 1336 1755 ad
1352 1726 1500 1764 proximo
1521 1731 1598 1756 tunc
1620 1727 1768 1756 futurum
1790 1727 1912 1756 festum
1927 1725 2175 1769 ²Assut’nptionis

1174 1777 1268 1808 beate
1276 1778 1426 1816 Virginis
1436 1778 1609 1814 relaxavit;
1623 1779 1668 1808 ita
1679 1779 1765 1818 quod
1777 1788 1814 1809 ex
1825 1783 1913 1814 tunc,
1924 1778 1989 1808 nisi
1998 1777 2174 1817 inquisitio

1175 1830 1262 1860 faeta
1278 1835 1375 1865 esset,
1392 1831 1427 1860 in
1443 1839 1480 1861 eo
1497 1835 1585 1861 statu
1597 1831 1633 1860 in
1645 1840 1709 1870 quo
1725 1831 1816 1869 prius
1830 1831 1972 1866 fuerant,
1991 1830 2175 1860 sententias

1175 1887 1348 1921 reponeret
1369 1883 1563 1913 antedictas.
1590 1883 1653 1914 Sed
1679 1883 1780 1913 iidem
1807 1883 1938 1913 arbitri.
1965 1883 2043 1921 quia
2067 1882 2175 1912 dictus

1177 1935 1365 1973 episcopuS,
1387 1934 1510 1972 pluries
1527 1935 1726 1974 requisitus,
1745 1935 1912 1973 negotium
1925 1935 2018 1973 juxta
2035 1934 2174 1963 formam

1177 1987 1405 2024 compromissi
1432 1987 1586 2025 prosequi
1612 1987 1716 2017 noluit
1745 1995 1853 2016 coram
1877 1986 1974 2024 ipsis.
2001 1985 2176 2024 procedere

1178 2039 1410 2077 nequiverunt.
1427 2039 1534 2075 Quare
1551 2039 1651 2069 iidem
1668 2039 1767 2068 abbas
1785 2043 1814 2069 et
1833 2043 2024 2073 conventus,
2045 2046 2084 2067 ne
2101 2046 2177 2076 pro-

1178 2091 1307 2121 cederet
1329 2091 1501 2129 episcopus
1519 2091 1559 2120 ad
1581 2091 1804 2129 reponendum
1825 2091 1858 2119 in
1878 2090 1980 2128 priori
1997 2094 2083 2119 statu
2099 2098 2177 2119 sen-

1179 2144 1311 2179 tentias,
1342 2152 1416 2173 cum
1448 2152 1513 2173 non
1544 2153 1601 2182 per
1631 2152 1702 2177 eos,
1735 2143 1791 2173 sed
1822 2152 1879 2181 per
1907 2143 2015 2181 ipsum
2049 2141 2178 2171 steterit

1180 2196 1357 2234 quominus
1371 2196 1531 2226 extitisset
1546 2196 1585 2225 ad
1598 2195 1771 2225 arbitrium
1789 2203 1988 2233 processum,
2004 2194 2044 2223 ad
2059 2193 2176 2224 Sedern

1179 2247 1400 2286 Apostolicam
1418 2248 1632 2286 appellarunt.
1653 2248 1742 2278 Idem
1758 2253 1907 2286 preterea
1921 2246 2087 2285 proposuit
2103 2254 2178 2284 pro-

1181 2304 1311 2330 curator
1324 2300 1420 2339 quod,
1434 2309 1508 2330 cum
1522 2300 1625 2338 parati
1638 2304 1747 2330 essent
1759 2304 1981 2337 augmentare,
1998 2297 2178 2328 secundum

1181 2353 1379 2382 taxationem
1390 2352 1603 2390 provincialis
1617 2351 1807 2390 concilii,-in
1820 2351 2017 2390 quibusdam
2029 2349 2179 2380 ecclesiis

1182 2404 1323 2434 vicarias
1347 2413 1429 2443 quas
1451 2404 1537 2434 idem
1561 2405 1731 2442 episcopus
1755 2404 1865 2433 minus
1886 2403 2087 2433 sufficientes
2106 2410 2178 2431 esse

1182 2456 1321 2491 dicebat,
1339 2457 1515 2495 pensiones
1532 2455 1768 2486 nichilominus
1784 2455 1864 2494 ipsis
1881 2455 1921 2485 ab
1937 2454 2061 2485 eisdem
2079 2453 2179 2483 eccle-

1183 2509 1243 2539 siis
1259 2509 1385 2540 debitas
1401 2510 1477 2539 fecit
1495 2509 1649 2547 prefatus.
1663 2509 1833 2547 episeopus
1852 2507 2012 2537 detineri:
2026 2507 2081 2546 jus
2098 2515 2179 2544 quo-

1183 2570 1246 2600 que
1268 2566 1459 2600 patronatus
1479 2561 1566 2600 quod
1587 2561 1701 2590 babuit
1729 2559 1965 2589 monasterium
1986 2559 2019 2588 in
2041 2558 2180 2588 ecelesia

1183 2613 1222 2643 de
1239 2615 1384 2647 Roncon,
1402 2623 1419 2643 a
1439 2618 1581 2651 tempore
1599 2613 1691 2651 cujus
1708 2612 1864 2642 memoria
1883 2620 1945 2641 non
1963 2611 2089 2641 existit.
2105 2618 2178 2639 curn

1183 2665 1313 2695 redditu
1329 2674 1425 2704 quem
1442 2675 1478 2695 ex
1497 2665 1568 2703 ipso
1588 2665 1753 2702 [mi-cipere
1775 2663 1959 2693 consuevit.
1982 2663 2045 2691 sibi
2067 2666 2180 2691 contra

1182 2718 1345 2757 justitiam
1362 2718 1544 2756 usurpavit.
1568 2717 1661 2748 [nde
1686 2717 1744 2745 suit
1764 2726 1800 2745 ex
1817 2721 1906 2754 part-2·
1923 2716 2066 2753 ipsorum
2085 2713 2179 2743 nohis

1185 2770 1356 2800 humiliter
1372 2770 1591 2808 supplicatum
1607 2774 1639 2798 ut
1658 2778 1720 2798 non
1738 2768 1861 2797 soluin¹
1880 2767 1982 2796 dictas
1998 2766 2180 2796 sententias

1219 2887 1239 2910 l.
1261 2895 1272 2909 α
1293 2887 1354 2911 Nou
1370 2887 1456 2910 solum
1479 2896 1489 2907 υ
1509 2886 1610 2909 semble
1631 2885 1739 2915 appeler
1760 2892 1772 2906 ι
1794 2884 1839 2907 sed
1864 2893 1873 2904 ι)
1894 2890 1928 2905 ou

1187 2930 1270 2960 qu'on
1294 2931 1462 2954 chercherait
1487 2930 1642 2952 vainement
1669 2928 1735 2950 dans
1761 2928 1785 2950 la
1810 2928 1880 2950 suite
1909 2926 1941 2949 ile
1968 2930 2038 2949 cette
2066 2926 2181 2956 phrase:

1952 2891 1961 2902 n
1983 2882 2030 2905 scd
2051 2883 2131 2905 etiam
2153 2889 2180 2906 υ,
