2519 3518
185 251 257 280 1141

251 316 370 345 45:38

217 379 324 407 Jacobo
338 379 374 405 de
389 378 537 412 Belligno,
552 377 678 412 plebano
692 377 796 404 Sancti
810 375 1030 404 Bartholomaei
1047 375 1082 401 de
1095 374 1190 401 Vene-

182 427 246 461 tiis,
269 427 403 461 indulget
420 430 464 459 ut,
488 435 545 453 non
565 426 700 453 obstante
724 425 799 459 quod
824 425 977 452 obtinebat
999 423 1188 458 plebanatum

185 475 289 502 Sancti
305 475 525 502 Bartholomaei
549 474 585 501 de
605 474 754 503 Venetiis,
775 481 875 500 curam
897 472 1065 499 animarum
1081 470 1192 497 haben-

183 526 256 557 tem,
273 524 298 551 ei
321 524 409 551 liceat
428 523 704 550 archidiaconatum
727 522 917 553 Gradensem,
940 521 976 548 ad
999 529 1084 554 quem
1104 527 1191 546 cano-

185 573 251 599 nice
269 574 364 599 fuerat
384 573 512 604 electus,
534 579 619 605 quem
637 574 734 597 autem
754 571 887 596 noluerat
903 569 1012 603 absque
1031 567 1191 603 apostolica

185 619 308 646 licentia
332 619 472 653 recipere,
495 626 644 645 assumere
665 620 693 645 et
715 626 781 644 cum
808 618 907 644 eodem
937 617 1095 651 plebanatu
1121 615 1192 642 reti-

186 676 265 700 nere⁷
282 668 325 694 ita
340 671 439 694 tamen
457 667 532 702 quod
553 667 584 693 in
606 675 704 693 eorum
722 667 814 693 altero
831 665 1023 700 personaliter
1039 663 1149 691 serviat
1165 667 1191 690 et

185 716 217 742 in
234 716 326 742 altero
342 715 432 742 iaciat
448 723 499 749 per
512 715 650 742 idoneum
669 714 815 741 vicarium
828 713 982 740 deserviri.
1000 727 1031 731 -
1046 713 1132 744 (ΒΕΘ.
1147 711 1192 744 19,

186 765 207 790 f.
230 763 262 790 51
282 767 320 796 r⁰;
336 771 406 790 ann.
423 763 491 796 XII,
508 771 533 790 c.
549 762 625 796 258.)

662 315 792 349 Anagni,
809 315 842 341 16
858 314 1024 349 septembre
1038 312 1116 340 1238.

227 888 240 904 (1
261 878 367 906 ,Iacobo
395 877 430 906 de
458 877 605 914 Belliyno,
636 877 763 914 plebano
792 875 898 905 Sancti
926 875 1129 904 Bai-tholomei
1160 875 1193 904 cle

192 930 330 960 Venetas.
346 929 428 960 Cum
445 929 493 960 sic
509 929 631 959 dicaris
647 946 696 957 —.
714 929 788 958 Dat.
806 932 841 958 ut
858 937 968 966 supra.
988 940 1001 954 »

256 1135 374 1163 45:39

221 1197 332 1224 Abbati
349 1197 385 1223 de
400 1196 574 1228 Yve1·nali¹‚
592 1195 771 1222 Parisiensis
785 1193 937 1225 dioecesis,
953 1193 1075 1219 mandat
1093 1194 1196 1226 quate-

186 1253 242 1272 nus
258 1245 399 1272 ecclesiae
414 1245 603 1276 Bisuntinae,
620 1235 704 1278 quae,
720 1243 797 1269 sicut
810 1242 1049 1275 archiepiscopus
1063 1239 1196 1267 Bisunti-

187 1303 243 1321 nus
262 1295 292 1321 in
315 1294 477 1328 apostoliea
496 1293 663 1328 praesentia
684 1293 883 1326 proposuerat,
904 1299 921 1317 a
942 1289 1094 1316 nonnullis
1110 1297 1197 1323 super

186 1343 281 1376 villis,
299 1343 470 1370 hominibus
486 1345 514 1369 et
534 1341 602 1369 aliis
615 1341 700 1368 bonis
716 1340 776 1367 suis
794 1339 1004 1373 multipliciter
1020 1337 1197 1365 molestaba-

186 1395 245 1426 tur,
271 1395 373 1419 contra
397 1399 600 1426 perversorum
626 1389 781 1417 audaciam
805 1388 962 1415 efficaciter
984 1387 1118 1419 assistat,
1144 1395 1197 1413 nee

186 1440 342 1475 permittat
367 1440 553 1474 praedictum
578 1438 833 1472 archiepiscopum
855 1444 942 1470 super
967 1435 1137 1470 praemissis
1162 1435 1198 1462 ab

187 1488 339 1523 aliquibus
353 1488 485 1515 indebite
500 1487 661 1514 molestari.
677 1501 712 1504 —
727 1486 814 1517 (Bm.
830 1485 873 1517 19,
893 1486 913 1511 f.
932 1485 963 1511 51
983 1487 1020 1516 r⁰;
1038 1492 1107 1511 ann.
1128 1483 1197 1516 XII,

187 1546 212 1564 c.
235 1537 305 1569 259;
330 1551 361 1555 -—
385 1536 518 1563 Momm
541 1535 621 1566 1192.
648 1536 668 1561 1.
695 1534 762 1566 19ος
784 1548 816 1552 —
838 1535 875 1560 ct'.
905 1540 1002 1565 supra,
1027 1541 1055 1559 n.
1082 1531 1149 1558 3861
1171 1535 1196 1558 et

186 1585 279 1617 4499.)

671 1134 801 1167 Anagni,
815 1133 850 1160 10
864 1131 1030 1167 septembre
1043 1131 1122 1158 1238.

230 1712 244 1727 (1
262 1700 404 1729 ..abbati
431 1699 465 1728 cle
499 1699 650 1733 ivernali,
681 1697 867 1726 Parisiensis
898 1697 1033 1725 diocesis.
1064 1695 1136 1725 Etsi
1162 1704 1200 1725 ex

188 1753 340 1792 injuncto
353 1769 402 1782 —.
420 1752 493 1781 Dat.
511 1750 676 1788 Anagnie,
699 1751 767 1780 IIII
790 1749 865 1779 idus
883 1748 1091 1787 septembris,
1114 1756 1200 1777 anno

189 1804 396 1835 duodecimo.
413 1816 426 1830 ι)

263 2009 384 2037 4540

229 2071 374 2104 Episcopo
390 2073 417 2096 et
433 2069 643 2096 archidiacono
657 2069 850 2095 Olorensibus
871 2072 896 2094 et
919 2068 1058 2094 sacristae
1079 2068 1201 2094 Oscensi

194 2119 317 2146 mandat
333 2121 488 2152 quatenus,
505 2126 561 2144 non
583 2117 770 2144 obstantibus
787 2116 962 2150 quibusdam
980 2115 1203 2149 exceptionibus

162 2157 165 2159 Δ
193 2176 211 2195 a
224 2167 377 2194 nonnullis
393 2175 428 2193 ex
445 2165 599 2192 monachis
617 2165 789 2192 monasterii
812 2164 914 2191 Sancti
933 2164 1097 2191 Salvatoris
1113 2164 1204 2198 Lege-

195 2216 288 2243 rensis
304 2216 350 2247 (=
369 2215 400 2242 S.
418 2215 563 2242 Salvador
587 2215 622 2241 de
647 2215 763 2247 Leyre),
788 2213 1028 2247 Pampilonensis
1051 2213 1203 2244 dioecesis,

196 2264 364 2300 propositis,
384 2278 415 2282 —
442 2263 548 2297 quibus
578 2262 804 2296 exceptionibus
826 2270 879 2288 nec
904 2270 961 2288 non
983 2261 1050 2288 aliis
1078 2261 1206 2287 circum-

195 2312 316 2340 stantiis
332 2312 502 2339 reformatio
518 2311 663 2346 praedicti
690 2311 873 2343 monasterii,
900 2311 930 2337 in
956 2310 1161 2344 spiritualibus
1177 2313 1205 2336 et

195 2362 227 2388 in
250 2360 463 2395 temporalibus
485 2360 627 2394 collapsi,
650 2360 792 2386 hactenus
814 2359 960 2385 retardata
982 2360 1092 2391 suerat,
1115 2373 1146 2376 ——
1169 2358 1205 2385 ad

196 2409 410 2437 monasterium
432 2409 542 2443 ipsum,
561 2409 585 2435 si
611 2408 764 2435 commode
788 2407 850 2434 fieri
874 2407 991 2441 poterit⁷
1012 2407 1144 2441 alioquin
1170 2407 1206 2434 ad

196 2458 326 2492 aliquem
346 2458 442 2483 locum
460 2457 599 2484 idoneum
621 2456 803 2487 accedentes,
830 2455 976 2489 corrigant
999 2458 1027 2481 et
1047 2456 1206 2481 reforment

196 2507 228 2533 in
258 2506 359 2533 eodem
387 2505 565 2532 monasterio
593 2504 766 2538 corrigenda
799 2507 827 2530 et
858 2503 1059 2535 1·el‘ornian(la;
1086 2503 1207 2537 quodsi

196 2556 363 2589 praefatum
392 2553 605 2580 monasterium
622 2553 653 2579 in
666 2561 717 2579 5110
738 2552 841 2579 ordine
857 2552 1025 2585 nequiverit
1042 2552 1207 2584 reformari,

196 2604 331 2631 ordinem
342 2602 571 2630 Cisterciensem
589 2602 620 2628 10
633 2601 710 2628 illud
724 2601 930 2633 introducant,
948 2601 1101 2627 monachis
1114 2600 1208 2635 ipsius

200 2651 373 2679 monasterii
393 2651 443 2685 qui
464 2650 596 2684 ejusdem
613 2649 726 2676 ordinis
742 2649 880 2676 instituta
903 2649 1031 2683 recipere
1047 2649 1207 2681 noluerint,

676 2007 806 2041 Auagni,
821 2008 853 2033 17
870 2006 1035 2041 septembre
1052 2006 1129 2032 1238.

231 2780 252 2804 1.
279 2780 411 2803 Yuernali
431 2782 472 2802 est
496 2777 785 2801 vraisemblablement
810 2777 845 2799 ici
868 2783 938 2806 pour
959 2777 1094 2799 Her-[valli
1117 2775 1208 2805 (Heri-

198 2825 292 2853 vaux).
309 2824 329 2847 Il
344 2831 363 2854 y
382 2831 397 2846 a
412 2823 566 2853 egalement
585 2823 716 2846 Yuernali
733 2822 801 2844 dans
819 2822 843 2844 la
862 2821 934 2844 table
951 2820 999 2844 des
1015 2821 1161 2850 rubriqnes
1176 2820 1209 2843 de

198 2869 225 2892 la
240 2867 302 2891 ΧῙΙε
317 2866 405 2890 annee
421 2866 501 2896 (REG.
519 2866 554 2894 19,
572 2866 588 2889 f.
608 2865 652 2896 [D]
671 2869 704 2894 r‘,
721 2866 772 2889 col.
787 2865 821 2894 t3),
835 2868 861 2888 ct
878 2865 946 2888 dans
957 2864 981 2887 la
993 2864 1149 2893 rubricalle,
1162 2865 1208 2894 qui

200 2912 243 2935 n'a
256 2918 305 2942 pas
321 2910 363 2935 ete
380 2910 493 2934 enlevce
509 2910 565 2933 lors
580 2910 614 2933 de
630 2910 656 2932 la
672 2909 781 2932 reliure.

1031 238 1254 277 DOL'ZOEME
1277 237 1435 273 Axxass.

2206 247 2278 276 1142

1276 309 1305 336 111
1323 310 1473 344 aliquibus
1493 311 1528 336 dc
1551 311 1691 337 membris
1707 311 1866 345 saepedicti
1891 313 2061 339 monasterii
2089 313 2279 340 collocandis.

1274 358 1402 388 —OEm
1415 358 1458 389 19,
1477 360 1496 384 s.
1508 359 1538 384 51
1557 362 1604 390 v'·;
1621 367 1690 385 ann.
1707 359 1773 391 XII,
1797 368 1822 385 c.
1843 359 1911 390 *260;
1930 374 1960 377 —
1977 362 2014 386 cf.
2032 368 2124 393 supra,
2143 366 2171 387 11⁴*
2186 361 2279 391 3594.)

1315 485 1327 498 «
1349 495 1368 501 ..
1387 473 1519 510 episcopo
1537 477 1562 501 el
1584 495 1603 500 ..
1621 473 1839 502 archidiacono
1859 473 2051 503 Olorensibus
2067 479 2091 503 el
2118 497 2135 502 ..
2155 476 2281 504 sacriste

1275 525 1404 554 Oscensi.
1428 526 1472 555 Ex
1493 529 1582 563 parte
1606 524 1800 554 dilectorum
1821 525 1965 555 filiorum
1989 549 2008 554 ..
2029 526 2168 561 abbatis⁷
2188 528 2221 557 F.
2242 528 2282 557 de

1275 578 1409 614 Guerez,
1429 577 1606 611 cellararii,
1624 578 1677 613 Μ,
1691 578 1811 616 prioris
1821 578 1859 608 de
1870 579 2009 613 Termis,
2021 584 2050 609 et
2063 581 2279 618 quorumdam

1276 629 1416 660 alioruin
1450 629 1687 659 monachorum
1719 630 1913 660 monasterii
1951 631 2063 661 Sancti
2100 632 2283 662 Salvatoris

1277 682 1484 721 Legerensis‚
1516 682 1782 720 Pampilonensis
1805 682 1959 718 diocesis,
1987 684 2051 714 suit
2078 685 2280 722 propositum

1276 744 1386 765 coram
1404 735 1499 765 1101115
1516 735 1614 774 quod,
1633 744 1706 764 cum
1723 734 1813 769 olim,
1832 736 1954 766 nostris
1974 736 2111 766 auribus
2131 737 2284 767 intimato

1276 788 1362 827 quod
1385 787 1622 817 mo‘nasterium
1640 787 1747 825 ipsum
1766 787 1800 816 in
1818 787 2048 826 spiritualibus
2069 793 2099 818 et
2121 794 2284 827 tempora-

1276 840 1364 870 libus
1389 845 1458 870 erat
1483 840 1563 870 adeo
1587 840 1655 878 jam
1679 839 1871 878 collapsum,
1898 844 1935 870 ut
1962 850 2134 879 resurgere
2161 842 2194 871 in
2225 851 2285 872 5110

1277 893 1391 923 ordine
1409 902 1473 922 non
1493 892 1632 927 valebat,
1652 901 1710 922 nos
1732 894 1898 922 venerabili
1912 895 2008 928 fratri
2025 899 2124 923 nostro
2137 895 2147 915 ¹
2164 917 2185 923 ..
2202 895 2286 933 epis-

1278 954 1368 984 copo,
1383 945 1553 975 etdilectis
1565 944 1642 974 tiliis
1657 968 1676 974 ..
1690 945 1792 982 priori
1803 950 1832 974 et
1844 945 1938 974 fratri
1950 945 2059 984 P[etro
2071 946 2284 985 Exilnunii]².

1276 997 1404 1027 ordinis
1441 997 1688 1026 predicatorum
1701 1020 1708 1031 ,
1733 996 2056 1035 'Pampilonensibus
2095 998 2285 1028 dederimus

1277 1050 1401 1080 nostris
1418 1049 1539 1079 litteris
1557 1049 1591 1078 in
1610 1049 1774 1078 mandatis
1786 1054 1831 1083 ut‚
1850 1049 1890 1078 ad
1905 1049 2028 1079 dictum
2046 1044 2283 1081 monasterium

1276 1101 1495 1141 personaliter
1524 1101 1736 1134 accedentes,
1769 1106 1799 1130 et
1834 1102 2036 1139 corrigentes
2066 1103 2188 1132 ibidem
2219 1113 2282 1142 que

1278 1155 1427 1185 viderent
1450 1153 1666 1184 correctionis
1691 1153 1798 1183 officio
1823 1153 1983 1191 indigere,
2002 1154 2084 1183 illud
2101 1155 2139 1184 de
2160 1155 2285 1185 Cister-

1278 1207 1384 1237 ciensi
1400 1207 1514 1236 ordine
1529 1206 1709 1236 reformare
1726 1206 1920 1235 auctoritate
1941 1206 2119 1244 apostolica
2135 1216 2286 1244 procura-

1279 1265 1352 1290 rent
1379 1259 1481 1297 :ipsi‚
1504 1263 1621 1288 euntes
1650 1258 1690 1288 ad
1721 1254 1960 1287 monasterium
1991 1258 2228 1296 supradictum,
2257 1265 2285 1289 ct

1279 1311 1451 1342 monachis
1463 1311 1611 1350 ejusdem
1623 1310 1749 1348 copiam
1764 1310 1915 1348 rescripti
1929 1309 2101 1348 apostolici
2113 1310 2285 1341 facientes.

1280 1365 1366 1395 diem
1384 1369 1414 1394 et
1430 1364 1538 1394 locum
1551 1363 1764 1401 assignarunt
1779 1363 1915 1397 eisdem,
1935 1363 1970 1392 in
1983 1362 2104 1401 quibus
2124 1372 2288 1401 propone-

1279 1422 1362 1454 rent,
1379 1417 1484 1455 siqua
1499 1415 1631 1452 vellent,
1650 1425 1751 1455 quare
1767 1424 1832 1445 non
1848 1415 1980 1445 deberet
1994 1416 2185 1445 mandatum
2198 1425 2289 1454 apos-

1280 1470 1417 1500 tolicum
1434 1468 1620 1507 adimpleri.
1635 1468 1785 1507 Cumque
1801 1468 2019 1506 postmodum,
2037 1468 2235 1506 quibusdam
2252 1478 2289 1499 cx

1281 1522 1453 1552 monachis
1462 1522 1545 1560 ipsis
1555 1521 1714 1560 quasdam
1725 1521 1934 1559 exceptiones
1941 1522 2178 1559 proponentibus
2187 1531 2255 1551 cora
2262 1532 2288 1550 m

1281 1576 1391 1606 eisdem
1415 1576 1558 1613 episcopo,
1580 1576 1683 1612 priore
1704 1583 1739 1603 (tc
1762 1576 1870 1610 fratre,
1900 1576 1960 1612 ipsi
1982 1584 2010 1603 se
2040 1576 2111 1603 celle
2131 1575 2289 1610 dixissent,

1275 1631 1369 1668 juxta
1392 1628 1532 1658 formam
1556 1627 1704 1657 mandati
1731 1627 1913 1665 apostolici,
1942 1627 2181 1656 monasterium
2200 1627 2290 1657 adire

1279 1682 1491 1722 jamdictum,
1531 1689 1567 1710 ac
1603 1680 1651 1709 ibi
1687 1680 1833 1718 recipere
1875 1680 2083 1718 exceptiones
2125 1679 2291 1717 legitimas

1283 1734 1484 1765 eorundem:
1504 1733 1606 1763 iidem
1632 1733 1787 1762 monachi
1810 1733 1861 1762 vel
1881 1732 1990 1770 potius
2013 1733 2210 1762 demoniaci.
2237 1741 2292 1762 005

1283 1788 1458 1818 admittere
1479 1787 1692 1824 denegantes.
1719 1786 1755 1815 in
1779 1795 1891 1816 vocem
1916 1785 1957 1815 ad
1977 1794 2037 1815 nos
2060 1785 2291 1823 appellationis

1284 1841 1401 1871 frivole
1424 1844 1657 1878 proruperunt.
1683 1840 1781 1874 Quare
1801 1840 1974 1877 jamdictus
1993 1840 2147 1877 episcopus
2170 1840 2294 1876 ejusque

1283 1895 1400 1932 calleyo.
1419 1894 1621 1931 appellatione
1642 1894 1716 1929 ipsa,
1735 1897 1829 1930 prout
1849 1898 1927 1926 erat,
1946 1891 2064 1921 frivola
2080 1896 2242 1929 reputata,
2257 1892 2292 1920 111

1284 1947 1373 1985 ipsos
1391 1950 1419 1976 et
1438 1945 1603 1983 quoslibet
1620 1944 1703 1974 alios
1720 1945 1867 1983 ejusdem
1887 1944 2081 1974 monasterii
2098 1944 2289 1974 monachos.

1285 2000 1342 2038 qui
1359 1999 1407 2028 eis
1424 1999 1457 2026 in
1473 1998 1533 2027 1100.
1550 2002 1734 2035 prestarent
1751 1996 1912 2026 auxilium
1928 1996 1978 2026 vel
1992 1997 2149 2031 favorem,
2167 2005 2292 2026 excom-

1286 2050 1522 2081 municationis
1540 2050 1750 2079 sententiam.
1778 2050 1929 2087 exigente
1943 2050 2086 2088 justitia,
2105 2049 2293 2088 promulga-

1285 2109 1374 2134 runt.
1393 2103 1631 2141 Sedsepedicti
1648 2102 1812 2138 monachi,
1832 2102 1997 2141 adjunctis
2015 2102 2080 2132 sibi
2094 2102 2293 2141 quibusdam

1287 2157 1362 2187 aliis
1398 2155 1587 2189 monachis,
1627 2155 1684 2193 qui
1722 2155 1815 2193 prius
1852 2155 2066 2193 prestiterant
2102 2155 2292 2194 hujusmodi

1286 2208 1516 2240 reformationi
1533 2217 1718 2242 assensum,
1737 2208 1848 2237 divina
1863 2207 2041 2243 celebrare,
2059 2208 2170 2237 immo.
2190 2217 2295 2246 quan-

1288 2268 1357 2293 tum
1379 2263 1414 2291 in
1431 2262 1479 2292 eis
1496 2266 1555 2296 est,
1580 2261 1788 2300 prophanare
1812 2265 2019 2299 presumunt,
2047 2260 2082 2289 in
2107 2261 2293 2290 animarum

1288 2324 1423 2346 suarum
1440 2313 1625 2352 periculum
1643 2318 1675 2343 et
1691 2313 1915 2343 ecclesiastice
1932 2312 2108 2351 discipline
2126 2318 2294 2352 contemp-

1289 2374 1373 2403 tum3
1388 2367 1447 2402 sic,
1461 2367 1547 2406 quod
1559 2366 1753 2396 monasterii
1765 2366 1905 2404 predicti
1917 2366 2110 2396 reformatio
2123 2371 2169 2396 est
2184 2366 2295 2396 hacte-

1289 2430 1352 2450 nus
1367 2420 1543 2454 retardata,
1560 2419 1596 2448 in
1611 2428 1708 2457 grave
1721 2419 1827 2456 ipsius
1840 2418 2034 2448 monasterii
2047 2418 2293 2448 detrimentum.

1289 2479 1385 2513 prout
1405 2473 1652 2511 supradictorum
1676 2473 1818 2510 episcopi,
1839 2473 1956 2509 prioris
1977 2476 2002 2500 el
2024 2472 2135 2507 fratris
2151 2471 2296 2501 exhibite

1290 2526 1386 2557 nobis
1397 2526 1506 2555 littere
1523 2524 1749 2554 continebant.
1764 2524 1846 2554 Cum
1862 2528 1972 2553 autem
1986 2532 2024 2553 ex
2036 2528 2128 2562 parte
2143 2546 2162 2552 ..
2176 2524 2296 2562 prioris·

1290 2584 1322 2610 et
1337 2578 1544 2618 quorundam
1559 2577 1616 2616 qui
1629 2582 1747 2615 gerunt
1763 2585 1796 2606 se
1811 2585 1868 2614 pro
1885 2581 2049 2606 conventu
2064 2576 2211 2615 ejusdem
2227 2585 2297 2605 mo-

1290 2633 1446 2666 nasterii,
1465 2632 1584 2661 fuisset
1602 2630 1789 2668 impetratis
1810 2638 1909 2668 super
1925 2629 2138 2664 110011110115,
2159 2638 2231 2659 cum
2248 2628 2296 2658 le-

1292 2690 1450 2724 gerentur
1465 2685 1499 2713 in
1516 2683 1684 2713 communi
1701 2682 1881 2717 audientia,
1900 2682 2149 2717 contradictum.
2170 2690 2229 2711 nos
2248 2681 2298 2710 di—

1324 2818 1344 2842 1.
1367 2817 1446 2840 ⁴Nous
1464 2816 1625 2846 imprimons
1646 2821 1679 2838 en
1706 2816 1836 2843 italiques
1861 2814 1995 2844 quelques
2019 2820 2147 2844 passages
2170 2813 2201 2835 110
2225 2817 2297 2836 cette

1291 2862 1374 2889 bulle,
1391 2861 1485 2884 rcsaits
1501 2859 1580 2889 apres
1595 2866 1665 2888 coup
1683 2865 1730 2881 sur
1741 2858 1789 2881 des
1805 2861 1954 2888 grattages.

1322 2905 1345 2929 2.
1363 2904 1403 2929 Ci.
1421 2911 1518 2933 supra,
1536 2906 1554 2926 t.
1573 2903 1606 2931 ll,
1623 2903 1675 2926 col.
1692 2902 1746 2929 615,
1762 2906 1789 2925 et
1804 2906 1879 2925 note.
