2519 3518
141 265 197 294 5⁵25
1001 258 1186 295 DixOEME
1209 259 1368 295 ANNEE.
1456 306 1458 308 V
2173 269 2229 299 526

142 329 202 360 hoc
220 331 426 360 necessarias
442 331 480 361 de
498 331 594 361 bonis
610 331 907 368 vigintimiliensis
925 331 1063 361 ecclesie
1082 331 1144 360 mi-

143 383 298 419 nistrari3
328 384 585 414 contradictores
611 388 672 414 etc.
705 385 778 414 Non
807 384 956 414 obstante
982 384 1145 413 eonstitu-

143 437 230 466 tione
248 436 286 466 de
301 436 429 466 duabus
443 437 541 467 dietis
556 441 630 471 et(·.,
643 441 674 467 et
689 437 867 474 apostolica
883 437 1102 474 indulgentia,
1117 437 1145 466 si

141 499 240 528 quam
258 489 370 523 habes,
384 498 424 519 ne
441 490 479 520 de
495 490 605 519 causis
619 499 815 527 cognoscere
833 490 986 520 tenearis.
1007 491 1079 520 Dat.
1094 491 1145 520 In-

143 547 308 577 teramna,
335 544 365 573 X
392 543 551 573 kalendas
579 544 778 578 decembris,
805 543 1015 581 pontificatus
1041 544 1146 573 nostri

142 604 229 625 anno
245 596 383 625 decimo.
404 608 416 622 »

214 794 325 821 3411

669 794 768 826 Tcrni,
782 794 816 820 ‘22
830 794 983 820 decembre
997 794 1074 821 1236.

181 856 341 883 Universos
357 855 486 887 abbates,
505 858 564 882 tani
583 860 733 890 exemptos
754 865 840 890 quam
866 865 922 882 non
942 859 1102 891 exemptos,
1120 860 1147 884 ct

145 904 256 939 priores
277 905 396 931 abbates
416 905 546 939 proprios
563 913 619 931 non
639 904 795 936 habentes,
813 905 925 931 ordinis
941 905 1035 931 sancti
1052 905 1147 931 Bene-

145 953 229 984 dicti,
245 952 400 979 Remeusis
414 952 594 986 provinciae,
608 952 637 979 in
653 952 802 979 communi
817 953 947 986 capitulo
961 956 1147 986 wngrcgatos

146 1003 245 1028 monet
265 1003 311 1033 ut,
332 1000 472 1027 facientes
494 1001 529 1027 dc
549 1001 722 1027 necessitate
742 1001 899 1033 virtutem,
915 1001 1147 1035 circumscriptis

144 1049 214 1076 aliis
226 1057 298 1083 quae
310 1058 327 1076 a
340 1049 532 1075 Fusniacensi
546 1048 661 1081 abbate,
674 1049 880 1076 Cistcrcieusis
891 1049 1013 1081 ordinis,
1028 1049 1148 1083 ejusque

144 1098 275 1131 collegis,
288 1097 530 1124 monasteriorum
548 1101 751 1131 exemptorum
768 1106 784 1124 a
801 1098 876 1124 Sede
891 1098 1061 1132 Apostolica
1077 1098 1147 1124 visi-

150 1147 294 1173 tatoribus
310 1146 472 1180 deputatis,
489 1154 575 1180 super
590 1146 717 1180 regulari
735 1146 923 1173 observantia.
942 1146 1001 1172 sint
1023 1149 1148 1178 statuta,

143 1203 227 1221 suam
248 1195 480 1227 ordinationem,
505 1203 591 1228 quam
616 1194 669 1221 sub
691 1203 743 1221 sua
768 1194 849 1221 bulla
870 1194 963 1222 mittit
985 1195 1148 1227 inclusam,

146 1242 301 1269 humiliter
316 1242 480 1276 suscipiant
493 1245 521 1269 et
537 1244 665 1269 servent.
676 1256 708 1260 -
719 1243 804 1274 (Rae.
818 1242 862 1274 18,
875 1243 895 1268 f.
907 1242 959 1268 212
970 1246 1013 1274 v⁰;
1026 1251 1095 1269 ann.
1108 1242 1148 1274 X,

145 1299 170 1317 c.
186 1290 255 1323 2953
273 1305 305 1309 -—
322 1291 454 1318 MonnAu
471 1290 550 1323 1191,
567 1291 587 1317 t.
604 1290 670 1322 187;
687 1305 720 1308 —
737 1291 893 1317 POTTHAST
908 1290 1018 1322 10278.)

186 1403 198 1417 «
223 1392 377 1420 L'nivcrsis
392 1391 560 1426 abbatibus,
582 1395 641 1419 lam
664 1392 808 1427 esremptis
828 1400 919 1427 quam
946 1400 1007 1419 non
1029 1399 1148 1428 exemp-

144 1445 198 1479 tis,
221 1449 246 1472 et
264 1444 420 1481 prioribus
437 1444 554 1472 abbates
573 1444 714 1480 proprios
735 1452 795 1471 non
819 1444 1012 1478 habentibus,
1030 1444 1151 1472 ordinis

142 1498 244 1526 sancti
259 1497 422 1530 Benedicti,
440 1497 591 1525 Rcmensis
605 1497 774 1533 provincie,
790 1497 823 1524 in
840 1497 999 1525 communi
1017 1497 1151 1534 capitulo

142 1551 343 1587 conyreyatis.
365 1549 457 1578 Licet
477 1548 572 1583 olim,
594 1547 761 1578 intellecto
784 1549 870 1586 quod
892 1548 1010 1586 religio
1029 1553 1149 1584 vestra,

142 1611 222 1641 que,
241 1602 327 1632 sicut
348 1610 425 1639 ager
448 1601 565 1639 plenus
590 1602 643 1631 cui
665 1601 832 1631 benedixit
854 1601 1031 1636 Dominus,
1054 1601 1150 1632 flores

142 1655 278 1685 honoris
297 1659 327 1685 ct
343 1655 471 1684 fructus
488 1654 605 1684 afferre
623 1658 839 1684 consueverat
852 1653 1048 1689 honestatis,
1065 1654 1152 1684 facta

141 1708 326 1737 mutatione
343 1707 474 1737 dextere
490 1707 525 1736 in
542 1707 725 1741 sinistram,
747 1707 859 1744 spinas
877 1711 907 1736 et
925 1707 1064 1737 tribulos
1083 1717 1152 1745 ger-

144 1760 318 1794 minaret¹,
338 1769 407 1795 nos,
425 1769 495 1789 eam
512 1760 551 1790 de
568 1760 658 1789 invio
676 1760 715 1789 ad
732 1759 818 1788 viam
835 1759 999 1797 regularis
1016 1760 1153 1789 rectitu-

144 1812 234 1842 dinis
251 1812 407 1842 reducere
425 1812 606 1850 cnpientes,
625 1816 721 1850 prout
738 1811 833 1841 nobis
850 1812 1013 1841 incumbit
1029 1821 1066 1842 ex
1083 1812 1154 1842 offi-

145 1866 196 1895 cio
217 1865 392 1904 pastorali,
411 1865 550 1903 quedam
571 1865 773 1895 ediderimus
793 1873 850 1902 pro
869 1865 974 1902 ipsius
993 1865 1154 1895 reforma-

147 1919 236 1948 tione
249 1922 372 1948 statuta
386 1918 524 1956 ipsaque
540 1917 809 1947 mandaverimus
825 1917 995 1947 observari
1011 1927 1016 1946 :
1035 1918 1155 1947 vestris

150 1976 259 2001 tamen
277 1970 430 2009 precibus
449 1970 655 2008 postmodum
672 1969 839 2005 inclinati,
860 1979 934 1999 cum
953 1970 986 1999 in
1011 1970 1058 2000 eis
1075 1979 1156 2008 que-

146 2024 221 2053 dam
241 2023 334 2053 vobis
351 2022 500 2052 difficilia
516 2023 716 2057 viderentur,
732 2022 804 2060 ipsa
821 2022 859 2052 de
875 2022 1081 2060 benignitate
1098 2022 1157 2052 Se-

146 2077 199 2106 dis
210 2075 399 2115 Apostolice
417 2080 648 2113 temperantes,
665 2075 703 2105 de
719 2075 858 2104 fratrum
876 2079 1065 2104 nostrorum
1079 2084 1157 2104 con-

148 2129 241 2164 silio,
273 2132 369 2167 prout
399 2128 551 2166 expedire
584 2127 744 2162 vidimus,
779 2136 877 2165 super
907 2127 974 2156 hiis
1003 2127 1157 2158 duximus

144 2181 381 2212 ordinandum.
399 2181 561 2217 Quocirca
585 2180 799 2210 universitati
820 2184 928 2210 vestre
950 2190 1008 2218 per
1028 2186 1158 2219 aposto-

148 2235 213 2265 lica
226 2235 348 2272 scripta
360 2234 556 2263 mandamus
569 2233 965 2272 quatenus,conside1·ato
979 2234 1159 2272 prudenter

149 2288 237 2328 quod
259 2287 527 2325 subterfugiendi
551 2286 694 2316 ulterius
718 2295 784 2316 non
805 2290 854 2316 est
871 2286 979 2322 locus,
997 2287 1158 2317 facientes

146 2341 188 2371 de
207 2341 406 2371 necessitate
424 2340 593 2374 virtutem,
612 2339 873 2377 circumscriptis
888 2338 964 2368 aliis
981 2348 1043 2378 que
1061 2348 1119 2377 per
1137 2363 1158 2369 ..

148 2393 302 2424 abbatem
325 2392 601 2426 Fusniacensem,
619 2391 855 2422 cisterciensis
878 2391 1022 2427 ordinis,
1041 2396 1071 2422 et
1089 2392 1158 2422 col-

148 2446 239 2485 legas
263 2455 356 2481 suos,
381 2445 570 2475 visitatores
594 2444 872 2474 monasteriorum
895 2449 1120 2482 exemplorum
1142 2454 1160 2475 a

149 2499 233 2530 Sede
250 2498 440 2538 Apostolica
461 2498 650 2536 deputatos,
669 2506 767 2535 super
786 2496 931 2534 regulari
948 2497 1161 2527 observantia

150 2556 228 2582 sunt
241 2555 380 2585 statuta,
400 2550 466 2580 nisi
482 2550 595 2589 aliqua
613 2549 680 2580 sint
695 2549 731 2578 in
745 2549 805 2585 eis,
825 2549 864 2579 de
883 2549 1005 2588 quibus
1019 2549 1054 2578 in
1071 2550 1161 2579 ordi-

151 2604 285 2634 natione
304 2608 418 2634 nostra
442 2603 565 2633 mentio
586 2611 651 2632 non
672 2601 823 2637 habetur,
848 2601 1030 2640 predictam
1043 2605 1055 2621 Ἰ
1072 2602 1161 2631 ordi-

151 2657 321 2687 nationem
336 2660 495 2691 nostram,
514 2664 612 2694 quam
632 2654 724 2684 vobis
742 2653 803 2684 sub
819 2653 910 2683 bulla
927 2657 1040 2683 nostra
1056 2654 1160 2684 mitti-

187 2789 206 2813 t.
227 2789 267 2814 Cf.
285 2789 355 2813 GEN.
373 2789 420 2815 111.
441 2788 476 2816 ts,
491 2792 541 2811 ete.

184 2833 208 2858 2.
225 2833 276 2857 Les
291 2835 360 2857 mots
374 2841 385 2855 «
402 2833 553 2863 predictam
565 2831 769 2855 ordinationem
785 2848 801 2854 ..
814 2829 947 2853 mittimus
960 2830 1136 2853 interclusam
1149 2839 1161 2853 υ

152 2879 202 2901 ont
217 2876 259 2901 ete
275 2876 381 2907 ajoutes
398 2883 432 2900 en
454 2882 558 2906 margo.
577 2879 603 2899 et
622 2875 637 2898 il
655 2882 671 2904 y
690 2882 705 2898 a
721 2874 770 2898 <les
786 2873 932 2897 retouehes
949 2873 1016 2897 dans
1035 2874 1074 2897 les
1091 2878 1162 2898 mots

149 2921 200 2951 qui
219 2921 376 2951 precedent.

1227 340 1300 361 mus
1318 331 1548 367 interclusam,
1571 333 1761 370 suscipiatis
1779 333 1949 364 liumilitcr
1970 340 1998 363 et
2020 337 2174 370 sci-vetis,
2193 346 2229 366 ac

1226 385 1357 414 faciatis
1375 395 1392 414 a
1409 385 1527 415 vestris
1545 385 1686 415 subditis
1703 386 1940 416 inviolabiliter
1954 388 2120 417 observari
2137 399 2141 423 ;
2161 398 2230 427 per-

1227 447 1306 467 sone
1323 443 1431 467 autem
1452 448 1514 477 que
1532 439 1570 467 ad
1589 439 1750 468 visitanda
1770 440 1969 469 monasteria
1986 441 2111 471 ordinis
2130 442 2230 472 vestri

1227 491 1261 520 in
1281 492 1436 521 Ilcmensi
1453 492 1623 530 provincia
1641 493 1762 522 suerint
1781 493 1812 521 in
1832 494 1996 522 communi
2015 495 2158 532 capitulo
2174 495 2231 525 de-

1228 549 1354 582 putate,
1376 555 1413 573 ca
1436 544 1591 573 similiter
1615 545 1736 574 saciant
1758 545 1925 575 observari
1948 547 1987 575 ab
2009 547 2183 576 abbatibus
2200 552 2231 577 et

1229 597 1395 635 prioribus
1414 597 1548 626 abbates
1570 597 1718 634 proprios
1741 607 1803 626 non
1826 598 2040 633 baluz-mitum,
2064 600 2120 637 qui
2142 600 2232 638 rapi-

1229 649 1296 679 tulo
1314 654 1421 678 vestro
1441 659 1504 678 nou
1527 649 1737 679 interfuerint
1758 656 1952 685 memorato,
1974 652 2231 682 ‹·‹›nt1·;1‹]i‹·101·es

1229 706 1308 736 cto,
1328 702 1517 731 mandatum
1537 706 1683 730 nostrum
1703 702 1812 731 taliter
1826 702 2003 740 impleturi,
2019 704 2104 742 quod
2120 704 2232 734 redar-

1230 754 1285 791 gui
1312 764 1375 783 non
1403 754 1537 792 possitis
1562 754 1600 783 de
1626 754 1829 791 negligentia
1856 755 1904 784 vel
1929 760 2128 794 contemptu.
2156 757 2229 786 Dat.

1231 807 1431 841 Interamne,
1449 807 1495 836 XI
1514 806 1671 836 kalendas
1685 807 1844 845 januarii,
1863 818 1948 837 anno
1966 809 2103 837 decimo.
2122 822 2133 834 υ

1301 985 1383 1012 34¹
1395 985 1420 1011 2
1751 986 1849 1019 Terni,
1865 986 1899 1012 ‘22
1914 987 2067 1014 decembre
2084 988 2161 1014 1236.

1266 1055 1279 1071 «
1295 1048 1326 1074 In
1341 1047 1465 1073 ‹mndem
1484 1047 1601 1073 modum
1620 1048 1753 1073 universis
1764 1048 1917 1078 abbatibus,
1935 1051 1990 1073 lanz
2006 1051 2134 1081 eccemptis
2150 1057 2234 1082 quam

1231 1103 1285 1121 non
1301 1097 1446 1128 memus,
1465 1098 1489 1120 et
1505 1096 1645 1127 prioribus
1660 1096 1766 1120 abbates
1781 1103 1906 1128 proprios
1926 1104 1979 1121 non
1996 1098 2171 1129 habentibus,
2188 1105 2234 1123 or-

1230 1143 1305 1168 dinis·
1320 1145 1410 1168 sum-u*
1423 1144 1567 1175 Benedicti,
1583 1145 1722 1176 provincie
1733 1144 1907 1175 Scuonensis,
1926 1146 1955 1170 in
1966 1148 2105 1171 communi
2115 1148 2235 1179 capitulo

1230 1192 1399 1223 conyreyatis
1423 1194 1484 1224 aaz,
1510 1193 1538 1216 ut
1563 1198 1666 1223 supra,
1693 1199 1776 1223 usque
1802 1200 1809 1216 .·
1833 1192 1868 1218 de
1893 1192 2073 1226 negligentia
2096 1195 2143 1220 vel
2165 1202 2234 1220 con-

1231 1242 1357 1273 temptu.
1375 1240 1524 1272 Ceterum,
1547 1248 1612 1265 cum
1633 1239 1758 1265 dilectus
1776 1240 1853 1266 tilius
1871 1261 1888 1266 ..
1906 1240 2033 1267 decanus
2050 1245 2075 1268 ct
2097 1242 2235 1275 magister

1232 1288 1316 1315 Oddo
1332 1288 1367 1314 de
1384 1288 1485 1315 Castro
1502 1288 1629 1320 ltadultL
1647 1288 1805 1314 canonicus
1818 1289 2010 1322 Parisienses,
2030 1290 2235 1324 subdelegatus

1231 1344 1248 1362 a
1264 1337 1352 1362 fratre
1368 1336 1501 1363 Johanne
1514 1336 1550 1362 de
1565 1336 1668 1363 Monte
1686 1336 1821 1363 Mirabili
1832 1358 1838 1369 ,
1861 1337 1973 1363 ordinis
1990 1339 2112 1364 fratrum
2131 1339 2236 1366 Predi—

1232 1387 1374 1417 catorum,
1389 1387 1558 1412 executores
1571 1388 1747 1412 statutorum
1773 1386 1969 1419 predictorum
1980 1409 1986 1419 ,
2010 1387 2040 1413 in
2057 1396 2103 1414 eos
2122 1388 2171 1421 qui
2187 1397 2236 1415 ea-

1231 1433 1296 1460 dem
1313 1442 1368 1460 non
1386 1437 1549 1464 servarent,
1568 1436 1631 1468 post
1647 1435 1877 1468 appellationem
1897 1436 1931 1461 ad
1951 1444 2001 1461 nos
2018 1436 2234 1470 interpositam,

1232 1482 1549 1508 excommunicationis
1572 1483 1751 1509 sententiam
1776 1484 2006 1516 promulgarint,
2026 1487 2054 1510 et
2074 1488 2236 1511 conventus

1233 1531 1476 1557 monasteriorum
1494 1534 1670 1563 vestrorum,
1692 1531 1727 1557 de
1743 1532 1942 1565 appellatione
1958 1533 2069 1565 confisi,
2088 1534 2237 1560 sententia

1232 1577 1297 1613 ipsa
1312 1579 1447 1611 durante,
1464 1588 1481 1605 a
1496 1579 1692 1606 celebratione
1706 1588 1763 1605 non
1780 1580 1958 1606 cessaverint
1975 1581 2157 1613 divinorum,
2174 1590 2237 1615 pre-

1233 1628 1361 1654 sentium
1387 1627 1471 1654 vobis
1498 1627 1672 1654 auctoritate
1697 1629 1885 1655 concedimus
1911 1632 1941 1655 ut
1969 1629 2078 1663 singuli
2104 1633 2234 1657 vestrum

1233 1684 1300 1702 cum
1313 1675 1440 1702 subditis
1456 1676 1515 1703 suis
1529 1676 1745 1703 ordinationem
1761 1677 1903 1711 prefatam
1919 1677 2105 1704 servantibus
2119 1681 2124 1696 ¹
2142 1682 2239 1706 aueto-

1233 1725 1321 1751 ritate
1346 1728 1445 1751 nostra
1469 1724 1641 1759 dispensent
1663 1733 1750 1759 super
1770 1734 1801 1751 eo
1824 1725 1900 1759 quod
1921 1726 2022 1752 taliter
2041 1726 2237 1760 celebrarunt,

1234 1775 1319 1806 prout
1344 1772 1511 1799 animarum
1536 1781 1653 1800 suarum
1678 1773 1766 1800 saluti
1792 1773 1924 1800 viderint
1949 1775 2096 1809 expedire.
2118 1776 2185 1802 Dat.
2207 1779 2239 1802 ut

1234 1829 1332 1854 supra.
1349 1828 1362 1846 »

1307 1992 1390 2019 341
1400 1992 1428 2019 3
1757 1993 1857 2026 Termi,
1873 1994 1907 2021 22
1922 1995 2076 2021 decembre
2091 1996 2169 2023 1236.

1274 2053 1430 2081 Universis
1445 2053 1601 2081 abbatibus
1624 2056 1651 2081 et
1672 2055 1818 2088 prioribus
1834 2055 1954 2083 abbates
1970 2057 2100 2091 proprios
2114 2066 2171 2084 non
2189 2059 2242 2085 ha-

1239 2101 1386 2134 bentibus,
1404 2101 1516 2128 ordinis
1537 2102 1632 2128 sancti
1649 2103 1815 2136 Benedicti,
1838 2104 1993 2131 Remensis
2012 2106 2192 2139 provinciae,
2210 2121 2242 2124 —

1239 2157 1306 2176 cum
1320 2150 1411 2176 vellet
1427 2149 1489 2183 ipse
1500 2158 1576 2184 papa
1589 2152 1621 2176 ut
1633 2150 1670 2176 ad
1686 2150 1816 2184 ipsorum
1831 2160 1988 2179 commune
2001 2154 2165 2187 capitulum
2178 2163 2244 2181 con-

1239 2197 1375 2224 venirent
1398 2198 1530 2225 universi
1555 2198 1675 2225 abbates
1703 2202 1731 2225 et
1756 2199 1866 2233 priores
1891 2199 2011 2227 abbates
2031 2202 2162 2235 proprios
2185 2211 2244 2229 non

1241 2247 1392 2280 babentes,
1411 2249 1471 2274 tam
1492 2247 1622 2281 exempti
1640 2256 1726 2282 quam
1752 2257 1808 2275 non
1829 2249 1976 2284 exempti,
1993 2264 2024 2267 —
2046 2250 2194 2284 signifieat
2216 2259 2246 2278 se

1241 2295 1282 2321 eis
1303 2295 1352 2329 qui
1373 2295 1409 2322 ad
1432 2296 1660 2330 praesidendum
1683 2297 1790 2323 futuris
1813 2297 1952 2331 capitulis
1975 2298 2085 2325 fuerint
2103 2299 2244 2333 ordinati,

1241 2343 1413 2370 facultatem
1427 2344 1584 2371 concedere
1595 2340 1715 2371 abbates
1729 2348 1755 2371 et
1770 2345 1880 2379 priores
1896 2345 2016 2373 abbates
2032 2355 2089 2374 non
2106 2347 2247 2375 habentes

1242 2392 1434 2425 convocandi,
1453 2395 1481 2419 et
1505 2393 1626 2427 cogendi
1651 2401 1702 2428 per
1725 2402 1878 2421 censuram
1902 2395 2133 2422 ecclesiasticam
2156 2399 2188 2423 ut
2210 2396 2246 2423 ad

1243 2449 1398 2468 commune
1414 2441 1545 2475 ipsorum
1562 2442 1727 2476 capitulum
1742 2443 1894 2474 accedant,
1910 2446 1938 2470 et
1951 2444 2144 2472 diffinitiones
2161 2453 2247 2479 regu-

1242 2489 1317 2516 lares
1333 2498 1407 2523 quae
1422 2490 1533 2517 ibidem
1550 2499 1601 2525 pro
1616 2493 1747 2525 tempore
1759 2492 1870 2519 fuerint
1886 2493 2048 2526 ordinatae,
2061 2494 2206 2528 recipiant
2219 2496 2247 2521 et

1241 2537 1407 2565 observent.
1423 2553 1455 2557 —
1471 2540 1558 2570 (REG.
1573 2539 1617 2572 18,
1635 2541 1655 2566 i.
1669 2540 1720 2567 213
1734 2543 1772 2572 r⁰;
1789 2549 1859 2567 ann.
1874 2540 1913 2573 X,
1929 2549 1953 2567 c.
1968 2541 2043 2573 296.)

1284 2650 1297 2665 <t
1326 2640 1481 2668 L'niversis
1497 2640 1653 2668 abbatibus
1673 2645 1698 2669 et
1712 2641 1871 2678 prioribus
1891 2641 2008 2670 abbates
2022 2643 2164 2679 proprios
2187 2650 2249 2672 non

1243 2691 1430 2728 habentibus,
1457 2693 1577 2721 ordinis
1597 2693 1697 2721 sancti
1717 2693 1886 2727 Benedicti,
1910 2694 2061 2722 Remensis
2078 2695 2247 2731 provincie.

1243 2743 1399 2774 Volentes
1417 2749 1450 2774 ut
1468 2745 1507 2773 ad
1524 2762 1572 2773 —.
1592 2745 1664 2774 Dat.
1686 2745 1887 2779 Interamne,
1906 2750 1940 2774 ut
1958 2754 2067 2783 supra.
2091 2758 2103 2772 >1

1278 2875 1298 2900 1.
1321 2875 1373 2899 Les
1394 2880 1464 2899 mots
1487 2885 1498 2897 n
1520 2876 1721 2899 ordinationem
1746 2877 1877 2906 prefatam
1903 2878 2078 2901 servantibus
2103 2887 2113 2900 ι
2140 2882 2202 2902 sont
2225 2880 2249 2902 lo

1244 2918 1360 2943 resultat
1376 2920 1458 2943 d'une
1474 2920 1638 2943 correction.
