2519 3518
111 260 166 292 133
945 253 1173 291 NEUVIEME
1194 252 1354 289 ANNEE.
2139 263 2191 292 134

109 330 258 357 tenorem
276 327 422 358 mandati
439 328 554 363 nostri,
573 328 611 358 de
628 329 774 368 quinque
793 328 998 358 secularibus
1015 334 1113 356 cano-

110 378 196 409 nicis
225 379 398 410 ordinasti.
430 380 538 417 Quare
565 389 583 410 a
609 380 704 410 nobis
733 381 904 410 humiliter
925 378 1113 418 postulabas

109 434 161 465 ut,
180 439 253 460 cum
276 431 308 461 id
331 432 417 471 quod
433 433 628 463 auctoritate
646 437 757 462 nostra
778 442 834 471 per
855 437 885 462 te
903 433 1023 462 sactum
1041 440 1112 461 esse

109 482 294 513 dinoscitur
311 484 345 513 in
368 484 429 514 hac
450 490 558 523 parte,
584 486 771 515 firmitatem
797 485 939 515 debitam
964 484 1112 514 obtinere

109 543 175 565 non
191 536 312 574 possit,
331 537 396 566 nisi
414 538 504 575 prius
522 538 555 567 in
573 538 771 568 necessariis
786 547 843 576 per
863 537 928 567 alia
949 541 1113 566 monaste-

109 587 160 617 ria
182 589 393 627 provideatur
411 590 582 620 monachis
606 591 798 626 antedictis,
823 590 993 628 providere
1015 598 1113 626 super

109 639 176 670 hiis
199 641 238 671 de
254 641 459 679 benignitate
484 643 578 673 Sedis
596 643 782 681 Apostolice
803 643 1023 680 dignaremur.
1045 642 1112 671 Nos

108 692 229 730 igitur,
261 694 347 732 quod
373 703 428 733 per
455 699 485 724 te
511 704 608 733 super
637 695 697 725 hoc
727 695 859 733 provide
888 696 1010 724 factum
1040 703 1112 724 esse

109 744 304 781 dinoscitur,
332 751 439 776 ratum
463 751 494 777 et
518 751 646 785 gratum
672 747 841 783 habentes,
868 747 948 776 illud
974 747 1112 776 auctori-

109 799 174 827 tate
195 798 373 836 apostolica
391 800 640 835 confirmamus,
659 800 858 830 fraternitati
876 804 928 829 tue
945 809 1002 838 per
1017 808 1112 837 apos-

109 848 207 879 tolica
225 851 347 888 scripta
369 852 563 882 mandantes
582 857 744 890 quatenus
763 852 934 882 monachis
956 851 1111 890 sepefatis

107 901 211 932 facias
228 902 261 931 in
281 903 346 933 vite
360 904 558 933 necessariis
575 914 632 942 per
648 904 713 934 alia
729 905 940 940 monasteria,
958 903 1110 942 subssato]

107 954 285 993 cujuslibet
309 956 540 994 appellationis
556 956 741 991 obstaculo,
766 966 908 994 congrue
927 957 1109 995 provideri,

107 1005 196 1044 ipsos
217 1007 251 1036 in
268 1007 386 1037 fratres
406 1013 436 1038 et
453 1008 631 1038 monachos
649 1009 750 1047 recipi
766 1009 892 1039 faciens
913 1009 947 1038 in
967 1009 1108 1045 eisdcm;

107 1059 364 1090 contradictores
381 1064 441 1090 etc.
459 1062 532 1091 Dat.
551 1061 693 1096 Perusii,
711 1062 774 1091 VII
790 1061 947 1091 kalendas
964 1061 1107 1098 augusti,

105 1120 192 1142 anno
208 1121 305 1142 nono.
326 1124 339 1139 »

176 1303 259 1332 2¹2!
272 1304 290 1330 Ι
647 1305 782 1337 Pe'rouse,
799 1305 832 1331 27
845 1305 943 1338 juillet
956 1305 1035 1332 1235.

138 1364 306 1396 willelmo,
320 1365 459 1391 canonico
472 1365 575 1392 Sancti
590 1366 734 1393 Johannis
747 1365 929 1399 Maguntini,
942 1366 1002 1392 filio
1016 1374 1108 1399 quon-

105 1412 175 1440 dam
192 1413 326 1447 magistri
347 1414 380 1440 Β.
402 1414 516 1446 Judaei,
539 1414 673 1441 concedit
693 1417 726 1440 ut
748 1414 778 1440 in
802 1414 964 1448 parochiali
985 1415 1109 1441 eeclesia

52 1494 58 1499 ⁴
104 1461 141 1488 de
161 1460 330 1493 Triburem,
348 1470 434 1495 quam
454 1462 490 1488 de
510 1470 584 1489 novo
600 1470 629 1488 se
646 1461 824 1496 proponebat
840 1462 980 1488 canonice
995 1470 1108 1489 assecu-

102 1510 178 1541 tum,
193 1517 259 1535 cum
273 1508 368 1543 ipsum
382 1512 526 1543 oporteret
538 1510 568 1536 in
580 1510 704 1536 ecelesia
716 1510 818 1536 Sancti
830 1510 972 1537 Johannis
983 1510 1108 1543 Magun-

104 1555 172 1589 tini,
194 1556 306 1583 ratione
326 1557 509 1591 praebendae
525 1566 608 1590 suae,
631 1558 821 1584 residentiam
844 1559 948 1590 faeere,
966 1558 1108 1592 pervica-

102 1603 180 1630 rium
211 1607 384 1639 perpetuum
412 1606 510 1632 valeat
537 1605 693 1632 deservire.
724 1620 755 1624 ——
783 1606 868 1637 (nm.
895 1606 938 1637 18,
962 1606 982 1632 f.
1008 1606 1041 1633 59
1066 1609 1106 1639 r⁰;

101 1660 172 1679 ann.
188 1653 241 1685 IX,
258 1661 282 1679 c.
300 1653 367 1685 174;
386 1668 417 1671 —
434 1654 470 1680 cf.
489 1654 657 1681 Pnassrrr‘ri
673 1654 758 1686 3245;
779 1669 809 1672 —
826 1655 863 1680 ef.
878 1661 973 1687 supra,
993 1663 1021 1680 n.
1038 1654 1108 1681 1996

100 1703 130 1728 et:
144 1699 236 1732 2176.)

144 1826 157 1841 «
183 1815 345 1849 I'Villelmo,
364 1816 511 1844 canonico
530 1815 637 1844 Sancti
661 1816 812 1844 Johczmzis
829 1816 1020 1852 Magantini,
1043 1816 1108 1852 filio

101 1866 258 1904 quondam
280 1868 424 1904 magistri
446 1868 478 1895 B.
503 1867 601 1896 Judei.
630 1867 818 1905 Apostolice
841 1867 935 1897 Sedis
953 1867 1108 1905 benigni-

102 1922 153 1948 tas
168 1935 217 1948 —.
233 1919 306 1948 Dat.
325 1919 467 1954 Perusii,
482 1920 528 1949 VI
543 1919 702 1949 kalendas
719 1920 863 1957 augusti,
877 1929 964 1950 anno
981 1929 1077 1949 nono.
1091 1932 1105 1947 n

174 2113 290 2144 2⁷¹2
643 2116 779 2147 Pe'rouse,
795 2116 829 2143 28
841 2116 940 2150 juillet
955 2116 1033 2143 1235.

139 2177 284 2211 Episcopo
307 2178 456 2204 Asculano
476 2178 598 2205 mandat
620 2182 778 2212 quatenus,
804 2193 836 2197 —-
859 2188 925 2206 eum
948 2179 1106 2206 Tranensis

102 2225 341 2259 archiepiscopus
357 2234 442 2259 super
461 2225 642 2259 subjectione
660 2234 747 2260 quam
764 2226 794 2252 in
812 2227 987 2253 monasterio
1002 2227 1105 2254 Sancti

69 2301 74 2306 ‚
103 2272 253 2300 Samuelis
269 2273 304 2299 de
320 2274 438 2306 Barulo,
454 2274 755 2301 Praemonstratensis
770 2275 896 2307 ordinis,
915 2275 945 2302 in
961 2275 1105 2302 Tranensi

103 2321 230 2348 dioecesi
243 2322 412 2354 constituto,
425 2322 619 2349 contendebat
631 2322 747 2355 habere,
762 2323 935 2356 apostolicas
946 2323 982 2350 ad
996 2324 1105 2350 Baren-

103 2377 164 2396 sem
181 2369 435 2403 archiepiscopum
451 2370 564 2396 litteras
578 2370 774 2404 impetrasset,
787 2373 815 2397 et
829 2370 906 2397 idem
921 2371 1059 2398 Barensis
1072 2371 1104 2398 in

101 2417 239 2445 abbatem
257 2421 283 2444 et
302 2421 480 2445 conventum
500 2418 631 2452 ejusdem
651 2419 832 2451 monasterii,
849 2422 911 2452 post
929 2419 1104 2453 appellatio-

103 2474 171 2492 nem
188 2465 365 2499 legitimam,
388 2466 541 2493 interdicti
564 2467 742 2493 sententiam
766 2468 992 2501 promulgasset,
1016 2476 1103 2502 quam

102 2515 206 2547 iidem,
224 2515 421 2549 postmodum,
436 2515 537 2541 confisi
553 2515 588 2542 de
602 2515 769 2549 praedictae
782 2517 990 2550 appellationis
1004 2516 1104 2544 suffra-

103 2563 165 2597 gio,
190 2571 247 2589 non
267 2568 474 2595 servaverant;
497 2572 563 2590 cum
587 2568 685 2590 autem
712 2567 772 2590 tam
801 2572 886 2598 super
906 2565 1104 2598 appellatione

103 2611 256 2646 praedicta
277 2620 364 2645 quam
387 2620 473 2645 super
497 2612 611 2645 negotio
626 2612 785 2646 principali
804 2612 865 2646 ipse
884 2621 959 2646 papa
977 2612 1104 2647 R[ayne·

101 2658 202 2694 rium],
227 2660 353 2687 Sanctae
373 2660 487 2687 Mariae
511 2660 542 2686 in
563 2660 721 2687 Cosmedin
740 2660 896 2686 diaconum
911 2661 1102 2694 cardinalem,

101 2707 144 2735 eis
169 2708 358 2735 concessisset
383 2708 562 2740 auditorem,
584 2722 615 2726 —
636 2708 793 2734 sufficienti
814 2707 850 2735 ab
870 2708 978 2735 eisdem
999 2709 1104 2736 abbate

100 2758 130 2783 et
156 2760 303 2784 conventu
326 2757 461 2783 cautione
486 2760 618 2790 recepta,
642 2756 717 2790 quod
745 2764 831 2790 super
855 2756 901 2782 his
925 2764 976 2790 pro
998 2757 1104 2790 quibus

99 2804 202 2831 eadem
219 2805 372 2832 interdicti
388 2805 536 2832 sententia
552 2806 644 2831 fuerat
666 2805 789 2838 prolata.
809 2805 832 2831 si
855 2813 918 2831 eam
938 2805 1103 2832 eonstiterit

99 2852 319 2880 rationabiliter
342 2861 403 2879 esse
427 2854 533 2885 latam,
557 2853 707 2880 Ecclesiae
732 2853 871 2879 mandato
896 2856 1044 2887 parerent,
1065 2854 1102 2880 ad

100 2902 248 2928 cautelam
267 2902 403 2928 relaxans
421 2901 570 2933 eamdem,
594 2910 680 2935 super
693 2910 725 2928 eo
747 2901 822 2935 quod
838 2901 972 2928 eamdem
988 2904 1102 2928 senten-

1196 325 1267 351 tiam
1284 334 1339 352 non
1354 331 1555 361 servaverant,
1568 329 1687 355 cumeis
1698 328 1855 362 dispenset.
1869 342 1900 347 —
1915 329 2000 360 (Rae.
2013 329 2056 361 18,
2074 329 2191 361 r.591··;

1195 381 1263 400 ann.
1280 374 1332 407 IX,
1349 383 1373 401 c.
1391 375 1465 406 175.)

1236 485 1248 499 α
1266 495 1284 501 ..
1302 475 1435 511 episcopo
1451 475 1612 503 Asculano.
1632 475 1674 504 Ex
1693 480 1782 513 parte
1799 475 1926 505 abbatis
1939 493 1987 505 —.
2004 477 2076 506 Dat.
2095 477 2192 506 Pern-

1194 524 1247 559 sii,
1265 525 1294 554 V
1310 524 1468 555 kalendas
1483 527 1626 564 augusti,
1645 536 1730 556 anno
1747 536 1843 557 nono.
1863 539 1875 554 n

1263 700 1382 729 2213

1229 761 1371 796 Episcopo
1388 762 1561 790 Pistoriensi
1589 764 1709 790 mandat
1726 768 1869 798 quatenus
1889 766 2012 792 Hoc-cam
2034 766 2147 793 Mass-au:
2163 772 2191 793 et

1193 813 1320 837 castrum
1343 811 1492 838 Potenzoli
1509 811 1673 839 Orlandino
1688 813 1722 839 de
1739 814 1890 846 I‘orearia.
1908 814 2026 840 nomine
2043 815 2191 842 Ecclesiae

1193 859 1397 891 custodienda,
1418 860 1506 886 faeiat
1522 860 1676 893 assignari.
1695 876 1725 879 —
1742 862 1827 891 (Itan.
1843 862 1886 894 18,
1907 864 1925 888 s.
1942 862 1976 889 59
1990 866 2029 893 r‘’;
2050 871 2118 889 ann.
2138 864 2189 894 lx„

1193 915 1216 933 e.
1234 906 1302 939 176;
1320 921 1351 925 —
1368 908 1405 934 ef.
1420 915 1516 940 supra,
1532 908 1645 935 n.1120
1660 912 1686 936 et
1702 910 1794 941 2398.)

1778 704 1912 737 Perouse,
1929 705 1944 731 8
1959 707 2025 731 anat
2042 705 2119 732 1235.

1233 1017 1246 1031 α
1263 1028 1283 1034 ..
1297 1007 1430 1044 episcopo
1448 1008 1635 1036 Pistor-tensi.
1653 1007 1734 1037 Cum
1752 1009 1857 1038 Rocca
1875 1010 1992 1045 Masso,
2011 1020 2083 1039 cum
2101 1012 2192 1040 curia

1191 1065 1268 1092 sua,
1286 1062 1315 1086 et
1333 1062 1476 1087 castrum
1494 1059 1678 1093 Potenzoli,
1699 1068 1758 1089 nec
1781 1069 1844 1089 non
1858 1061 1934 1099 jura
1949 1062 2059 1091 omnia
2079 1071 2140 1100 quc
2159 1063 2190 1091 in

1189 1108 1258 1138 illis
1280 1109 1364 1139 bone
1389 1111 1545 1140 memorie
1562 1112 1613 1145 G.,
1631 1111 1777 1141 marchio
1800 1113 1906 1143 Masse
1930 1119 1959 1143 et
1980 1114 2078 1152 judex
2095 1114 2191 1145 Cala-

1189 1161 1336 1197 ritanus,
1355 1163 1503 1191 noscitur
1521 1162 1688 1196 hahuisse,
1706 1164 1858 1193 dicantur
1875 1165 1915 1194 ad
1934 1167 2113 1195 Romanam
2132 1167 2192 1196 Er-

1189 1214 1324 1244 clesiam
1350 1215 1518 1247 devoluta.
1540 1216 1690 1245 fidelitati
1714 1221 1767 1246 tue
1790 1226 1846 1255 per
1871 1219 2047 1256 apostolica
2071 1219 2190 1257 scripta

1192 1267 1570 1305 mandanmsquatenus,
1581 1268 1607 1297 si
1617 1273 1665 1298 est
1676 1269 1732 1303 ita,
1746 1268 1806 1308 [ea]
1821 1270 1922 1299 nobili
1935 1271 2002 1299 viro
2012 1271 2192 1300 (li-landino

1189 1318 1228 1348 de
1249 1319 1423 1353 Porcaria,
1444 1320 1574 1349 Lucane
1591 1320 1749 1355 diocesis,
1769 1321 1901 1351 nomine
1919 1323 2063 1352 Romane
2082 1323 2192 1352 lit-clv-

1189 1371 1237 1400 sie
1255 1371 1469 1400 custodienda
1485 1371 1627 1401 fideliter
1643 1377 1673 1401 ct
1690 1382 1794 1411 usque
1811 1373 1850 1402 ad
1872 1379 2021 1403 nostrum
2039 1375 2192 1413 benepla-

1189 1422 1290 1451 citum
1304 1423 1487 1457 retinenda,
1503 1428 1674 1461 postquam
1691 1424 1815 1462 abipso
1832 1434 1929 1463 super
1945 1426 2011 1456 hiis
2028 1429 2191 1465 receperis

1185 1475 1426 1513 juramentum,
1445 1476 1639 1505 auctoritate
1663 1481 1773 1505 nostra
1791 1477 1894 1507 facias
1917 1478 2096 1516 assignari:
2115 1488 2192 1508 con-

1189 1526 1382 1557 tradictores
1407 1531 1468 1557 etc.
1495 1528 1568 1557 Dat.
1592 1528 1737 1563 Perusii,
1759 1529 1804 1558 VI
1826 1529 1900 1559 idus
1927 1531 2076 1567 augusti,
2106 1540 2191 1560 anno

1188 1587 1286 1609 nono.
1305 1591 1318 1605 n

1260 1749 1381 1778 2214

1224 1813 1379 1845 Potestati,
1394 1813 1516 1840 consilio
1529 1816 1555 1840 et
1573 1815 1678 1847 populo
1694 1814 1931 1841 Viterbiensibus
1947 1815 1999 1841 sub
2014 1824 2103 1849 poena
2120 1816 2190 1842 [luo-

1188 1869 1253 1888 rum
1268 1862 1386 1888 milium
1399 1870 1563 1888 marcarum
1580 1863 1697 1889 mandat
1715 1866 1858 1896 quatenus
1872 1864 2072 1897 colligationes
2084 1871 2108 1890 et
2125 1874 2190 1890 eon-

1189 1909 1400 1936 foederationes
1414 1918 1485 1943 quas
1500 1910 1633 1938 fecerint.
1648 1911 1791 1942 relaxent,
1806 1914 1832 1937 et
1848 1912 2016 1938 hominibus
2030 1912 2065 1938 de
2079 1912 2190 1938 Montis

1778 1753 1914 1786 Pe'rouse,
1928 1753 1944 1780 8
1959 1756 2025 1780 aeut
2040 1754 2118 1781 1235.

1188 1957 1340 1984 Flaseonis
1364 1957 1399 1984 de
1425 1958 1544 1984 damnis
1571 1959 1612 1985 eis
1635 1959 1728 1985 illatis
1753 1960 1948 1986 satisfaciant.
1973 1975 2004 1978 —
2030 1961 2116 1991 (Rea.
2139 1961 2187 1989 18,

1189 2007 1209 2032 f.
1233 2006 1267 2032 59
1288 2009 1328 2038 r⁰;
1354 2014 1423 2032 ann.
1446 2007 1503 2039 IX,
1525 2015 1549 2033 c.
1574 2007 1642 2039 177;
1667 2022 1698 2025 —
1723 2008 1878 2035 Porrfflsr
1899 2008 1984 2039 9984;
2011 2023 2042 2027 —
2070 2009 2188 2035 Ronm-

1188 2062 1266 2081 BERG
1279 2054 1353 2085 653.)

1229 2167 1242 2181 «
1263 2177 1280 2183 ..
1298 2156 1455 2192 potestati.
1474 2156 1600 2184 consilio
1619 2160 1645 2184 et
1661 2157 1771 2193 populo
1797 2157 2038 2186 Vitc⁷·biensitazs.
2060 2158 2189 2193 Quanto

1187 2208 1304 2237 civitas
1320 2207 1542 2237 Viterhiensis
1559 2225 1604 2236 ——.
1625 2209 1697 2238 Dat.
1717 2209 1862 2243 Perusii,
1880 2210 1926 2239 VI
1946 2210 2020 2239 idus
2037 2212 2185 2248 angusti.

1187 2269 1273 2290 anno
1292 2269 1390 2290 nono.
1409 2272 1422 2286 x»

1258 2437 1380 2465 22¹5

1221 2499 1376 2526 Universis
1398 2500 1533 2527 fidelibus
1554 2500 1613 2527 suis
1634 2509 1684 2534 per
1709 2501 1925 2528 Patrimonium
1949 2501 2025 2528 beati
2052 2503 2130 2529 Petri
2156 2503 2184 2529 in

1186 2546 1293 2574 Tuscia
1315 2548 1483 2574 constitutis
1507 2549 1625 2575 mandat
1649 2552 1791 2582 quatenus
1815 2554 1956 2583 raptores.
1979 2550 2134 2583 1··rae‹l‹‘·ne<
2158 2554 2184 2577 et

1186 2595 1264 2622 fures
1289 2596 1339 2629 qui
1366 2596 1549 2629 provinciam
1578 2597 1671 2630 ipsam
1699 2597 1896 2630 persequendo
1922 2598 2122 2624 dilaniabant.
2150 2599 2185 2624 de

1186 2643 1294 2670 finibus
1310 2645 1369 2670 suis
1385 2645 1545 2678 expellant.
1564 2659 1595 2662 —
1610 2645 1695 2677 (Rea.
1711 2645 1754 2672 18.
1773 2646 1791 2671 s.
1810 2645 1844 2671 59
1859 2649 1904 2677 v⁹;
1919 2654 1988 2671 ann.
2005 2646 2060 2674 lx.
2075 2657 2099 2672 c.
2118 2646 2183 2677 17&

1186 2706 1218 2710 —
1234 2692 1391 2719 Porruasr
1403 2693 1488 2724 9983;
1507 2707 1538 2711 —
1557 2693 1738 2719 Rooaxssano
1752 2693 1826 2723 652.)

1770 2439 1906 2471 Perouse,
1923 2441 1938 2466 4
1953 2443 2019 2467 aot'lt
2037 2441 2114 2468 1235.

1227 2803 1240 2818 ut
1261 2793 1415 2821 L’nit'ersis
1427 2793 1564 2829 fidelibus
1580 2794 1690 2821 nostr1's
1703 2801 1757 2829 pti·
1773 2793 1997 2821 Patrimonium
2017 2793 2094 2820 beati
2105 2794 2185 2821 Petri

1184 2845 1219 2873 in
1237 2845 1343 2874 Tuscia
1362 2847 1542 2874 constitutis.
1563 2844 1743 2873 Audientes
1760 2844 1983 2873 dissensiones
2000 2849 2028 2873 et
2046 2862 2093 2872 —.
2109 2845 2182 2873 Dat.

1185 2897 1326 2933 Perusii‚
1347 2898 1378 2926 II
1395 2906 1498 2926 nonas
1517 2896 1659 2934 augusti.
1679 2905 1763 2925 anno
1781 2905 1876 2925 nono.
1897 2908 1908 2921 ι)
