2423 3487
183 267 239 295 ’219

186 339 210 358 et
228 330 442 364 Basiliaqucnsi
459 328 686 360 archidiaconis,
701 327 897 355 'I'arvisiensis
914 324 1064 355 dioecesis,
1082 321 1181 356 inqui-

186 380 321 406 sitionem
332 378 491 404 committit
504 386 589 411 super
600 376 699 410 pravis
711 375 825 403 actibus
836 373 1041 402 Lascurrensis
1052 370 1180 406 episcopi

187 428 360 454 taciendam.
378 441 409 444 —
426 426 511 457 (ΠΕΟ.
530 425 573 454 18,
594 426 613 451 ἰ.
629 425 659 451 91
680 427 716 455 r⁰;
734 432 803 451 ann.
821 423 877 455 tx,
893 431 916 449 c.
932 422 1006 451 315.)

226 546 238 558 «
258 556 276 561 ..
296 534 396 561 abbati
407 533 512 561 Sancti
527 532 639 564 Severi,
657 536 682 559 e!
697 553 713 558 ..
732 531 764 558 de
778 530 935 558 Leritrtnia
947 533 971 556 et
986 526 1033 565 [..]
1052 526 1182 555 Basilia-

184 585 313 623 1,·v1cn[xi]
327 585 565 617 archidiaconis,
579 583 744 611 :tdurensis
757 587 782 610 et
803 580 1002 610 Tarrisiensis
1018 579 1178 607 clioccsum.

184 640 288 665 Grave
305 635 532 665 dissolutionis
550 635 723 664 incurrens
741 651 789 662 —-.
807 634 907 667 Nam,
926 632 1011 661 sicut
1030 639 1066 660 ex
1090 652 1109 658 ..
1130 638 1183 658 ar-

185 688 368 717 chidiaconi
386 687 490 717 Vallis
506 687 646 721 Veteris,
665 687 700 715 B.
718 686 756 715 de
771 685 905 714 And-ans
922 689 950 713 et
966 681 1183 722 quorumdam

184 741 322 770 aliorum
339 740 570 769 canonicorum
588 737 861 768 Lascurrensium
879 736 1022 766 clamosa
1035 735 1183 764 insinua-

185 794 271 823 tione
290 792 506 831 percepimus,
525 791 662 821 ecclesie
679 790 823 828 predicte
835 788 996 823 canonici,
1010 805 1048 808 —
1063 795 1183 816 concu-

185 846 335 874 binarum
356 844 457 879 illias,
476 853 557 882 quas
576 843 705 881 publice
722 842 883 876 retinent,
903 850 991 870 more
1008 839 1072 869 sibi
1089 847 1183 868 secu-

184 898 301 927 larium
315 897 516 935 copulantes,
534 896 682 926 debonis
695 895 821 933 prefate
834 894 983 923 dotantes
996 896 1026 922 et
1040 891 1183 920 ditantes

185 951 332 982 ecclesie,
345 960 380 979 ac
397 950 466 988 ejus
483 949 630 979 redditus
645 956 702 977 sue
720 947 922 985 applicantes
936 945 1052 975 usibus
1065 952 1184 982 paren-

186 1004 258 1040 tele,
275 1021 313 1024 —
329 1012 386 1032 sue
404 1002 488 1031 bona
506 1014 518 1027 n
539 1001 719 1039 dilapidant
739 1013 751 1026 «
771 999 920 1033 ecclesie,
936 1002 1015 1027 etse
1032 996 1183 1034 turpibus

185 1066 247 1086 non
266 1069 278 1082 2>
296 1056 445 1085 dubitant
462 1068 474 1081 <‹
493 1054 665 1093 questibus
678 1053 877 1082 immiscere.
897 1052 996 1081 Porro
1008 1049 1074 1079 hiis
1089 1057 1184 1078 venc-

185 1109 299 1139 rabilis
316 1110 417 1138 frater
434 1112 544 1137 noster
566 1130 585 1135 ..
607 1105 841 1136 Lascurrensis
859 1104 1031 1142 episcopus
1050 1110 1183 1131 eausam

185 1162 261 1191 dare
277 1161 471 1195 dinoscitur,
485 1160 553 1199 (1111,
571 1177 609 1180 —-
624 1168 713 1188 more
730 1158 814 1187 suris
830 1166 895 1187 non
913 1157 1042 1186 intrans
1059 1164 1116 1193 per
1131 1164 1184 1184 os-

187 1216 283 1249 tium,
305 1214 338 1243 in
357 1213 463 1243 locum
481 1212 632 1247 alterius,
656 1220 753 1250 quem
771 1211 927 1241 canonice
952 1209 1076 1239 sciebat
1099 1208 1184 1239 elec-

186 1274 264 1302 tum,
283 1267 357 1297 licet
374 1284 412 1288 —
429 1266 625 1303 ineligibilis
639 1270 736 1295 esset.
749 1282 787 1286 —
805 1274 838 1294 se
853 1264 929 1293 fecit
943 1263 977 1292 in
995 1263 1184 1300 episcopum

185 1320 370 1349 consecrari
386 1337 435 1347 m.
462 1318 551 1348 Idem
573 1317 709 1357 et[iam],
731 1316 959 1353 irregulariter
982 1315 1015 1344 iu
1040 1314 1185 1352 regulari

186 1376 398 1401 conversatus
415 1371 552 1401 ecclesia
564 1393 571 1406 ‚
592 1380 646 1400 eos
663 1370 718 1408 (1111
736 1369 944 1399 fecundiores
963 1368 1026 1397 sibi
1044 1368 1184 1397 offerunt

186 1425 323 1463 pecunie
336 1425 470 1459 loculos,
486 1424 523 1454 ad
536 1424 668 1453 ordines
680 1427 710 1453 et
724 1423 882 1452 beneficia
895 1426 1070 1460 promovet,
1083 1420 1185 1450 veluti

189 1478 291 1515 magis
308 1478 441 1514 dignos3
461 1481 502 1506 et.
521 1476 695 1513 sacrilegio
710 1480 740 1505 et
756 1475 900 1514 perjurio
913 1478 943 1503 et
958 1473 1032 1503 aliis
1045 1472 1186 1502 diversis

186 1530 382 1560 criminibus
405 1529 603 1564 maculatus,
630 1528 769 1558 aliorum
790 1537 854 1557 non
878 1527 974 1557 audet
992 1530 1099 1555 errata
1116 1534 1187 1555 cor-

189 1584 305 1621 rigere,
324 1592 396 1612 cum
414 1583 533 1612 tacitus
549 1582 619 1620 ipse
638 1581 702 1610 sibi
719 1580 913 1618 respondeat
930 1579 1041 1609 eadem
1059 1588 1104 1613 se,
1124 1586 1186 1616 (1110

188 1636 333 1673 corrig-fit,
353 1635 569 1664 commisisse.
586 1635 719 1669 Verum,
736 1633 891 1663 cumillis
908 1632 1013 1670 culpis
1033 1631 1074 1661 sit
1093 1631 1187 1669 culpa,

189 1689 334 1719 relaxare
353 1688 542 1721 vindictam,
562 1687 682 1725 quibus
697 1691 726 1715 et
743 1686 888 1716 Ecclesie
903 1689 1008 1715 status
1027 1683 1186 1713 subverti-

190 1747 252 1776 tur,
270 1745 310 1773 et,
327 1740 496 1778 gradiente
507 1748 563 1777 per
574 1743 705 1776 arrupta
720 1743 860 1776 pastore.
875 1737 963 1775 gregi
978 1736 1187 1775 precipitium

189 1798 391 1832 preparatur,
419 1792 611 1821 mandamus
642 1796 821 1830 quatenus.
854 1790 1071 1828 personaliter
1096 1798 1187 1818 acce-

187 1848 300 1875 dentes
317 1846 355 1874 ad
373 1845 479 1875 locum
495 1849 522 1873 et
542 1844 700 1873 liabet‘ites
712 1853 768 1881 pre
785 1843 889 1873 oculis
906 1842 1010 1871 solum
1023 1843 1139 1877 Deum,
1159 1842 1187 1870 si

187 1899 367 1939 predictum
386 1899 573 1936 episcopum
591 1907 688 1935 super
702 1897 873 1935 premissis
887 1896 1083 1925 inveneritis
1100 1895 1186 1925 insa-

188 1956 320 1986 matmu,
338 1951 516 1989 inquiratis
536 1960 634 1988 super
650 1950 715 1978 hiis
730 1949 860 1987 plenius
875 1949 1057 1977 veritatem.
1077 1953 1104 1977 et
1124 1957 1186 1986 (1110

187 2006 224 2034 de
248 2005 317 2042 ipso
335 1994 485 2042 episeopo
501 2003 716 2032 10100011115,
734 2002 828 2031 001115
845 2012 901 2039 per
917 2006 1043 2031 vestras
1059 2001 1186 2031 litteras

187 2058 328 2087 tideliter
350 2057 523 2087 intimetis,
546 2060 579 2085 ut
606 2056 639 2084 in
663 2056 729 2085 hiis
746 2055 1065 2093 procedamusjuxta
1088 2054 1184 2092 quod,

187 2110 366 2139 secundum
378 2110 493 2144 Deum,
507 2109 686 2138 viderimus
698 2108 950 2146 procedendum.
963 2109 1000 2137 In
1014 2107 1088 2137 aliis
1099 2116 1185 2142 vero,

187 2162 404 2201 appellatione
430 2166 568 2197 remota,
598 2161 771 2197 &irrigatis
793 2165 821 2190 et
841 2161 1027 2190 reformetis
1051 2161 1185 2195 ibidem,

188 2224 250 2254 que
267 2215 479 2243 cru-rectionis
497 2219 526 2243 et
541 2213 785 2243 reformationis
803 2213 907 2243 officio
925 2213 1083 2243 noveritis
1100 2213 1188 2242 indi-

188 2277 281 2304 001ος
300 2267 556 2296 ‹·ontradictcu·es
573 2270 631 2295 etc.
657 2266 748 2302 Quod
768 2266 795 2295 si
818 2275 881 2295 non
904 2275 1017 2295 omnes
1035 2270 1094 2295 etc.
1114 2267 1185 2295 Ilat.

187 2320 340 2354 Viterbii,
357 2320 417 2349 ΧΥ
434 2319 591 2349 kalendas
605 2319 762 2357 januarii,
784 2327 869 2347 anno
890 2328 985 2347 nono.
1007 2331 1018 2343 1)

213 2496 220 2504 ’
257 2511 372 2538 2882

222 2573 365 2606 Episcopo
377 2572 588 2605 Cumanorum,
601 2575 624 2599 et
643 2571 819 2599 Cenadiensi
832 2571 906 2597 etde
916 2572 1081 2601 Bethleem.
1092 2572 1187 2599 lsltra-

670 2510 800 2540 Yiterbe,
818 2510 850 2536 18
858 2537 859 2540 ,
868 2509 1021 2536 decembre
1037 2510 1114 2536 1235.

187 2621 320 2648 silvanae
340 2621 494 2653 dioecesis,
519 2621 692 2655 praepositis
718 2620 839 2647 mandat
867 2623 1010 2653 quatenus
1038 2621 1185 2654 duplicem

187 2670 386 2704 quaestionem
405 2670 480 2696 inter
494 2670 662 2703 epist-opum
678 2669 915 2696 L‘ltrasilvanum
931 2672 956 2695 et
972 2669 1106 2695 abbatem
1123 2679 1187 2696 eou-

187 2722 368 2752 ventumque
394 2718 563 2744 monasterii
589 2718 624 2744 de
652 2718 756 2750 Clusa,
783 2717 1004 2744 L'ltrasilvanae
1031 2717 1186 2750 ‹elimet-esis,

188 2776 274 2793 unam
297 2776 383 2801 super
399 2767 572 2800 quibusdam
597 2767 735 2798 decimis,
753 2767 875 2792 alteram
900 2774 985 2799 5111101
1008 2766 1188 2798 subjectione

189 2815 279 2848 ipsius
302 2815 486 2848 monasterii,
508 2815 673 2841 olinedieutia
698 2818 724 2841 et
746 2814 813 2841 aliis
836 2813 950 2847 juribus
973 2813 1187 2847 epist-opalilms

188 2866 361 2893 vertentem,
381 2864 491 2897 judicio
509 2865 554 2890 rel
571 2864 724 2890 eoncordia
741 2863 918 2891 terminent:
938 2862 1068 2895 alioquin
1086 2863 1185 2889 eadem

190 2912 300 2945 negotia
322 2912 498 2938 sullieienter
519 2912 660 2938 instructa
682 2911 717 2937 ad
736 2910 927 2945 apostolicum
946 2910 1099 2937 remittant
1119 2920 1187 2937 exa-

901 257 1139 290 neoisrnsss
1161 254 1216 284 DE
1238 246 1460 283 GREGOIRE
1482 254 1541 283 ix.

2205 255 2265 286 220

1265 327 1342 346 men.
1367 334 1398 337 —
1422 319 1508 350 (Rae.
1530 318 1577 351 18,
1600 319 1619 345 t.
1641 318 1672 345 91
1695 321 1732 350 1¹⁰;
1753 326 1822 345 ann.
1845 318 1902 352 IX,
1923 326 1948 345 c.
1969 318 2034 352 316;
2058 333 2089 338 —
2110 320 2265 351 Ροπιιᾼετ

1263 367 1374 399 10068.)

1306 492 1318 506 «
1340 503 1359 508 ..
1378 481 1510 517 episcopo
1531 480 1751 515 Cumanorum,
1773 484 1798 508 ct
1815 502 1836 507 ..
1854 479 2033 510 Genadiensi
2048 486 2074 510 et
2091 503 2113 510 ..
2130 482 2163 511 de
2177 483 2264 513 Bem-

1265 533 1347 567 leem,
1379 532 1584 560 L'ltrasilrane
1609 532 1743 566 diocesis,
1769 532 1941 569 prepositis.
1971 531 2058 562 Olim
2085 533 2263 564 venerabili

1262 584 1366 613 fratre
1389 601 1437 612 —-.
1463 585 1537 614 Dat.
1562 584 1715 618 Viterbii,
1738 584 1799 614 XV
1820 583 1979 614 kalendas
1998 584 2155 623 januarii,
2179 595 2266 618 anno

1263 644 1361 666 nono.
1384 651 1396 664 »

1335 844 1453 871 2883
1753 842 1885 875 Viterbe,
1902 842 1936 869 16
1951 843 2103 871 decembre
2118 844 2194 872 1235.

1300 906 1444 940 Episcopo
1470 904 1667 932 Ambianensi
1698 905 1820 931 mandat
1856 907 1999 938 quatenus
2028 905 2059 932 in
2092 907 2268 936 monasterio

1267 954 1370 983 Sancti
1390 954 1487 981 Salvii
1503 954 1538 981 de
1556 951 1774 988 Monster[i]olo
1790 961 1879 988 supra
1893 961 1984 987 mare,
1998 954 2030 980 in
2051 962 2106 988 quo
2126 955 2266 989 Renerus,

1266 1004 1316 1038 qui
1345 1011 1395 1037 pro
1423 1003 1529 1030 abbate
1559 1011 1588 1029 se
1619 1002 1752 1037 gerebat,
1783 1001 1954 1036 turpissime
1981 1002 2080 1030 vivere
2106 1003 2264 1038 dicebatur,

1266 1052 1390 1085 corrigat
1416 1051 1588 1085 corrigenda
1612 1054 1640 1078 et
1661 1050 1850 1077 reformanda
1874 1051 2020 1077 reformet.
2049 1065 2080 1069 -—
2106 1051 2189 1084 (ΒΕΘ.
2215 1051 2265 1086 18,

1266 1102 1285 1128 t'.
1303 1101 1334 1127 91
1352 1104 1397 1132 v“;
1412 1108 1482 1127 anu.
1501 1100 1558 1133 IX,
1575 1108 1600 1126 e.
1618 1099 1685 1131 317;
1704 1113 1735 1117 —-
1757 1098 1890 1126 Monam
1910 1098 1990 1132 1190,
2007 1099 2027 1125 f.
2042 1099 2115 1130 189.)

1308 1228 1321 1242 1(
1342 1238 1361 1245 ..
1379 1216 1512 1252 episcopo
1525 1214 1734 1243 :tmbianensa
1751 1214 1817 1243 Sua
1834 1212 1929 1242 nobis
1940 1212 2092 1243 Clemens
2106 1217 2136 1243 et
2151 1213 2262 1250 Adam,

1267 1268 1421 1298 monachi
1440 1267 1634 1297 monasterii
1653 1266 1766 1296 Sancti
1784 1265 1886 1296 Salvii
1903 1265 1941 1295 de
1958 1265 2155 1296 Monsterolo
2170 1275 2265 1306 supra

1268 1332 1368 1355 mare,
1386 1321 1623 1351 Ambianensis
1639 1319 1791 1354 diocesis,
1807 1319 2033 1349 insinuatione
2047 1323 2267 1351 monstrarunt

1269 1375 1354 1413 quod
1371 1376 1533 1408 Renerus,
1550 1373 1606 1412 11111
1625 1382 1680 1411 pro
1693 1381 1806 1402 eorum
1824 1371 1940 1402 abbate
1953 1381 1987 1401 se
2004 1372 2098 1410 gerit,
2114 1371 2151 1402 dc
2163 1373 2266 1411 511010-

1268 1429 1339 1463 nia,
1360 1427 1520 1466 perjurio,
1539 1426 1797 1461 incontinentia,
1817 1425 2052 1463 dilapidatione
2069 1429 2099 1455 et
2115 1425 2188 1456 aliis
2203 1425 2268 1456 cri-

1268 1481 1415 1511 minibus
1430 1480 1574 1518 graviter
1585 1480 1778 1513 infamatus,
1794 1478 2020 1508 consessiones
2037 1477 2100 1508 sibi
2117 1478 2268 1508 confiten-

1268 1535 1351 1564 tium
1368 1534 1444 1563 aliis
1461 1533 1584 1572 aperit3
1604 1537 1633 1562 et
1651 1532 1736 1561 idem
1754 1531 1920 1570 quandam
1938 1531 2154 1567 meretricem,
2172 1540 2266 1571 quam

1268 1587 1400 1626 publice
1417 1586 1597 1621 detinebat,
1617 1585 1735 1623 nuptui
1754 1584 1899 1620 tradidit,
1915 1588 1946 1614 et
1962 1602 2001 1606 —
2018 1585 2104 1614 inter
2120 1584 2221 1623 ipsam
2237 1588 2268 1617 et

1269 1641 1377 1670 virum
1394 1648 1502 1673 suum,
1523 1638 1717 1668 anctoritate
1735 1637 1785 1667 vel
1802 1637 1913 1667 verius
1929 1637 2112 1667 temeritate
2127 1636 2265 1675 propria,

1270 1694 1307 1723 de
1317 1694 1403 1723 sacto
1415 1692 1592 1721 divortium
1603 1691 1765 1721 celebravi
1773 1695 1792 1725 t,
1804 1690 1912 1720 minas
1922 1690 2036 1720 mortis
2046 1690 2115 1720 viro
2125 1689 2269 1728 predicto

1269 1746 1434 1775 inserens.
1451 1745 1478 1774 si
1492 1749 1623 1783 propter
1635 1744 1695 1774 1100
1710 1744 1747 1774 de
1762 1747 1870 1773 cetero
1884 1743 1918 1772 in
1931 1743 2000 1782 ejus
2012 1742 2176 1781 presentia
2186 1751 2268 1773 com-

1269 1803 1409 1837 pareret.
1423 1798 1577 1828 Ceterum
1595 1797 1679 1826 idem
1698 1798 1860 1831 Renerus,
1879 1795 1970 1825 horis
1986 1795 2152 1825 canonicis
2167 1795 2270 1826 inter-

1270 1860 1341 1881 esse
1365 1855 1395 1880 et
1417 1850 1597 1888 capitulun'i
1620 1850 1713 1887 juxta
1734 1849 1785 1878 sui
1811 1852 1934 1878 statuta
1957 1847 2082 1878 ordinis
2107 1847 2268 1879 celebrare

1269 1913 1333 1933 non
1352 1912 1483 1937 curans,
1502 1907 1591 1932 extra
1608 1901 1837 1931 dormitorium
1859 1910 1995 1939 sompno
2011 1904 2041 1931 et
2063 1900 2270 1930 refectorium

1270 1966 1303 1986 se
1322 1956 1393 1985 cibo
1415 1955 1578 1990 reficiens,
1598 1954 1631 1983 in
1650 1963 1780 1984 camera
1800 1963 1870 1989 sua,
1891 1962 1964 1983 cum
1985 1953 2180 1992 quibusdam
2195 1961 2268 1992 pue-

1269 2010 1327 2044 ris,
1346 2019 1363 2039 a
1387 2008 1508 2047 quibus
1526 2007 1584 2047 [in]
1603 2007 1750 2037 servitiis
1772 2007 1842 2036 suis
1861 2006 2039 2041 assistitur,
2058 2011 2089 2036 et
2111 2005 2269 2044 suspectis

1271 2061 1478 2096 mulieribus,
1492 2062 1694 2099 frequenter,
1707 2059 1888 2097 splendide,
1901 2067 2005 2097 usque
2017 2058 2057 2088 ad
2068 2058 2268 2093 ebrietatem,

1270 2115 1392 2144 clausis
1409 2114 1533 2152 januis,
1553 2112 1714 2151 epulatur,
1738 2116 1767 2141 et
1786 2111 1868 2142 alias
1885 2111 1968 2141 bona
1987 2111 2065 2140 dicti
2080 2109 2272 2140 monasterii.

1270 2169 1305 2197 in
1322 2167 1465 2197 tiliorum
1481 2170 1510 2195 et
1523 2165 1781 2195 concubinarum
1796 2173 1930 2195 suarum
1945 2172 2141 2194 consumens
2155 2162 2267 2197 abusu,

1270 2220 1442 2250 monachis
1459 2219 1529 2249 suis
1548 2218 1736 2248 necessaria
1752 2217 1918 2247 subtrahit
1935 2221 1965 2247 et
1980 2216 2068 2246 bladi
2085 2225 2148 2246 non
2167 2214 2271 2246 modi-

1271 2283 1341 2303 cam
1357 2273 1575 2312 quantitatem
1597 2280 1654 2309 pro
1670 2280 1790 2308 magna
1806 2270 1945 2308 pecunie
1962 2278 2091 2299 summa
2108 2267 2266 2299 distraxit.

1270 2327 1393 2356 Etcum
1407 2325 1513 2355 dictus
1525 2324 1694 2359 Clemens,
1709 2323 1857 2362 ejusdem
1872 2321 2064 2352 monasterii
2077 2319 2269 2352 desolationi

1270 2378 1483 2416 compatiens,
1505 2376 1655 2406 abbatem
1674 2376 1781 2414 ipsum
1800 2379 1835 2405 ut
1853 2374 1892 2404 ab
1908 2374 1975 2404 hiis
1992 2374 2180 2408 desisteret,
2198 2371 2269 2410 plu·-

1269 2431 1335 2461 1-105
1352 2430 1551 2464 monuisset,
1571 2433 1601 2459 et
1618 2428 1657 2458 ob
1674 2428 1735 2458 hoe
1754 2428 1793 2457 ad
1809 2431 1955 2457 nostram
1972 2426 2118 2456 duxisset
2135 2424 2270 2455 audien-

1271 2485 1349 2514 tiam
1366 2483 1608 2522 appellandum,
1628 2482 1725 2517 idem,
1744 2485 1852 2511 motus
1869 2490 1906 2510 ex
1922 2480 1984 2510 hoc
2000 2479 2142 2517 graviter
2160 2481 2270 2508 contra

1268 2538 1390 2575 ipsum,
1407 2547 1422 2565 a
1436 2534 1823 2574 quibusdamjuvenibus
1840 2532 2011 2563 monachis
2027 2531 2132 2570 ipsius
2145 2539 2270 2561 monas-

1270 2590 1345 2620 terii
1361 2590 1437 2619 fecit
1458 2598 1531 2618 eum
1550 2588 1670 2617 aeriter
1690 2586 1869 2616 verberari.
1892 2586 1977 2622 Quia
1994 2593 2070 2615 vero
2091 2583 2184 2613 nobis
2205 2590 2271 2612 non

1270 2643 1418 2672 constitit
1439 2642 1476 2671 de
1499 2641 1684 2680 premissis,
1706 2639 1902 2669 mandamus
1919 2642 2096 2677 quatenus,
2113 2653 2151 2658 -—
2166 2635 2270 2666 eidem

1270 2695 1470 2725 monasterio
1484 2694 1627 2723 otlieium
1643 2692 1844 2722 visitationis
1859 2691 2065 2730 impendens,
2081 2689 2224 2726 corrigas
2239 2690 2271 2717 et

1269 2749 1429 2778 reformes
1457 2747 1577 2776 ibidem
1594 2770 1599 2781 ,
1633 2754 1696 2784 11110
1727 2744 1940 2775 correctionis
1969 2747 1998 2774 et
2027 2739 2270 2773 reformationis

1270 2802 1375 2831 officio
1398 2801 1532 2830 'noveris
1556 2800 1720 2837 indigere,
1747 2803 1811 2828 tam
1828 2798 1862 2827 10
1880 2797 1985 2836 capite
2006 2805 2103 2835 quam
2119 2795 2153 2824 10
2169 2801 2270 2824 mem-

1269 2855 1338 2884 bris
1353 2865 1358 2890 ;
1378 2854 1636 2884 eontradietmes
1653 2856 1714 2882 etc.
1732 2852 1804 2881 Dat.
1824 2850 1983 2886 viterbii,
1999 2849 2095 2879 XVII
2114 2845 2273 2877 kalendas

1266 2908 1424 2947 januarii,
1443 2916 1529 2936 auno
1546 2915 1641 2936 nono.
1664 2918 1676 2931 1>
