2423 3487
189 318 244 348 927
911 315 1148 346 REGISTRES
1172 313 1225 342 DE
1248 307 1469 346 GREGomE
1494 317 1548 346 lx.
2221 316 2280 346 9‘28

192 400 203 411 υ
231 396 292 423 qu·-
309 386 419 413 onmia
439 385 558 413 extimo
577 384 748 413 duodecim
766 383 857 412 milia
874 390 1077 411 marcarum:
1101 379 1190 409 salvo

191 452 201 464 t«
225 439 297 476 jure
316 441 396 467 ott-,¹
422 451 432 462 11

231 558 241 569 ιι
269 544 331 571 Sed
357 543 463 572 dictus
486 546 687 580 procurator.
707 541 797 571 litem
815 540 1039 570 contestando.
1059 538 1189 576 negavit

190 608 201 621 1»
229 605 302 624 vera
320 605 391 625 essa·
415 595 447 623 in
475 594 586 623 libello
611 599 742 622 narrata
760 598 788 622 01
815 593 894 621 dixit
913 592 1012 630 petita
1032 591 1103 620 fieri
1124 600 1188 619 non

192 661 201 673 >1
228 648 357 677 debere.
384 647 453 676 Lite
477 647 578 684 igitur
597 655 705 675 coram
731 646 824 675 nobis
844 645 989 682 legitime
1007 647 1188 673 contestata

190 713 201 725 υ
227 706 254 730 et
281 701 320 729 ab
344 705 482 738 utraque
508 704 597 737 parte
620 699 756 736 prestito
783 698 969 735 calumpnie
987 697 1187 735 juramento.

189 766 202 778 1»
227 753 332 781 dictus
352 752 516 787 Hir-:nicio
536 760 628 780 suam
647 751 865 780 intentionem
879 759 977 787 super
989 754 1075 778 sorte
1088 749 1188 786 petita

189 817 201 831 »
228 810 290 834 tam
307 814 362 842 per
378 805 504 833 litteras
521 804 599 832 dicti
611 803 841 840 'l*[lleoderici].
857 802 1066 832 Coloniensis
1084 801 1188 830 archi-

189 870 201 884 »
227 857 381 895 episcopi.
400 866 496 895 quam
516 865 572 894 per
588 855 719 893 publica
737 856 958 884 instrumenta
978 855 1010 883 in
1025 854 1188 893 judicium

189 923 201 936 »
227 920 333 939 coram
365 910 458 938 nobis
484 909 639 946 producta
669 908 834 941 fundarit,
859 908 1067 945 exceptiones
1089 915 1189 945 quas-

190 976 201 988 »
226 963 298 991 dam
324 967 413 1000 parte
437 962 539 991 altera
562 965 755 999 opponente.
782 960 815 988 in
836 969 975 998 quarum
996 960 1188 997 probatione

188 1029 200 1041 »
227 1017 259 1044 111
278 1015 417 1044 diversis
437 1014 500 1043 sibi
525 1013 700 1052 Pruvin[i].
726 1013 874 1042 Bononio
896 1017 923 1042 et
947 1014 1051 1042 Rome
1074 1013 1188 1042 termi-

187 1080 199 1093 »
225 1067 276 1097 nis
295 1066 472 1104 assignatis
488 1066 618 1095 defecit.
637 1066 704 1094 Nos
721 1065 834 1102 igitur,
851 1065 973 1093 auditis
990 1064 1068 1094 binc
1084 1064 1186 1103 [inde]

186 1133 199 1145 υ
224 1120 411 1158 propositis.
431 1119 507 1157 quia
524 1119 670 1156 prefatus
698 1117 862 1155 Huguicio
890 1118 1063 1147 confessus
1081 1122 1127 1147 est
1152 1117 1186 1146 in

186 1184 198 1198 n
220 1172 345 1210 judicio
363 1180 470 1201 coram
488 1171 594 1200 nobis.
613 1170 699 1208 quod
723 1169 918 1208 principalis
949 1175 977 1199 et
1008 1179 1085 1200 vera
1115 1178 1186 1199 sors

185 1237 198 1251 »
224 1225 361 1263 predicti
404 1224 509 1253 mutui
549 1228 675 1252 tantum
714 1227 883 1260 nungente
926 1223 1093 1260 octoginta
1121 1227 1186 1252 tres

186 1292 197 1303 n
225 1288 330 1307 marce
348 1278 454 1307 extitit
484 1276 753 1313 sterlinguorum,
776 1280 807 1305 et
837 1285 871 1305 se
902 1284 937 1305 ac
968 1280 1186 1305 memoratum

185 1344 196 1356 n
222 1332 355 1360 fratrem
382 1339 477 1359 suum
501 1329 694 1367 expendisse
724 1328 882 1357 ducentas
908 1329 1074 1366 octoginta
1099 1338 1186 1357 mar-

184 1397 196 1410 »
222 1394 275 1413 cas
295 1384 552 1420 sterlinguorum
578 1383 609 1411 in
629 1382 859 1411 advocatorum
890 1381 1022 1411 salariis
1053 1386 1083 1411 et
1110 1381 1186 1411 aliis

184 1450 196 1463 »
222 1437 419 1467 necessariis
438 1445 494 1473 pro
512 1435 623 1465 eodem
650 1435 873 1472 recuperando
890 1435 1011 1470 debito„
1027 1440 1185 1473 preeunte

183 1503 195 1516 »
222 1495 332 1519 nostra
357 1489 532 1518 taxatione.
560 1488 695 1527 jtltavit,
722 1497 781 1517 nec
806 1497 870 1518 non
896 1488 1037 1526 dampna
1054 1492 1185 1526 propter

183 1556 195 1569 »
221 1543 280 1572 hoc
298 1542 493 1580 multiplicia
510 1542 703 1575 incurrisse,
722 1550 784 1579 que
802 1541 939 1578 triginta
955 1546 1080 1579 septem
1098 1550 1185 1570 mar-

184 1608 196 1621 »
222 1605 333 1626 carum
363 1595 560 1625 excedebant
595 1594 764 1623 valorem:
784 1597 913 1631 recepto
943 1594 1068 1624 domini
1103 1603 1184 1632 pape

185 1662 196 1675 »
223 1649 374 1678 mandato
396 1648 435 1677 ad
463 1648 660 1677 senteutiam
680 1647 926 1685 proferendam,
954 1647 1067 1677 habito
1084 1648 1184 1677 etiam

184 1714 196 1728 »
221 1702 418 1740 prudentum
436 1702 592 1735 virorum.
607 1705 637 1730 et
655 1700 843 1738 specialiter
861 1701 1062 1730 venerabilis
1080 1701 1184 1739 patris

184 1767 196 1781 >v
222 1755 346 1784 domini
366 1754 486 1791 Egidii.
512 1754 706 1784 Sanctorum
724 1753 840 1783 Cosme
867 1759 897 1783 et
927 1754 1082 1783 Damiani
1112 1754 1183 1783 dia-

183 1820 196 1833 »
221 1808 293 1837 coni
311 1807 500 1836 cardinalis.
521 1806 671 1836 consilio.
693 1810 819 1844 partem
839 1807 918 1836 dieti
943 1807 1184 1845 archiepiscopi

183 1873 195 1887 »
222 1867 252 1891 et
265 1861 373 1899 ipsum
390 1860 685 1898 archiepiscopum,
697 1860 765 1898 qui,
780 1859 973 1889 multotiens
990 1865 1020 1889 et
1038 1869 1182 1898 peremp-

183 1926 195 1939 »
222 1913 302 1942 torie
322 1913 361 1942 ad
385 1913 583 1942 sententiam
615 1912 812 1941 audiendam
841 1913 972 1946 citatus,
1004 1922 1063 1942 nec
1094 1913 1185 1942 venit

183 1979 195 1992 »
222 1976 279 1995 nec
298 1966 389 1995 misit
405 1966 559 1995 idoneum
576 1965 812 2003 responsalem.
828 1974 892 1995 non
910 1965 1060 1995 obstante
1078 1966 1184 2004 ipsius

184 2032 196 2045 n
223 2019 372 2048 absentia
390 2018 562 2055 corporali.
585 2018 619 2046 in
645 2018 735 2048 mille
760 2019 916 2048 trecentis
940 2019 1060 2048 marcis
1082 2019 1184 2048 bono-

183 2084 195 2097 »
222 2080 304 2106 rum,
325 2080 481 2099 novorum
499 2075 529 2099 et
550 2070 705 2108 legalium
736 2070 1007 2109 sterlinguorum.
1027 2072 1184 2101 tredecim

183 2136 196 2151 ι
222 2124 335 2154 solidis
352 2128 382 2153 et
399 2128 538 2161 quatuor
555 2123 723 2160 sterlingis
738 2133 794 2161 pro
810 2133 919 2153 marca
933 2124 1080 2163 qualibet
1096 2134 1185 2155 com-

184 2189 196 2203 »
223 2176 389 2215 putandis,
424 2176 505 2213 ipsis
524 2176 651 2205 civibus
684 2177 980 2215 condempnamus.
1001 2178 1033 2207 in
1065 2179 1184 2208 ceteris

185 2242 197 2255 »
223 2229 298 2258 111115
326 2229 358 2257 111
390 2228 502 2258 libello
533 2229 695 2258 contentis
726 2235 850 2267 partem
883 2230 1124 2269 archiepiscopi
1154 2236 1182 2261 et

186 2282 332 2319 »ipsum
370 2281 653 2319 archiepiscopum
690 2283 933 2312 sententialiter
963 2283 1183 2314 absolventes.

186 2347 198 2360 n
225 2334 319 2365 Unde
346 2334 385 2363 ad
406 2335 549 2363 suturam
579 2335 770 2364 memoriam
796 2346 931 2373 presens
949 2338 1108 2375 scriptum
1127 2347 1185 2376 per

187 2399 199 2413 ι»
225 2396 341 2416 manus
357 2386 486 2415 Andree
510 2387 676 2416 scriniarii
698 2388 767 2417 lieri
790 2389 939 2424 fecimus,
960 2390 1064 2419 nostri
1082 2395 1111 2420 et
1130 2400 1184 2421 ve-

186 2452 199 2465 »
225 2438 384 2469 nei-abilis
412 2439 513 2476 patris
542 2439 665 2468 domini
691 2440 799 2477 Egidii
829 2442 1007 2471 cardinalis
1033 2443 1184 2481 jamdicti

185 2505 197 2519 »
224 2492 408 2529 sigillorum
423 2492 607 2521 munimine
626 2492 824 2522 roboratum.
840 2496 956 2524 Actum
972 2497 1086 2526 Rome.
1098 2505 1184 2526 anno

184 2558 197 2572 ι)
224 2545 355 2574 Domini
387 2544 701 2580 MOEOXXXVIIP,
736 2545 916 2576 indictione
946 2548 1039 2578 Xlffl.
1071 2559 1183 2580 mense

183 2610 196 2624 7>
222 2597 344 2631 martii,
364 2597 415 2627 die
444 2598 482 2627 Y.
511 2597 721 2635 pontificatus
752 2598 877 2628 domini
907 2600 1059 2637 Gregorii
1086 2603 1182 2632 VIIII

182 2662 195 2676 »
219 2660 300 2688 pape
325 2659 410 2679 1111110
436 2649 621 2679 undecimo.
640 2651 719 2680 Lata
737 2651 797 2680 fuit
815 2651 874 2681 hec
895 2654 1059 2683 sententia
1076 2655 1109 2683 in
1127 2665 1183 2693 pa-

182 2716 194 2729 »
219 2703 298 2733 latio
317 2703 491 2740 Augusti2,
519 2703 552 2731 in
571 2704 737 2741 presentia
756 2705 906 2741 magistri
936 2706 1107 2738 Bernardi.
1126 2709 1183 2737 do-

181 2769 193 2782 »
219 2756 301 2785 1111111
332 2755 420 2785 Petri
452 2756 606 2791 Morond,
638 2757 788 2793 magistri
821 2757 1182 2795 Caputt'erreiclerico—

181 2822 193 2835 »
219 2817 314 2842 rum,
358 2813 388 2837 et
426 2808 632 2837 dominorum
673 2809 797 2839 Odonis
829 2810 986 2845 Jordani,
1017 2812 1182 2843 Johannis

212 2934 230 2958 t.
247 2933 287 2956 Cf.
303 2933 328 2955 la
340 2935 403 2955 note
420 2934 434 2955 b
448 2932 481 2955 de
496 2932 669 2956 Rooesusnc
686 2933 700 2955 a
714 2937 785 2957 cette
801 2934 886 2964 piece.

208 2978 231 3000 ⁸2.
249 2979 298 2999 lus.
313 2985 320 2999 ε
336 2979 461 3006 auguste.

1277 393 1288 404 »
1314 381 1456 415 Andrvc.
1475 382 1589 412 Jacobi
1608 383 1646 411 de
1671 382 1807 413 Cataldo
1828 387 1860 413 et
1888 382 2053 414 Johannis
2071 383 2201 413 Rustici
2218 382 2279 411 mi-

1276 446 1287 457 »
1314 431 1421 463 litum.
1447 433 1486 461 ad
1507 433 1566 462 bec
1592 434 1723 463 testium
1750 439 1948 471 rogatorum.
1978 435 2016 463 Et
2040 443 2099 471 ego
2116 434 2274 469 Andreas,

1276 485 1431 514 »Sancte
1465 486 1612 515 Romane
1647 486 1792 516 Ecclesie
1814 486 2023 516 scriniarius,
2061 480 2278 516 demandato

1275 549 1286 561 n
1314 537 1514 567 venerabilis
1545 539 1648 576 patris
1677 539 1803 568 domini
1830 539 2007 573 «1011311015.Ἰ
2037 538 2125 568 tituli
2159 540 2278 569 Sancte

1275 602 1286 614 »
1313 590 1470 619 praxedis
1487 590 1662 627 presbiteri
1680 591 1859 621 cardinalis
1877 591 2026 630 predicti.
2045 591 2130 621 1111110
2148 596 2278 621 senten-

1275 655 1286 667 »
1313 642 1392 671 tiam
1410 643 1529 680 scripsi
1544 648 1572 673 et
1591 644 1723 681 signum
1742 644 1816 674 feci.
1833 657 1845 670 »

1340 809 1459 836 4¹74

1304 870 1413 896 Abbati
1435 871 1536 897 Sancti
1561 871 1698 905 Dionysii
1721 871 1910 907 [Hemensisffl
1930 873 2040 899 decano
2061 873 2162 900 Sancti
2186 874 2276 906 Sym-

1271 919 1407 952 phoriani
1425 918 1605 954 [Remensis]
1619 924 1646 946 et
1668 921 1808 954 magistro
1825 922 1954 948 Geram-to
1970 922 2005 948 de
2022 922 2173 953 Lauduno,
2189 930 2276 949 cano-

1844 811 1965 839 Latran.
1983 811 2016 838 18
2032 819 2110 837 mars
2126 811 2204 838 1238.

1272 967 1336 993 nico
1355 968 1505 1000 111-11101151,
1524 969 1645 996 mandat
1661 973 1816 1003 quatenus.
1835 979 1891 996 non
1906 970 2091 997 obstantibus
2107 970 2276 1004 apostolicis

1271 1016 1379 1043 litteris
1395 1017 1431 1043 ad
1448 1018 1616 1051 episcopum
1637 1018 1827 1045 Leodiensem
1847 1027 1897 1053 pro
1919 1019 2024 1046 abbate
2043 1019 2210 1046 Fidemensi
2230 1019 2277 1045 di—

1271 1065 1368 1095 rectis,
1384 1074 1415 1091 ea
1435 1075 1508 1099 quae
1524 1066 1559 1092 de
1574 1067 1657 1093 bonis·
1679 1068 1850 1094 monasterii
1872 1068 2056 1094 Fidemensis
2073 1076 2123 1101 per
2139 1067 2275 1094 eumdem

1269 1114 1417 1146 abbatem,
1436 1118 1499 1148 post
1514 1115 1715 1147 juramentum
1733 1116 1770 1142 ab
1785 1125 1817 1142 eo
1832 1120 1935 1150 sponte
1952 1117 2125 1150 praestitum
2141 1116 2276 1149 Aegidio,

1271 1164 1446 1189 Sanctorum
1462 1163 1585 1190 Cosmae
1599 1166 1625 1190 et
1643 1164 1782 1191 Damiani
1800 1165 1922 1191 diacono
1939 1166 2094 1194 cardinali.
2111 1166 2146 1191 ‹le
2165 1165 2274 1192 eisdem

1270 1211 1353 1237 bonis
1376 1220 1430 1237 non
1448 1212 1626 1243 alienandis,
1643 1213 1772 1239 alienata
1789 1213 1970 1244 invenerint,
1987 1214 2023 1240 ad
2039 1214 2085 1247 jus·
2101 1217 2129 1240 et
2145 1213 2277 1248 proprie-

1269 1263 1360 1286 tatem
1378 1261 1508 1293 ejusdem
1525 1262 1696 1288 monasterii
1715 1266 1861 1293 revocent,
1881 1266 1919 1294 et,
1941 1263 2039 1289 eodem
2057 1263 2162 1289 abbate
2178 1270 2213 1288 ex
2229 1270 2277 1288 eo-

1269 1308 1335 1335 dem
1353 1309 1531 1335 monasterio
1545 1318 1661 1343 prorsus
1675 1314 1782 1342 amoto,
1797 1311 1927 1344 ejusdem
1944 1311 2102 1338 conventui
2117 1311 2277 1345 injungant

1269 1361 1299 1384 ut
1319 1358 1375 1384 sibi
1392 1358 1427 1384 de
1446 1367 1569 1392 persona
1590 1359 1695 1385 idonea
1718 1367 1769 1393 per
1789 1360 1964 1386 electionem
1986 1360 2158 1386 canonicam
2176 1360 2276 1394 provi-

1268 1408 1355 1434 deant
1385 1408 1415 1434 111
1447 1407 1599 1436 abbatem:
1632 1408 1765 1442 alioquin
1791 1408 1847 1442 ipsi
1879 1408 1968 1435 abbas
2003 1408 2105 1435 Sancti
2138 1408 2275 1442 Dionysii

1268 1456 1388 1489 ejusque
1409 1457 1536 1489 collegae
1557 1456 1592 1482 de
1612 1456 1717 1483 abbate
1737 1456 1841 1483 idoneo
1865 1457 1960 1483 eidem
1983 1455 2160 1483 monasterio
2176 1456 2276 1490 provi-

1267 1505 1366 1531 deant.
1393 1519 1424 1522 —
1448 1505 1534 1536 (Rau.
1550 1504 1593 1536 18,
1619 1506 1638 1531 f.
1655 1504 1706 1531 368
1722 1509 1759 1536 r⁰;
1783 1513 1852 1531 ann.
1871 1505 1924 1534 XI.
1942 1514 1966 1531 c.
1982 1504 2047 1535 463:
2073 1520 2103 1523 —
2123 1505 2160 1531 et.
2177 1511 2274 1537 supra,

1268 1558 1296 1580 11⁰
1311 1554 1380 1580 2488
1396 1555 1404 1584 )

1308 1667 1321 1681 «
1346 1677 1363 1683 ..
1383 1655 1483 1683 abbati
1500 1655 1605 1684 Sancti
1621 1655 1764 1689 Dionisit',
1782 1677 1801 1683 ..
1817 1655 1928 1684 decano
1943 1655 2048 1684 Sancti
2061 1655 2276 1693 simphoriani

1266 1713 1291 1736 et
1309 1709 1456 1744 maqistro
1476 1708 1607 1736 Gerardo
1623 1708 1657 1736 cle
1672 1707 1855 1747 Lattdtm[o].
1875 1709 2022 1737 canonico
2044 1707 2273 1747 Remensffbus}

1267 1761 1312 1790 Ex
1331 1765 1423 1798 parte
1447 1760 1641 1790 dilectorum
1660 1760 1804 1790 filiorum
1831 1783 1852 1789 ..
1880 1761 2000 1798 prioris
2019 1765 2050 1791 et
2079 1761 2214 1799 majoris
2243 1765 2276 1790 et

1267 1814 1411 1844 sanioris
1428 1814 1531 1852 partis
1555 1818 1736 1844 conventus
1761 1814 1955 1843 monasterii
1982 1813 2191 1844 Fidemensis
2211 1814 2277 1843 fuit

1267 1867 1472 1905 propositum
1491 1876 1600 1896 coram
1623 1866 1719 1896 nobis
1736 1866 1833 1905 quod,
1854 1876 1928 1896 cum
1947 1866 2026 1896 olim
2049 1867 2274 1897 visitationem

1267 1924 1297 1949 et
1317 1920 1586 1950 reformationem
1603 1919 1750 1958 ejusdcm
1769 1920 1964 1949 monasterii
1988 1943 2008 1949 ..
2028 1919 2131 1958 priori
2147 1919 2275 1950 ordinis

1268 1974 1407 2002 fratrum
1426 1972 1674 2002 Predicatorum
1693 1972 1874 2011 Remen[si]
1889 1977 1919 2002 et
1939 1972 2010 2002 suis
2026 1972 2162 2010 collegis
2178 1972 2275 2001 duxe-

1269 2026 1373 2055 rimus
1404 2025 1674 2055 committendam
1693 2035 1698 2053 :
1717 2025 1829 2059 iidem.
1859 2025 2000 2055 sollicite
2016 2025 2051 2054 in
2071 2025 2275 2055 visitat-ionis

1269 2078 1400 2117 negotio
1422 2078 1657 2116 procedentes,
1685 2087 1876 2116 processum
1901 2087 1959 2116 per
1982 2087 2036 2108 eos
2060 2077 2210 2108 habitum
2235 2077 2275 2107 ad

1269 2136 1414 2162 nostram
1432 2131 1632 2169 presentiam
1657 2131 1872 2165 remiserunt3
1905 2140 2003 2170 quem
2027 2130 2168 2161 dilectus
2184 2130 2274 2160 filius

1269 2190 1380 2215 noster
1398 2184 1572 2223 E[gidius]‚
1596 2185 1791 2214 Sanctorum
1817 2184 1934 2214 Cosme
1964 2189 1995 2214 et
2022 2184 2177 2214 Damiani
2202 2183 2274 2214 dia—

1267 2247 1370 2267 conus
1390 2237 1581 2272 cardinalis.
1607 2237 1645 2267 de
1678 2237 1832 2267 mandato
1852 2242 1963 2266 nostro
1981 2237 2174 2267 examinans
2196 2236 2273 2266 dili-

1266 2296 1393 2328 ⁴genter,
1422 2291 1462 2320 ab
1494 2314 1513 2320 ..
1548 2290 1665 2320 abbate
1699 2299 1735 2320 ac
1759 2291 1808 2324 T..
1837 2290 1946 2328 priore
1971 2290 2009 2320 de
2040 2290 2177 2325 Marla¹‚
2203 2299 2273 2320 rno-

1267 2344 1373 2374 nacho
1404 2344 1598 2374 monasterii
1631 2343 1832 2381 supradicti,
1872 2343 1911 2373 de
1942 2352 2006 2373 non
2037 2343 2273 2374 contrahendis

1267 2397 1399 2431 debitis,
1423 2406 1481 2426 seu
1508 2395 1734 2426 distrahendis
1751 2400 1807 2425 aut
1823 2395 2010 2434 obligandis
2027 2395 2078 2426 vel
2094 2396 2273 2426 infeudan-

1269 2451 1320 2480 dis
1338 2459 1397 2480 nec
1415 2459 1478 2479 non
1492 2450 1531 2479 de
1548 2458 1611 2479 non
1631 2449 1818 2479 alienandis
1837 2449 1933 2478 honis
1954 2448 2113 2488 ejusdem,
2134 2458 2171 2479 ac
2186 2448 2274 2488 quod

1266 2504 1301 2532 in
1321 2503 1442 2532 talibus
1460 2503 1602 2541 propriis
1619 2511 1683 2532 non
1708 2506 1882 2532 uterentur
1905 2501 2037 2539 sigillis,
2061 2501 2185 2540 recepit
2200 2510 2273 2532 cor-

1267 2556 1424 2594 poraliter
1451 2556 1690 2594 juramentum.
1723 2555 1937 2585 Postmodum
1968 2563 2061 2589 vero,
2093 2564 2168 2585 011111
2197 2563 2268 2590 vos,

1266 2609 1386 2647 quibus
1414 2608 1750 2638 amministrationem
1779 2607 1975 2637 monasterii
2006 2607 2187 2646 supradicti
2210 2607 2272 2637 sub

1265 2666 1353 2691 certa
1383 2662 1489 2691 forma
1519 2661 1662 2690 dicimur
1688 2660 1906 2696 commisisse,
1926 2661 2064 2698 prefatis
2081 2660 2271 2691 Fidemensi

1265 2719 1295 2744 et
1312 2714 1350 2744 de
1368 2711 1492 2746 Mat-121²
1508 2713 1675 2752 prioribus
1687 2713 1775 2743 vices
1785 2717 1912 2743 vestras
1925 2712 2221 2751 subdelegaveritis
2236 2713 2271 2742 in

1264 2767 1325 2796 hac
1345 2771 1448 2805 parte„
1476 2766 1551 2804 ipsi,
1578 2770 1754 2796 exonerato
1769 2766 1858 2795 infra
1876 2765 1974 2796 breve
1994 2770 2122 2804 tempus
2138 2774 2272 2796 monas-

1263 2820 1346 2850 terio
1369 2820 1408 2849 de
1434 2819 1634 2857 octingentis
1653 2818 1750 2848 libris
1768 2818 1802 2847 in
1822 2818 1948 2857 quihus
1965 2823 2035 2848 erat
2050 2817 2272 2848 creditoribus

1295 2940 1315 2962 l.
1331 2942 1381 2962 Ms.
1397 2948 1403 2962 .·
1419 2938 1522 2962 Marna.
1540 2952 1569 2956 —
1586 2939 1606 2962 11
1623 2938 1701 2969 s'agit
1715 2939 1749 2962 de
1766 2938 1860 2967 Marte,
1878 2938 1973 2967 Aisne,
1987 2941 2025 2961 art
2039 2937 2073 2962 de
2089 2937 2176 2961 Laon.

1291 2983 1314 3007 ⁶2.
1331 2985 1380 3006 Ms.
1397 2982 1520 3007 :Martta.
