2519 3518
147 261 184 291 29
987 262 1216 299 NEUVIEME
1237 263 1396 301 ANNEE.
2199 285 2238 315 30

146 326 330 365 capitulum
359 328 523 365 rogandos
553 328 706 360 duximus
737 334 861 362 attente
893 337 924 362 et
952 334 1149 368 monendos,

146 378 270 409 nostris
293 379 358 409 sibi
380 380 496 411 dantes
518 381 640 411 litteris
659 382 693 411 in
714 384 878 414 mandatis
900 390 950 421 ut,
977 386 1005 416 si
1027 391 1076 416 est
1093 386 1150 422 ita,

145 431 257 469 ipsum
286 432 326 461 ad
348 433 546 470 premissam
571 434 786 472 prebendam,
818 438 1057 468 consuetudine
1086 447 1152 468 non

145 483 297 514 obstante
313 485 455 522 prefata,
476 485 639 524 recipiant
656 486 840 518 liberaliter
859 489 894 518 in
911 491 1105 520 canonicum
1122 496 1153 521 et

144 536 181 566 in
206 537 346 567 fratrem
374 555 423 567 —.
457 539 531 568 Dat.
560 540 712 575 Perusii‚
746 541 778 570 11
803 541 877 572 idus
903 543 1038 581 aprilis,
1067 552 1153 574 anno

146 598 245 619 nono.
264 601 278 616 »

217 786 338 816 2504
728 791 863 825 Perouse,
877 793 894 819 2
909 793 985 820 avril
1001 794 1079 821 1235.

179 849 324 884 Episcopo
337 849 560 884 Argentinensi‚
578 851 638 885 qui,
656 860 722 878 eum
740 854 950 881 monasterium
966 854 1068 882 Sancti
1082 855 1153 882 Leo-

144 898 230 926 nardi
246 906 298 932 per
313 898 462 925 malitiam
482 900 692 927 monachorum
707 901 866 935 Nigrorum
887 903 918 929 in
937 912 968 929 eo
981 904 1151 937 degentium

142 947 180 974 ad
197 946 350 974 miseriam
370 947 552 981 devenisset,
569 949 732 976 saeculares
753 949 864 977 ibidem
888 951 1043 978 canonicos
1063 952 1151 979 insti-

142 997 256 1028 tuerat,
279 995 427 1029 significat
449 1005 479 1023 se
497 996 572 1030 quod
593 1005 679 1031 super
699 998 752 1025 hoc
772 999 894 1032 fecerat,
916 1000 1098 1026 confirmare.
1119 1014 1150 1019 -

143 1044 230 1076 (ΒΕΘ.
248 1043 292 1077 18,
311 1044 377 1070 f.14
392 1047 430 1076 1¹⁹3
445 1053 515 1071 ann.
533 1045 586 1078 IX,
601 1054 625 1072 c.
642 1045 693 1078 16;
712 1060 743 1064 —
759 1046 915 1074 Pom-uim
928 1047 1019 1079 9873.)

185 1156 199 1171 «
217 1167 238 1173 ..
258 1145 392 1182 episcopo
406 1146 632 1182 Aryencimnsi.
652 1146 726 1176 Hiis
742 1155 804 1184 que
821 1155 878 1185 pro
894 1165 942 1176 —.
960 1148 1029 1177 Tua
1045 1149 1151 1186 siqui-

142 1197 218 1228 dem
238 1197 334 1227 nobis
356 1197 549 1227 fraternitas
570 1198 738 1227 intimavit
761 1199 861 1237 quod,
889 1208 963 1229 cum
984 1204 1152 1230 monaste-

142 1250 232 1280 rium
254 1250 366 1280 Sancti
389 1250 569 1286 Leonardi,
590 1254 642 1280 tue
659 1251 815 1286 diocesis,
833 1261 891 1289 per
908 1252 1068 1281 malitiam
1085 1261 1150 1282 mo-

142 1302 328 1333 nachorum
354 1303 535 1340 Nigrorum
561 1303 640 1332 olim
667 1303 857 1341 degentium
887 1305 922 1333 in
950 1305 1080 1334 eodem.
1111 1305 1151 1335 ad

142 1359 271 1386 tantam
291 1355 464 1385 miseriam
482 1355 684 1391 devenisset,
708 1356 794 1394 quod
811 1365 875 1385 non
892 1357 959 1386 nisi
978 1366 1064 1387 unus
1082 1366 1150 1387 mo-

141 1408 271 1438 nachus
287 1408 504 1444 remansisset
520 1408 555 1437 in
572 1417 625 1443 eo,
643 1408 739 1438 bonis
757 1409 903 1447 ejusdem
922 1409 1101 1439 mobilibus
1119 1414 1151 1439 et

141 1460 373 1491 immobilibus
396 1461 466 1490 fere
493 1460 648 1490 omnibus
668 1461 812 1491 venditis
835 1465 866 1491 et
889 1461 1066 1497 distractis,
1090 1471 1150 1492 nec

143 1518 231 1545 esset
254 1522 329 1552 spes
351 1513 463 1552 aliqua
485 1513 572 1552 quod
594 1513 628 1543 in
650 1522 708 1543 suo
725 1514 839 1543 ordine
855 1514 906 1544 vel
924 1514 988 1544 alio
1005 1514 1150 1552 regulari

140 1567 319 1598 reformari
335 1566 460 1596 valeret
478 1576 484 1595 :
502 1570 546 1602 tu,
567 1575 607 1596 ne
625 1566 716 1596 locus
732 1566 789 1596 ille
805 1567 917 1596 divino
933 1567 1024 1597 cultu
1039 1567 1149 1605 priva-

140 1623 234 1650 retur
250 1620 397 1655 omnine,
414 1619 454 1649 ad
465 1619 536 1658 ejus
552 1618 787 1649 relevationem
804 1619 991 1655 intendens,
1009 1628 1084 1648 cum
1101 1618 1148 1658 [..]

140 1673 252 1711 priore
271 1673 310 1703 dc
329 1672 439 1703 Salem
456 1672 593 1711 ejusque
610 1672 751 1709 collega,
773 1672 829 1710 qui
846 1672 884 1701 de
901 1672 1054 1701 mandato
1073 1680 1149 1701 nos-

141 1730 192 1756 tro
208 1726 425 1756 visitaverant
442 1724 550 1755 locum
571 1725 696 1762 ipsum,
717 1724 954 1753 deliberatione
977 1723 1149 1762 prehabita

141 1778 307 1817 diligenti,
325 1782 354 1808 et
367 1777 503 1816 capituli
515 1777 771 1815 Argentinensis
785 1776 958 1806 accedente
971 1785 1146 1810 consensu,

141 1831 310 1862 seculares
337 1830 461 1860 ibidem
488 1830 664 1859 canonicos
687 1829 862 1858 instituere
889 1829 1064 1861 curavisti,
1092 1837 1149 1866 per

141 1892 285 1923 quorum
308 1883 516 1921 diligentiam
542 1882 633 1911 locus
658 1882 744 1920 ipse,
771 1886 836 1910 tam
859 1881 894 1910 in
918 1880 1148 1918 spiritualibus

141 1945 243 1976 quam
265 1935 513 1974 temporalibus,
537 1934 622 1972 cepit
642 1933 853 1963 laudabiliter
874 1933 1050 1970 respirare.
1069 1932 1148 1962 Tuis

139 1989 244 2027 igitur
265 1988 564 2027 supplicationibus
586 1987 767 2024 benignum
789 1986 1016 2023 impertientes
1037 1993 1148 2014 assen-

141 2051 233 2078 sum,
259 2041 345 2080 quod
365 2050 463 2078 snper
485 2040 545 2069 1100
568 2049 585 2069 a
608 2044 636 2069 te
660 2039 721 2068 rite
743 2047 779 2067 ac
796 2038 929 2076 provide
945 2038 1069 2067 factum
1086 2041 1145 2071 est,

139 2095 337 2126 auctoritate
358 2093 536 2132 apostolica
552 2092 785 2121 confirmamus
805 2095 835 2120 et
851 2090 1015 2128 presentis
1033 2089 1147 2126 scripti

139 2147 324 2187 patrocinio
348 2145 600 2176 communimus.
626 2143 719 2173 Nulli
742 2152 818 2180 ergo
841 2142 975 2171 omnino
997 2159 1046 2170 —.
1072 2142 1145 2170 Dat.

140 2200 285 2235 Perusii‚
303 2200 371 2229 IIII
389 2207 492 2228 nonas
509 2197 635 2236 aprilis,
654 2205 739 2225 anno
756 2204 854 2225 nono.
875 2208 886 2221 n

211 2399 328 2427 2505
696 2395 836 2427 Pcrouse,
854 2394 885 2420 31
903 2401 979 2420 mars
995 2392 1074 2419 1235.

175 2461 352 2489 Abbatissae
367 2469 401 2487 ac
416 2458 576 2486 conventui
589 2465 751 2492 pauperum
773 2455 949 2482 monialium
965 2455 1145 2481 rcclusarum

136 2510 314 2537 monasterii
330 2510 456 2536 Sanctae
469 2507 583 2534 Mariae
601 2507 636 2533 de
649 2505 838 2539 Virginibus,
853 2503 965 2530 ordinis
978 2502 1072 2529 sancti
1086 2502 1146 2528 Da-

139 2558 456 2593 miani‚·Faventinae
475 2556 630 2588 dioecesis,
648 2554 865 2588 exemptionem
881 2552 918 2579 ab
932 2551 1013 2578 omni
1034 2551 1146 2584 episco-

139 2607 202 2642 pali
228 2607 292 2640 jure
317 2606 358 2632 eis
385 2614 401 2632 a
430 2604 595 2631 Faventino
624 2602 758 2636 episcopo
788 2602 895 2627 factam
925 2599 1089 2625 confirmat.
1113 2612 1145 2615 —

139 2657 227 2688 (Rae.
242 2655 286 2688 18,
302 2656 321 2682 f.
336 2655 370 2681 14
386 2657 423 2686 r⁰;
438 2661 507 2681 ann.
525 2653 578 2684 lx,
595 2660 619 2678 c.
637 2652 686 2683 17;
702 2665 733 2668 —
748 2651 904 2677 Porrnssr
916 2647 1008 2678 9867.)

182 2768 195 2783 «
219 2778 239 2784 ..
261 2756 406 2785 abbatisse
426 2763 462 2783 ac
477 2753 641 2783 convenlui
654 2759 824 2789 pauperum
845 2749 1029 2777 monialium
1047 2747 1145 2775 reclu-

138 2818 245 2839 sarum
275 2808 456 2837 ‘monasterii
486 2807 594 2835 Sancte
621 2805 715 2833 ilai-ie
744 2804 776 2831 dr
810 2802 998 2839 Virginibus,
1027 2799 1146 2828 ordinis

137 2863 239 2892 sancti
250 2862 409 2894 Damiani,
424 2860 590 2888 Faventino
602 2858 736 2886 diocesis.
755 2854 840 2885 Solet
856 2862 1001 2883 annuere
1019 2856 1079 2881 etc.
1095 2868 1142 2879 ——.

138 2916 211 2944 Dat.
232 2913 375 2949 Perusii‚
394 2913 426 2942 Π
444 2911 603 2941 kalendas
621 2908 746 2947 aprilis,
766 2916 850 2936 anno
869 2914 962 2935 nono.
985 2918 995 2929 »v

1306 337 1422 366 2508
1795 345 1930 380 Perousc,
1944 347 1978 375 28
1994 357 2070 376 mars
2086 350 2164 378 1235.

1269 397 1445 427 Abbatissae
1461 404 1489 428 et
1505 404 1683 432 moniaHbus
1703 407 1825 434 reclusis
1846 407 1947 435 Sancti
1968 410 2165 446 Apollinaris,
2188 422 2235 440 or-

1234 445 1313 473 dinis
1331 449 1425 475 sancti
1441 450 1596 485 Damiani,
1618 454 1751 482 concedit
1767 458 1799 482 ut
1815 455 1956 484 beneficia
1975 459 2114 487 ecclesiae
2130 460 2234 489 Sancti

1233 494 1426 530 Apollinaris,
1442 500 1565 526 mortuis
1578 501 1693 528 clericis
1709 512 1741 530 ea
1756 504 1983 539 possidentibufl,
1998 507 2033 533 ad
2048 510 2235 537 sustentatio-

1235 551 1301 570 nem
1318 544 1448 578 ipsarum
1465 549 1624 575 transeant.
1639 564 1669 568 —-
1683 551 1768 582 (neo.
1785 551 1829 585 18,
1844 553 1864 579 f.
1881 553 1914 580 14
1929 556 1975 586 v⁰;
1992 563 2060 582 ann.
2076 556 2128 589 IX,
2143 565 2168 584 c.
2182 558 2234 590 18;

1234 605 1266 609 —
1283 591 1439 620 Porrnasr
1453 594 1546 626 9870.)

1276 703 1288 717 «
1314 715 1334 720 ..
1355 693 1499 723 abbatisse
1516 704 1551 724 ac
1572 698 1756 727 monialibus
1777 701 1901 730 reclusis
1919 702 2026 732 Sancti
2045 705 2233 742 Apolinaris,

1233 744 1352 774 ordinis
1367 748 1467 775 sancti
1482 748 1554 776 Dani
1562 749 1638 777 iani.
1654 749 1736 780 Cum
1752 750 1831 780 olim
1843 752 1925 783 bone
1939 771 1987 783 —-.
2001 755 2073 785 Dat.
2090 757 2232 794 Perusii‚

1232 796 1261 825 V
1276 796 1433 827 kalendas
1450 799 1576 837 aprilis,
1594 809 1680 831 anno
1696 811 1791 833 nono.
1814 816 1826 829 n

1305 973 1421 1002 25⁰7

1268 1034 1485 1063 Mediolanensi
1501 1038 1719 1074 archiepiscopo
1735 1042 1856 1070 mandat
1872 1047 2015 1077 quatenus
2030 1050 2111 1074 curet
2126 1050 2158 1075 ut
2173 1051 2234 1076 sta.-

1233 1084 1329 1109 tutum
1350 1083 1452 1110 datum
1467 1085 1504 1112 ab
1518 1084 1679 1121 [Henrico],
1703 1089 1923 1125 archiepiscopo
1938 1091 2169 1129 Mediolanensi,
2186 1097 2233 1131 ip-

1232 1130 1292 1157 sius
1316 1132 1530 1168 archiepiscopi
1554 1135 1790 1171 praedecessore,
1820 1138 1850 1165 in
1878 1142 2062 1169 concessione
2093 1145 2233 1172 ecclcsiae

1233 1178 1335 1206 Sancti
1348 1181 1531 1214 Apollinaris
1548 1184 1625 1210 facta
1641 1185 1818 1213 monialibus
1832 1188 1926 1214 sancti
1942 1189 2092 1224 Damiani,
2105 1192 2233 1220 inviola-

1232 1226 1332 1254 biliter
1350 1228 1529 1257 observetur.
1545 1245 1576 1249 —
1597 1232 1682 1263 (Rnc.
1699 1233 1748 1266 18,
1771 1234 1792 1260 f.
1812 1235 1844 1261 14
1865 1239 1910 1269 v⁰;
1932 1246 2001 1264 ann.
2019 1239 2076 1272 IX,
2094 1248 2118 1266 c.
2135 1241 2182 1274 193
2200 1256 2233 1260 —

1231 1274 1388 1304 Porrrmsr
1403 1277 1495 1309 9871.)

1795 980 1931 1015 Percuse,
1944 982 1978 1010 28
1992 992 2069 1012 mars
2082 986 2161 1013 1235.

1274 1388 1287 1402 «
1313 1399 1334 1404 ..
1357 1378 1581 1416 archiepiscopo
1605 1381 1833 1412 Mediolanensi.
1864 1384 1947 1415 Cum
1970 1386 2048 1415 olim
2074 1387 2157 1418 bone
2182 1406 2233 1420 —.

1231 1429 1304 1458 Dat.
1323 1434 1357 1458 ut
1374 1439 1484 1468 supra.
1505 1443 1517 1457 ι)

1303 1606 1420 1634 2508

1266 1658 1409 1702 Episcopo
1424 1669 1617 1698 Dunelmensi
1640 1672 1787 1707 significat
1807 1684 1836 1701 se
1859 1685 2057 1712 quascumque
2076 1681 2232 1713 possessio—

1230 1723 1291 1748 nes,
1304 1723 1505 1751 quaecumque
1517 1718 1591 1746 bona
1603 1720 1666 1754 ipse
1677 1722 1828 1756 episcopus
1842 1729 1869 1751 et
1880 1725 1942 1758 ejus
1954 1727 2184 1760 praedecessores
2196 1730 2232 1757 ab

1229 1763 1352 1797 antiquo
1375 1765 1412 1792 ad
1437 1766 1637 1801 episcopatum
1664 1770 1893 1799 Dunelmenscm
1919 1776 2096 1807 spectantia.
2120 1777 2232 1804 Duncl-

1231 1812 1340 1838 mensis
1356 1813 1497 1841 ecclesiae
1513 1816 1646 1849 nomine,
1663 1819 1859 1853 possederint,
1876 1821 1932 1855 ipsi
1949 1823 2068 1857 ejusque
2086 1833 2232 1853 successo-

1230 1859 1325 1892 ribus,
1342 1864 1370 1887 et
1392 1870 1443 1895 per
1463 1863 1540 1896 ipsos
1560 1865 1656 1891 eidem
1673 1867 1813 1894 ecclesiae
1832 1870 2013 1897 confirmare.
2032 1887 2063 1890 —
2079 1873 2164 1904 (ΠΕΟ.
2182 1874 2230 1906 18,

1230 1908 1250 1934 f.
1268 1908 1301 1935 14
1316 1912 1361 1941 νος
1378 1918 1447 1936 ann.
1465 1911 1518 1944 IX,
1535 1920 1559 1938 c.
1576 1912 1633 1944 20.)

1807 1614 1942 1648 Percuse,
1959 1616 1975 1642 3
1990 1617 2066 1644 avril
2083 1618 2160 1645 1235.

1272 2021 1285 2035 «
1301 2032 1320 2037 ..
1334 2011 1467 2048 episcopo
1482 2012 1688 2043 Dunelniensi.
1702 2015 1808 2045 Justis
1822 2018 2004 2054 petentium
2015 2023 2076 2049 etc.
2089 2038 2137 2049 —.
2155 2022 2230 2051 Dat.

1231 2061 1373 2096 Perusii,
1392 2063 1442 2092 III
1458 2071 1562 2094 nonas
1579 2065 1704 2103 aprilis,
1723 2075 1810 2097 anno
1825 2077 1922 2098 nono.
1945 2082 1957 2096 n

1300 2245 1418 2273 2509

1263 2307 1492 2344 Archiepiscopo
1506 2311 1646 2339 Toletano
1660 2314 1781 2341 mandat
1795 2319 1937 2349 quatenus
1951 2325 1983 2344 ea
1999 2326 2072 2352 quae
2085 2327 2135 2353 per
2150 2319 2229 2347 Mar—

1228 2354 1336 2388 tinum,
1354 2357 1446 2390 ipsius
1467 2358 1601 2386 Toletani
1622 2362 1887 2397 praedecessorem,
1908 2367 1937 2391 et
1956 2366 2029 2392 alios
2051 2367 2175 2394 arbitros
2196 2368 2228 2395 in

1227 2411 1314 2431 causa
1334 2405 1412 2432 inter
1428 2405 1644 2443 R[oderieum]‚
1661 2410 1790 2445 episcopi
1812 2412 1968 2445 Seguntini
1990 2417 2059 2441 tunc
2075 2415 2229 2442 existentis

1228 2451 1488 2486 praedecessorem,
1503 2458 1529 2481 ct
1542 2456 1706 2489 capitulum
1721 2458 1929 2493 Seguntinum,
1943 2469 2029 2495 super
2042 2462 2228 2490 institutione

1229 2501 1348 2533 majoris
1374 2502 1496 2534 domus,
1525 2505 1679 2532 camerarii
1707 2509 1735 2533 et-
1761 2507 1917 2535 infirmarii
1944 2510 2069 2544 aliisque
2094 2512 2228 2539 articulis

1227 2552 1337 2581 exorta,
1352 2549 1499 2577 invenerit
1517 2554 1636 2585 statuta,
1656 2554 1743 2581 iaciat
1757 2555 1922 2589 observari;
1940 2557 2059 2592 insuper
2072 2560 2103 2585 in
2118 2560 2228 2594 Segun-

1227 2596 1291 2623 tina
1309 2599 1431 2625 ecclesia
1455 2600 1619 2627 ordinanda
1641 2606 1669 2628 et
1688 2604 1873 2631 reformanda
1896 2606 2032 2633 reformet
2053 2610 2081 2634 et
2100 2608 2225 2635 ordinet.

1228 2659 1260 2663 —
1276 2646 1361 2676 (HEG.
1377 2646 1419 2678 18,
1438 2648 1507 2674 [14
1525 2652 1568 2680 v⁰;
1586 2658 1654 2676 ann.
1673 2650 1724 2682 IX,
1742 2659 1766 2677 c.
1784 2651 1841 2682 21.)

1791 2253 1926 2286 Perouse,
1941 2254 1974 2281 12
1989 2256 2065 2282 avril
2081 2256 2158 2283 1235.

1271 2757 1282 2770 α
1304 2747 1564 2785 ..archiepiscopo
1583 2749 1732 2777 Toletano.
1755 2750 1800 2779 Ex
1824 2755 1913 2788 parte
1936 2753 2135 2783 venerabilis
2159 2755 2227 2784 fra-

1228 2797 1287 2825 tris
1306 2799 1407 2827 nostri
1427 2822 1446 2826 ..
1465 2800 1606 2838 episcopi
1626 2806 1654 2830 et
1673 2801 1807 2839 capituli
1829 2802 2087 2839 Segunfinoruin
2103 2807 2226 2836 nostris

1228 2848 1288 2876 fnit
1310 2850 1445 2879 auribus
1462 2851 1648 2880 intimatum
1666 2853 1761 2890 quod,
1780 2862 1852 2882 cum
1869 2854 1948 2883 olim
1965 2856 2051 2885 inter
2066 2857 2148 2887 bone
2162 2867 2227 2888 me-

1230 2901 1330 2930 morie
1352 2903 1401 2931 n,
1421 2903 1683 2939 predecessorem
1701 2905 1805 2943 ipsius
1819 2906 1972 2945 episcopi.
1994 2918 2029 2937 ex
2047 2918 2110 2938 una
2123 2914 2224 2947 parte,
