2519 3518
135 286 208 316 1057
978 275 1200 312 maziam:
1224 274 1380 310 ΑΝΝΕΕ.
2153 286 2225 315 1053

131 351 216 384 cesis,
235 351 382 385 significat
404 360 434 379 se
456 352 629 378 confirmare
648 351 787 378 unionem
809 360 825 377 a
848 347 1007 385 [Nie‹›lao]‚
1025 348 1137 381 Regino

132 400 278 434 episcopo,
300 400 388 427 fratre
412 400 577 434 Stephano,
597 399 691 434 priore
708 398 882 433 provinciali
906 399 1028 424 fratrum
1048 397 1136 423 Prae-

132 447 295 475 dicatorum
321 447 350 474 in
376 447 564 479 Lombardia,
588 450 616 474 et
639 445 711 482 [O.],
734 446 941 474 archidiacono
965 444 1136 475 Vicetitino,

134 498 254 528 factam,
271 496 306 523 de
322 496 452 531 ipsorum
471 496 647 523 monasterio
661 504 726 522 cum
756 494 932 522 monasterio
954 494 989 520 tle
1010 493 1137 527 Campa-

133 546 234 579 gnola;
256 545 365 572 inserto
381 544 435 572 sub
459 553 511 571 sua
533 544 614 572 bulla
636 544 850 579 praedictorum
874 543 1014 577 episcopi.
1034 541 1138 576 prioris

134 593 326 627 provincialis
340 596 368 620 et
384 593 585 620 archidiaconi
602 593 637 619 de
651 593 751 619 eadem
772 592 880 619 unione
893 592 1012 618 chartac
1029 594 1137 617 tenore.

134 656 167 660 —
183 641 269 673 (Bm.
294 641 337 673 19,
357 642 375 667 f.
397 641 430 667 29
447 643 484 672 r⁰;
506 649 576 668 ann.
596 641 664 673 ΧΗ,
683 640 793 672 e.149;
812 655 842 658 —
857 641 894 666 ct'.
912 647 1007 671 supra,
1025 647 1053 665 11.
1070 637 1139 664 3672

134 692 162 717 et
178 689 269 720 4024.)

175 802 188 817 t(
211 813 230 818 ..
248 791 346 819 abbaci
370 795 396 819 el
418 791 581 820 conventui
604 791 782 819 monasterii
803 790 837 818 de
856 789 982 823 Marota,
1007 789 1139 826 Iteyinst]

134 843 268 872 diocesis.
295 842 376 873 Cum
401 852 419 872 a
442 842 537 872 nobis
562 843 684 880 petitur
709 846 783 877 etc,
813 850 917 880 usque
943 852 948 870 :
974 841 1138 871 effectum.

136 896 290 925 Pori-ecta
304 895 467 934 siquidem
483 895 579 925 nobis
590 899 698 926 vestra
711 895 826 933 petitio
838 894 1027 924 continebat
1041 894 1138 932 quod,

134 947 302 978 intellecto
320 949 395 978 nos¹
408 948 487 977 olim
504 948 590 987 quod
601 948 839 977 monasterium
851 947 888 976 de
904 947 1039 981 Marola,
1057 946 1140 976 ordi-

135 1001 188 1031 nis
214 1001 319 1031 sancti
348 1001 531 1036 Benedicti,
564 1001 648 1040 quod
679 1001 719 1030 ad
748 1001 930 1031 Romanam
960 999 1140 1029 Ecclesiam

136 1054 226 1084 nullo
243 1054 385 1092 pertinet
408 1054 585 1089 mediante,
608 1054 688 1084 adeo
709 1053 888 1092 collapsum
906 1057 976 1083 crat
992 1053 1025 1082 in
1043 1053 1142 1091 spiri-

135 1106 281 1136 tualibus
310 1111 341 1137 et
370 1106 605 1145 temporalibus
633 1107 846 1142 diminutum,
880 1110 915 1135 ut
947 1104 1038 1135 nulla
1067 1114 1141 1143 spes

135 1164 238 1193 esset,
264 1159 351 1198 quod
369 1159 493 1189 valeret
514 1159 552 1189 de
574 1164 682 1190 cetero
702 1168 874 1196 resurgere
892 1168 949 1196 per
967 1167 1001 1188 se
1020 1158 1140 1196 ipsum,

135 1217 166 1242 et
179 1221 247 1246 vos,
266 1212 450 1242 emulantes
465 1212 629 1242 virtutum
640 1212 817 1242 carismata
832 1211 988 1241 meli0ra²
1002 1212 1141 1240 fratrum

135 1265 328 1295 monasterii
350 1265 388 1295 de
405 1264 638 1303 Campagnola,
661 1265 746 1304 quod
768 1264 924 1294 similiter
944 1264 1032 1294 beati
1054 1264 1142 1293 Petri

130 1318 217 1356 juris
234 1317 355 1353 existit,
372 1326 457 1349 cum.
474 1317 895 1348 secunduminstitutiones
907 1317 1066 1354 ipsorum,
1078 1325 1141 1345 non

134 1370 243 1399 minor
262 1370 308 1399 ibi
329 1370 419 1407 rigor
440 1369 650 1400 observantie
669 1369 831 1407 regularis
853 1378 951 1408 quam
974 1369 1008 1397 in
1030 1368 1144 1406 regula

134 1422 222 1453 beati
246 1422 417 1453 Benedicti
443 1427 610 1457 servetur,
641 1423 790 1452 ordinem
816 1430 986 1452 assumere
1014 1421 1143 1451 velletis

133 1475 293 1513 ipsorum,
318 1479 349 1505 et
372 1475 468 1514 quasi
491 1484 595 1504 unum
622 1484 740 1513 corpus
769 1483 842 1504 cum
870 1474 917 1504 eis
944 1474 1005 1504 sub
1030 1474 1144 1511 regula

134 1528 221 1558 beati
244 1528 423 1565 Augustini
447 1532 477 1558 et
496 1537 610 1557 eorum
633 1528 854 1558 observantiis
874 1527 1014 1557 Domino
1033 1527 1144 1557 deser-

133 1580 203 1611 vire
232 1590 238 1609 :
271 1589 341 1615 nos,
375 1585 520 1610 vestrum
550 1580 716 1610 laudabile
745 1580 949 1618 propositum
978 1589 1145 1610 commen-

133 1634 262 1669 dantes,
289 1634 472 1664 venerabili
496 1634 591 1664 fratri
617 1638 728 1664 nostro
755 1657 774 1663 ..
800 1633 954 1673 Regin[o]
979 1634 1141 1672 episcopo,

134 1686 229 1716 fratri
257 1686 436 1725 Stephano,
468 1687 569 1725 priori
598 1687 795 1725 provinciali
820 1687 960 1716 fratrum
990 1686 1145 1717 Predica-

136 1743 242 1769 torum
272 1739 307 1768 in
341 1739 553 1775 Lombardia,
588 1744 619 1769 et
649 1763 669 1768 ..
706 1739 940 1769 archidiacono
968 1739 1145 1769 Vicentino

135 1791 258 1821 nostris
284 1791 434 1822 dedimus
462 1792 584 1822 litteris
614 1792 648 1821 in
678 1792 842 1822 mandatis
870 1797 915 1827 ut,
945 1792 973 1821 si
999 1801 1066 1827 vos,
1095 1792 1146 1822 vel

136 1843 240 1882 major
258 1847 288 1873 et
310 1843 422 1873 sanior
438 1852 513 1882 pars
531 1844 631 1873 vestri
653 1844 687 1873 in
705 1843 766 1873 hoc
786 1844 991 1874 unanimiter
1011 1852 1146 1874 concor-

138 1895 241 1931 daret,
262 1899 293 1925 et
306 1895 439 1934 utrique
452 1895 522 1926 loco
539 1897 691 1934 expedire
705 1896 865 1931 viderent,
886 1896 970 1926 dicta
985 1900 1145 1926 monaste-

137 1949 187 1978 ria
212 1948 398 1982 counit-ent,
421 1949 658 1979 monasterium
684 1949 721 1979 dc
748 1949 883 1980 Marola.
903 1958 977 1978 cum
994 1949 1037 1979 sit
1060 1949 1147 1978 anti-

137 2001 247 2039 quius,
266 2005 363 2038 caput
379 2001 506 2031 ordinis
526 2006 727 2037 statuentes,
746 2002 892 2040 predicta
910 2002 1024 2040 regula
1040 2002 1146 2032 sancti

137 2053 318 2091 Augustini
342 2058 373 2083 et
393 2054 539 2092 ejusdem
557 2054 751 2084 monasterii
769 2055 806 2084 de
824 2054 1047 2093 Campagnola
1069 2064 1147 2086 con-

138 2105 370 2136 stitutionibus
389 2110 419 2136 et
431 2106 696 2136 observantiisin
715 2107 870 2136 omnibus
887 2116 1016 2145 semper
1032 2099 1145 2137 salvis.

138 2159 212 2196 Qui,
232 2159 272 2188 ad
293 2159 532 2188 monasterium
548 2164 694 2189 vestrum
719 2160 757 2189 de
781 2159 905 2189 Marola
929 2160 1148 2197 personaliter

138 2212 343 2246 accedentes,
364 2216 430 2241 tam
445 2212 530 2242 votis
545 2213 664 2242 vestris
684 2222 782 2251 quam
798 2213 1041 2245 Bonaventure.
1060 2214 1146 2243 Hen-

138 2265 201 2294 rici
215 2269 245 2295 et
256 2264 405 2298 Deodati,
423 2265 563 2294 fratrum
578 2265 772 2295 monasterii
788 2266 825 2295 de
841 2265 1074 2304 Campagnola,
1093 2275 1111 2295 a
1127 2289 1146 2295 ..

138 2317 248 2356 priore
267 2321 298 2347 et
314 2322 478 2347 conventu
501 2326 560 2347 suo
583 2317 777 2348 habentium
801 2318 992 2348 mandatum
1009 2319 1048 2348 de
1065 2323 1145 2353 rato,

140 2369 197 2408 qui
214 2370 254 2399 ad
277 2370 517 2399 monasterium
540 2375 685 2400 vestrum
712 2375 930 2404 accesserant,
953 2371 1147 2409 diligentius

140 2422 331 2461 exquisitis,
358 2422 437 2461 quia
458 2422 658 2452 invenerunt
683 2423 770 2461 quod
793 2423 942 2453 universi
968 2428 999 2453 et
1023 2423 1147 2461 singuli

139 2475 259 2505 fratres
285 2475 458 2513 utriusque
483 2476 688 2510 monasterii,
717 2476 835 2505 unioni
859 2476 1049 2514 hujusmodi
1074 2485 1148 2514 pre-

138 2527 255 2557 bentes
281 2536 465 2564 assensum,
497 2536 569 2557 eam
595 2528 667 2558 fieri
693 2528 898 2558 unanimiter
925 2528 1145 2566 postulabant,

139 2580 286 2618 predicta
307 2580 519 2614 monasteria,
542 2589 616 2610 cum
634 2581 788 2611 omnibus
808 2581 968 2616 ecclesiis,
990 2581 1147 2611 obedien-

141 2632 205 2668 tiisy
225 2633 373 2670 grangiis
390 2637 421 2663 et
437 2633 512 2663 aliis
529 2633 741 2671 pertinentiis
761 2638 791 2663 et
803 2633 935 2672 juribus
950 2634 1032 2669 suis,
1053 2633 1148 2671 spiri-

140 2685 286 2716 tualibus
303 2690 334 2716 et
348 2686 596 2724 temporalibus.
616 2687 785 2721 unierunt,
803 2690 985 2716 statuentes
998 2691 1032 2716 ut
1044 2687 1147 2724 presa-

174 2811 193 2836 1.
211 2812 270 2839 δὶα
288 2817 387 2834 encore
404 2817 457 2834 une
474 2810 635 2841 negligenee
649 2811 682 2834 de
700 2811 852 2839 redaction,
869 2817 920 2834 nos
935 2810 1009 2834 etant
1026 2811 1149 2841 exprime

142 2855 203 2885 plus
227 2855 284 2878 loin
307 2861 312 2878 :
339 2862 351 2877 a
372 2861 432 2883 nos,
453 2858 575 2878 vestrum
596 2855 764 2878 laudabile...
785 2861 812 2883 »;
835 2855 853 2878 il
876 2854 1003 2883 faudrait,
1033 2858 1092 2878 tout
1114 2861 1149 2878 au

143 2899 251 2922 moins:
272 2907 284 2921 «ι
301 2898 374 2929 quod
391 2905 451 2927 nos,
469 2898 610 2922 intellecto
626 2898 690 2922 olim
707 2898 812 2929 quod...
829 2907 840 2921 u

172 2943 195 2967 2.
211 2944 252 2968 Cf.
272 2943 279 2966 1
296 2943 364 2968 Coa.
383 2943 443 2972 XII,
460 2943 497 2967 31.

266 2993 451 3024 carloman.
470 3000 522 3030 ix,
541 3003 559 3025 t.
580 3001 612 3024 11.

1221 350 1288 374 turn
1301 347 1537 376 monasterium
1550 347 1588 377 de
1601 347 1723 377 Mai-ola
1734 348 1838 386 ipsius
1849 349 1975 379 ordinis
1987 355 2081 387 caput
2094 350 2222 384 existat,

1221 402 1251 427 et
1266 407 1380 429 omnes
1397 400 1515 429 fratres
1533 400 1705 438 utriusque
1724 401 1925 437 monasterii,
1947 407 2100 441 tanquam
2123 412 2223 432 unum

1221 450 1406 489 collegium,
1422 462 1479 491 per
1491 462 1592 482 unum
1608 453 1833 490 gubernentur
1846 458 2021 491 pastorem.
2036 455 2096 484 >ub
2113 455 2225 493 regula

1224 504 1308 534 beati
1334 505 1523 543 Augustini.
1542 510 1573 535 et
1591 506 1884 536 constitutionibus
1907 511 1937 536 et
1951 507 2171 537 observantiis
2190 518 2225 538 ac

1224 557 1431 594 regularibus
1454 557 1640 596 disciplinis
1662 559 1855 588 monasterii
1879 559 1916 589 de
1940 559 2161 598 Campagnola
2191 561 2224 590 in

1223 614 1415 647 perpetuum
1446 610 1634 641 nioraturi1.
1664 615 1758 648 prout
1785 611 1817 639 in
1845 611 2066 642 instrumento
2095 612 2225 650 publico

1222 662 1298 693 inde
1322 663 1469 693 confecto
1490 663 1621 702 plenius
1644 664 1844 693 continetur.
1866 665 1994 695 Vestris
2019 665 2128 704 itaque
2153 676 2226 704 pre-

1223 715 1316 745 cibus
1333 715 1495 752 inclinati,
1522 716 1608 754 quod
1630 725 1686 754 per
1709 716 1871 754 predictos
1897 717 2084 755 episcopum
2102 723 2129 747 et
2155 719 2226 756 ejus

1223 767 1364 806 collegas
1377 778 1475 806 super
1486 768 1552 798 hiis
1566 768 1700 807 provide
1713 769 1837 798 sactum
1852 773 1912 805 est,
1931 774 2036 799 ratum
2053 769 2222 803 habentes,

1223 821 1417 852 auctoritate
1435 821 1613 860 apostolica
1630 822 1862 851 confirmamus
1882 827 1913 851 et
1931 823 2093 860 presentis
2111 824 2224 860 scripti

1224 874 1406 912 patrocinio
1422 874 1677 904 communimus.
1693 874 1741 903 Ad
1758 874 1913 912 majorem
1931 879 2038 904 autem
2052 875 2225 907 cautelam.

1224 932 1371 957 tenorem
1394 927 1499 964 ipsius
1523 927 1735 956 instrumenti
1759 926 1797 956 (le
1815 927 1913 956 verbo
1935 927 1974 956 ad
1996 928 2130 956 verbum
2152 938 2226 966 prc-

1224 979 1375 1009 sentibus
1389 979 1542 1008 duximus
1560 979 1791 1013 inserendum,
1813 980 1868 1017 qui
1887 979 1961 1008 talis
1979 985 2025 1009 est
2045 991 2050 1008 :

1296 1162 1437 1198 [44⁰8]

1261 1224 1423 1259 [Nic‹›laus,
1441 1224 1569 1257 Reginus
1586 1224 1749 1257 episeopus,
1766 1225 1854 1250 trater
1872 1224 2050 1258 Stephanus,
2070 1225 2147 1259 primi·
2164 1234 2229 1259 pru—

1225 1273 1365 1299 vincialis
1387 1274 1509 1299 fratrum
1528 1272 1767 1298 Praedicatorum
1783 1272 1811 1297 in
1830 1272 2017 1304 Lombarclia,
2033 1275 2059 1299 et
2075 1274 2122 1302 Ο..
2135 1274 2228 1300 archi-

1225 1322 1366 1348 diaconus
1381 1321 1571 1347 Vicentinus.
1593 1320 1743 1347 declarant
1765 1330 1794 1345 se
1814 1321 2024 1347 monasterium
2047 1322 2082 1348 de
2103 1322 2228 1355 Mareia,

1936 1165 1968 1190 15
1987 1174 2060 1190 mars
2078 1166 2155 1192 1238.

1227 1369 1349 1405 [ordinis
1370 1370 1464 1396 sancti
1490 1368 1668 1403 Benedicti,]
1689 1378 1754 1395 cum
1782 1370 1957 1395 monasterio
1977 1370 2012 1396 <Ie
2029 1371 2231 1404 Campaunula

1226 1419 1368 1450 univisse,
1388 1422 1416 1445 et
1433 1418 1571 1445 statuisse
1588 1421 1618 1444 ut
1641 1418 1852 1444 monasterium
1869 1418 1904 1444 «le
1922 1419 2044 1447 Mai-ola.
2068 1428 2133 1445 cum
2155 1424 2230 1446 esset

1226 1467 1389 1501 antiquius,
1406 1467 1524 1493 deberet
1541 1475 1601 1493 csse
1615 1469 1702 1500 caput
1718 1466 1848 1497 ordinis;
1867 1468 1971 1494 iratres
1995 1468 2146 1502 utriusque
2169 1478 2230 1494 mu—

1227 1515 1349 1543 na'sterii
1370 1516 1430 1542 sint
1445 1515 1480 1541 <le
1497 1520 1591 1542 cetero
1604 1524 1694 1541 unum
1712 1516 1879 1549 collegium.
1893 1520 1919 1543 et
1934 1525 2034 1542 omncs
2049 1517 2231 1544 unanimiter

1227 1565 1280 1591 sub
1294 1566 1393 1598 regula
1405 1564 1481 1591 beati
1494 1564 1664 1597 Augustini.
1680 1568 1706 1590 ct
1721 1564 1983 1591 constitutionibus
1994 1571 2019 1591 et
2035 1565 2231 1592 observantiis

1227 1613 1371 1648 praedicti
1389 1613 1559 1639 monasterii
1576 1613 1611 1638 de
1631 1613 1833 1646 Campagnola
1850 1612 1976 1639 Domino
1999 1613 2180 1640 deserviant.
2202 1628 2233 1632 -—

1227 1663 1314 1693 (REG.
1333 1661 1375 1693 19,
1392 1662 1411 1687 f.
1428 1659 1536 1695 291·⁰.)]

1271 1775 1282 1788 ι(
1317 1762 1354 1791 111
1387 1761 1521 1791 nomine
1552 1760 1696 1790 Domini.
1733 1761 1842 1800 [Anno
1875 1761 1945 1799 ejus
1977 1762 2232 1801 lucar-nationis]

1231 1828 1243 1842 ›>
1269 1815 1586 1849 M⁰CC⁰XXXYIII⁰,
1615 1814 1797 1843 indictione
1826 1814 1884 1844 XI.
1918 1814 1969 1843 die
2000 1815 2060 1843 XV
2090 1815 2234 1845 intrante

1231 1880 1243 1894 »
1269 1867 1397 1897 martio.
1425 1867 1542 1897 Coram
1563 1867 1664 1896 fratre
1694 1868 1798 1901 Petro,
1826 1867 1934 1904 priore
1959 1867 2098 1896 fratrum
2120 1868 2235 1897 Predi-

1232 1933 1243 1947 »
1268 1924 1415 1950 catorum
1434 1919 1472 1949 de
1494 1918 1633 1958 Reg[io].
1659 1919 1816 1956 magistro
1838 1919 1990 1948 Martino.
2013 1919 2236 1957 archipresbi-

1231 1986 1244 1999 »
1270 1978 1338 2002 tero
1357 1972 1462 2010 plebis
1486 1973 1604 2002 Sancte
1623 1971 1761 2005 Eulalie,
1788 1972 1978 2001 Parmensis
1998 1972 2149 2007 diocesis,
2173 1973 2234 2002 Ni-

1233 2038 1244 2052 »
1269 2025 1370 2059 colao,
1408 2025 1513 2054 Adam
1550 2029 1581 2054 et
1617 2024 1811 2058 Scarlatino,
1849 2024 2071 2054 servientibus
2109 2025 2234 2054 domini

1233 2092 1244 2105 »
1270 2078 1414 2116 episcopi
1431 2077 1599 2116 Regin[i].
1618 2078 1655 2107 In
1674 2077 1806 2106 nomine
1825 2077 1933 2106 Patris
1951 2081 1981 2106 et
1998 2077 2115 2106 Filiiet
2134 2077 2236 2115 Spiri-

1233 2144 1244 2158 »
1270 2136 1323 2161 tus
1340 2131 1464 2162 Sancti.
1484 2132 1598 2160 Amen.
1618 2130 1686 2159 Nos
1698 2129 1866 2164 Nicolaus,
1886 2129 1946 2159 Dei
1964 2130 2069 2165 gratia
2087 2130 2236 2167 Reginus

1234 2196 1246 2211 ι,
1271 2184 1454 2222 episcopus,
1487 2188 1517 2213 et
1546 2184 1649 2212 frater
1677 2182 1875 2220 Stephanus.
1904 2183 1992 2220 prior
2020 2183 2235 2220 provincialis

1233 2248 1244 2262 n
1270 2237 1410 2266 fratrum
1428 2236 1674 2266 Predicatorum
1691 2235 1724 2264 in
1739 2235 1945 2264 Lomhardia.
1962 2240 1991 2265 et
2006 2236 2056 2265 O..
2075 2235 2236 2265 archidia-

1233 2302 1246 2316 »
1271 2298 1372 2319 conus
1386 2289 1596 2323 Vicentinus,
1611 2279 1732 2327 quibus
1746 2288 1899 2317 (lominus
1913 2298 1993 2326 papa
2007 2289 2182 2326 scripserat
2201 2289 2235 2318 in

1233 2355 1245 2369 »
1271 2343 1358 2372 hunc
1373 2343 1505 2372 modum
1521 2352 1528 2371 ι

1302 2524 1440 2561 [4409]

1266 2588 1453 2623 [G1=eg01·ius²
1470 2596 1543 2622 papa
1568 2596 1661 2614 nonus
1681 2585 1836 2621 [Nil-01:101,
1861 2587 1972 2617 Regino
1988 2587 2132 2620 [qast-opu.
2153 2588 2235 2613 tratri

1232 2638 1392 2671 Stephano,
1410 2637 1499 2671 priori
1517 2635 1693 2670 provinciali
1708 2637 1830 2662 fratrum
1847 2635 2087 2661 Fran-‹licaturum
2104 2635 2131 2660 in
2151 2635 2235 2661 L-»m-

1230 2685 1343 2717 bardia,
1367 2688 1394 2712 et
1418 2684 1488 2719 [OQ.
1510 2684 1717 2711 archidiacono
1734 2684 1904 2710 Vieentino.
1922 2683 2021 2709 scribit
2047 2685 2149 2709 tratres
2173 2691 2234 2708 mn—

1768 2525 1887 2552 Latran.
1905 2526 2069 2558 12janviv11
2088 2526 2164 2551 1238.

1232 2733 1353 2760 nasterii
1370 2734 1405 2760 de
1427 2733 1556 2764 Mareia,
1574 2732 1685 2758 ordinis
1708 2732 1800 2757 sancti
1820 2731 1985 2762 Benedicti,
2010 2731 2138 2763 Regina*¹
2154 2731 2235 2757 dine-

1266 2855 1284 2878 1.
1301 2856 1350 2877 Ms.
1369 2863 1375 2877 .·
1393 2853 1549 2877 moraturis.

1262 2897 1284 2921 Q,
1299 2897 1378 2922 Cette
1394 2897 1466 2920 bulle
1483 2897 1569 2926 figure
1583 2895 1642 2925 deja
1660 2895 1727 2918 dans
1744 2895 1767 2918 le
1779 2896 1902 2924 Heyislre
1919 2894 1951 2917 de
1968 2895 1990 2917 la
2004 2894 2050 2917 XI‘
2062 2894 2157 2923 annee,
2171 2894 2237 2917 dont

1233 2941 1284 2964 elle
1299 2944 1340 2965 est
1356 2941 1380 2964 le
1393 2942 1477 2970 capit.
1495 2939 1540 2963 349
1555 2940 1661 2968 (supra,
1679 2943 1708 2961 n⁶
1724 2938 1803 2967 4024).

2085 2993 2113 3017 67
