2423 3487
215 329 268 358 1053
933 323 1170 354 nnoisTREs
1194 322 1248 351 DE
1271 315 1492 353 GRE'G'OIRE
1517 324 1574 353 ix.
2249 323 2305 352 164

214 394 351 424 cretioni
368 398 421 423 tue
437 402 494 430 per
512 391 688 429 apostolica
704 391 824 429 scripta
840 390 1034 419 mandamus
1049 392 1213 427 quatenus

213 446 394 475 sententias
417 446 505 483 ipsas
532 444 715 473 executioni
737 443 930 476 demandes;
957 441 1213 471 contradictores

213 503 273 527 etc.
287 499 360 527 Dat.
381 496 522 531 Perusii,
540 497 568 526 V
584 496 741 525 kalendas
757 494 965 533 septembris,
984 502 1069 522 anno
1082 501 1178 521 110110.
1200 503 1212 517 »

285 673 400 701 2783

249 736 291 762 De
308 734 440 761 Meroliis
457 736 484 760 et
500 734 535 759 de
551 733 739 765 GratiaDei,
757 732 963 760 Cisterciensis
979 731 1105 763 ordinis,
1127 730 1217 757 abba-

214 784 303 815 tibus,
318 786 345 809 et
361 782 449 816 priori
463 782 498 807 de
513 781 626 808 Cei-esis
641 789 757 807 causam
772 781 850 807 inter
864 780 1068 813 Margaritam,
1084 778 1217 805 eomitis-

215 841 275 858 sam
292 830 475 862 Britanniae,
490 833 518 856 et
532 830 698 863 Hugoncm,
711 829 848 855 comitem
864 828 1026 859 Marcbiae,
1041 835 1127 861 super
1141 830 1219 853 terra

215 881 250 906 (10
270 879 388 911 Anisio,
413 879 525 905 ratione
546 878 678 904 dotalicii
695 877 730 903 ad
745 877 839 911 ipsam
859 876 1040 903 comitissam
1056 877 1217 909 spectante,

216 932 344 955 exortam
362 930 389 954 et
405 928 464 961 jam
481 927 594 953 <liutius
610 928 802 960 protractam,
820 925 982 951 committit
998 924 1218 951 terminandam

216 986 266 1004 seu
278 977 313 1003 ad
325 976 524 1011 Apostolieam
541 975 645 1002 Sedem
662 974 883 1001 remittendam.
897 974 1026 1005 —(R1‹:G.
1040 973 1083 1005 18,
1097 974 1116 999 f.
1130 972 1164 998 70
1175 974 1217 1004 v⁰;

216 1034 285 1053 ann.
304 1026 356 1057 lx,
373 1034 397 1051 c.
414 1025 488 1054 ³223.)

709 671 819 702 Assise,
836 671 869 697 13
885 670 1049 704 septembre
1065 669 1143 696 1235.

260 1139 270 1152 (1
293 1149 312 1154 ..
331 1127 363 1154 (le
375 1124 531 1163 ,lloroli[1's]
547 1130 571 1153 el
589 1148 609 1152 ..
628 1125 661 1152 {Ie
675 1124 779 1153 Gratia
795 1125 852 1157 Dri,
870 1124 1076 1153 cisterciensis
1090 1123 1219 1153 ordinis,

218 1181 383 1214 abbatibus,
412 1184 436 1207 e!
461 1201 476 1206 ,1
501 1179 603 1216 priori
627 1178 659 1205 cle
684 1178 809 1208 Ceresis.
832 1177 1019 1205 pictavensis
1042 1181 1067 1205 ct
1095 1177 1222 1204 Xenom-

221 1233 322 1261 riae‘nsis
349 1232 510 1259 diocesani.
537 1231 603 1259 Sua
626 1230 721 1259 nobis
749 1228 869 1258 nobilis
892 1228 1012 1258 mulier
1030 1228 1221 1265 Margarita.

220 1285 390 1314 comitissa
407 1284 612 1318 Brittannie,
638 1282 796 1321 petitione
819 1281 1014 1311 monstravit
1031 1281 1131 1320 quod,
1150 1290 1225 1310 cum

221 1338 308 1367 inter
340 1337 445 1374 ipsam
473 1339 503 1365 et
532 1335 675 1364 nobilem
703 1334 811 1363 virum
843 1334 1038 1371 Hugonem,
1072 1333 1225 1362 comitem

222 1389 379 1423 Μαι-01110,
398 1388 604 1418 Pictavensis
624 1387 780 1421 diocesis,
807 1396 905 1424 super
929 1390 1017 1416 terra
1037 1386 1075 1416 de
1094 1386 1223 1420 Anisio,

222 1442 349 1471 ratione
370 1440 517 1470 dotalicii
541 1440 581 1469 ad
603 1440 708 1478 ipsam
734 1443 918 1477 spectante,
945 1448 1052 1468 coram
1074 1462 1091 1467 ..
1117 1438 1226 1468 archi-

223 1495 360 1525 diacono
377 1494 482 1524 Medic
499 1493 635 1532 suisque
650 1492 890 1531 conjudicibus⁷
910 1492 1069 1530 delegatis
1086 1492 1225 1527 anobis,

224 1548 353 1586 questio
387 1551 579 1581 verteretur,
618 1546 731 1575 eodem
765 1545 868 1574 nobili
900 1545 939 1574 ad
974 1545 1227 1583 appellationem

224 1601 468 1631 frustratoriam
493 1599 698 1634 convolante,
724 1599 825 1628 iidem
842 1599 970 1638 judices
991 1599 1025 1627 in
1048 1599 1157 1636 ipsum
1174 1608 1229 1628 ex—

225 1653 535 1683 communicationis
545 1652 755 1682 sententiam.
768 1652 1070 1691 exigentejustitia„
1083 1651 1229 1690 promul-

226 1710 354 1743 garunt.
380 1706 527 1744 Cumque
553 1705 759 1743 postmodum
786 1705 892 1734 dictus
916 1705 1047 1740 nobilis,
1075 1714 1111 1735 ex
1131 1714 1230 1734 causa

226 1759 375 1797 legitima
405 1768 438 1787 se
469 1758 650 1796 appellasse
681 1758 887 1795 contingens,
919 1767 1017 1796 snper
1047 1758 1231 1787 nuntianda

228 1811 316 1841 nulla
334 1811 477 1849 predicta
496 1811 659 1840 sententia
682 1815 811 1840 nostras
835 1811 873 1840 ad
896 1834 912 1839 ..
936 1811 1079 1848 priorem
1097 1811 1134 1841 de
1152 1812 1232 1841 Pcr-

229 1865 349 1893 tiniaco
372 1864 483 1894 Veteri
510 1864 645 1902 ejusque
667 1863 834 1901 colleg[as]
858 1863 986 1893 litteras
1008 1864 1230 1901 impetrasset,

228 1918 339 1947 cadem
358 1917 537 1947 comitissa.
557 1926 592 1945 ex
612 1916 789 1946 sufficienti
806 1917 997 1953 gravamine
1015 1917 1054 1946 ab
1075 1917 1145 1956 ejus
1164 1917 1232 1956 [ap-

228 1970 416 2008 pellatione]
435 1969 473 1998 ad
492 1969 695 2009 audientiam
719 1974 864 1999 nostram
887 1969 1072 2007 appellans,
1098 1979 1232 2000 causam

229 2026 334 2063 ipsam
351 2048 369 2053 ..
388 2024 490 2062 priori
509 2024 627 2054 Sancte
645 2024 748 2054 Marie
770 2024 808 2054 (10
824 2024 983 2054 Lauduno
1000 2025 1137 2063 ejusque
1156 2034 1234 2054 con-

226 2077 413 2117 judicibus,
443 2077 481 2107 de
510 2086 674 2106 consensu
700 2077 922 2115 procuratoris
950 2077 1053 2115 partis
1079 2077 1232 2113 alterius,

230 2131 373 2161 obtinuit
389 2130 545 2168 delegari.
564 2131 591 2159 A
608 2130 728 2169 quibus
748 2139 847 2159 causa
869 2130 1069 2167 subterfugii
1086 2139 1162 2168 pars
1181 2140 1234 2160 eo-

231 2183 321 2213 mitis
338 2184 456 2221 prefati
474 2183 654 2221 appellans,
673 2183 713 2212 ad
734 2206 750 2211 ..
772 2183 921 2213 abbatem
937 2183 975 2212 de
991 2184 1188 2213 Granateria
1205 2187 1236 2214 et

232 2236 420 2275 conjudices
444 2245 520 2265 suos
543 2239 672 2265 nostras
693 2236 837 2265 obtinuit
857 2235 984 2265 litteras
1012 2240 1125 2266 contra
1145 2246 1234 2271 eam,

233 2289 357 2319 nullam
381 2289 418 2318 (10
441 2288 607 2326 prioribus
633 2292 664 2318 et
687 2289 842 2318 secundis
865 2289 1034 2327 judicibus
1058 2298 1237 2328 eorumque

234 2351 389 2380 processu
406 2341 566 2371 facientes
582 2341 714 2379 penitus
730 2341 950 2375 mentionem3
967 2341 1023 2370 sed
1039 2341 1139 2371 iidem
1153 2342 1237 2380 judi-

234 2403 307 2429 ces,
338 2393 506 2431 negotium
536 2393 738 2431 negligentia
762 2393 866 2431 partis
891 2393 1027 2423 alterius
1053 2394 1238 2425 detinentes

236 2448 303 2477 sere
318 2456 375 2485 per
384 2447 602 2475 bienniumin
615 2455 787 2484 suspenso,
803 2447 836 2475 in
852 2448 906 2476 eo¹
923 2447 1097 2484 procedere
1109 2457 1166 2486 pro
1181 2458 1239 2478 sue

235 2500 415 2530 voluntatis
437 2500 574 2529 arbitrio
597 2499 813 2531 distulerunt,
840 2500 874 2529 in
902 2500 1049 2538 ejusdem
1073 2501 1240 2531 comitisse

236 2553 456 2592 prejudicium
485 2556 515 2582 et
539 2561 727 2590 gravamen.
754 2552 861 2587 Unde,
892 2562 966 2582 011111
992 2562 1091 2582 causa
1115 2554 1239 2589 eadem,

236 2611 367 2644 propter
391 2605 647 2643 appellationum
673 2605 812 2642 diffugia
832 2605 1027 2643 interposita
1050 2605 1128 2635 hinc
1152 2606 1240 2639 inde,

237 2660 306 2688 sere
326 2667 383 2696 per
402 2658 670 2696 quinquennium
687 2658 832 2687 extiterit
849 2662 1033 2696 prorogata,
1058 2667 1117 2688 nec
1136 2659 1243 2688 adhuc

239 2711 279 2740 ad
294 2710 364 2740 litis
380 2710 655 2739 contestationem
673 2709 790 2739 deduci
808 2710 967 2748 potnerit,
991 2719 1031 2740 ne
1049 2710 1154 2748 ipsam
1170 2711 1242 2741 fieri

238 2763 407 2801 contingat
427 2763 598 2793 occasione
617 2762 808 2801 hujusmodi
821 2761 1052 2796 immortalem,
1070 2762 1243 2792 011110111οο-

239 2816 369 2846 mitissa
391 2816 455 2846 sibi
479 2825 577 2854 super
595 2815 656 2846 hoc
681 2816 777 2854 petiit
796 2824 853 2853 per
878 2815 995 2845 Sedem
1022 2815 1243 2853 Apostolicam

240 2868 415 2905 provideri.
442 2867 603 2904 Quocirca
632 2867 826 2897 discretioni
852 2870 959 2896 vestre
984 2875 1042 2904 per
1067 2866 1246 2904 apostolica

274 2985 294 3008 1.
311 2988 359 3009 Ms.
379 2995 384 3008 ;
401 2993 441 3009 ea.

1297 389 1418 426 scripta
1435 389 1630 417 mandamus
1648 393 1823 427 quatenus.
1846 388 1875 417 si
1894 392 1941 417 est
1958 388 2015 422 ita,
2035 388 2194 418 facientes
2212 388 2306 418 vobis

1297 441 1448 471 obtentas
1466 451 1483 469 a
1500 441 1649 479 partibus
1670 440 1798 470 litteras
1818 445 1847 470 et
1870 449 2044 478 processus
2063 450 2120 478 per
2139 449 2193 470 eas
2210 440 2307 470 habi-

1298 498 1346 523 tos
1369 493 1532 528 exbiberi,
1557 493 1597 522 ad
1618 502 1758 531 quorum
1783 493 2023 522 exhibitionem
2040 493 2227 523 detentores
2251 501 2306 523 eo-

1298 555 1386 579 rum,
1414 546 1441 574 si
1466 554 1600 575 necesse
1626 545 1744 580 fuerit,
1774 545 1998 583 compellatis,
2026 554 2160 574 causam
2182 545 2304 583 ipsam,

1299 599 1326 627 si
1357 599 1395 628 de
1430 599 1571 636 partium
1599 598 1766 628 voluntate
1797 598 2013 636 processerit,
2048 598 2137 627 infra
2167 602 2308 636 quatuor

1300 660 1430 680 menses
1453 656 1522 689 post
1550 651 1794 688 susceptionem
1818 650 2024 688 presentium
2046 650 2224 680 terminare
2250 659 2309 680 cu-

1300 704 1400 739 retis;
1432 703 1580 741 alioquin
1610 703 1717 741 ipsam
1743 703 1782 732 ad
1809 712 1869 733 nos
1900 703 2076 733 remittatis
2105 703 2309 733 sufficienter

1300 757 1512 787 instructam,
1536 756 1725 794 prefigendo
1746 756 1895 794 partibus
1915 756 2094 785 terminum
2120 760 2308 794 competen-

1302 814 1377 843 tem,
1401 818 1465 848 (1110
1486 819 1543 847 per
1564 813 1792 847 procuratores
1816 809 1952 838 idoneos
1973 813 2184 846 compareant
2200 817 2310 838 coram

1302 861 1408 893 nobis,
1424 862 1559 900 justam,
1579 866 1711 891 auctore
1728 861 1879 896 Domino,
1905 862 2105 891 sententiam
2125 865 2308 899 recepture.

1302 915 1395 951 Quod
1430 915 1457 943 si
1488 914 1598 953 aliqua
1630 915 1774 952 partium
1799 915 1839 944 ad
1872 914 2104 952 appellationis
2134 914 2311 952 diffugium

1303 968 1433 997 duxerit
1450 968 1689 997 convolandum
1703 972 1733 997 et
1750 977 1848 1006 super
1860 967 2079 1006 appellatione
2092 967 2149 997 tali
2166 967 2313 997 nondum

1303 1021 1429 1050 fuerint
1451 1021 1561 1050 littere
1579 1021 1751 1059 impetrate
1764 1023 1785 1056 ¹,
1807 1030 1864 1051 vos
1886 1022 1916 1051 ei
1938 1026 1967 1051 et
1989 1025 2079 1059 parte
2097 1020 2193 1051 alteri
2215 1020 2314 1058 prefi-

1305 1074 1389 1110 gatis
1409 1073 1587 1103 terminum
1611 1078 1862 1112 competentem,
1882 1083 1945 1112 qno
1962 1083 2019 1112 per
2039 1082 2073 1103 se
2099 1073 2148 1103 vel
2167 1082 2224 1111 per
2239 1081 2315 1111 pro-

1305 1130 1473 1156 curatores
1499 1126 1635 1156 idoneos
1662 1130 1773 1156 nostro
1797 1136 1831 1156 se
1859 1126 2049 1164 conspectui
2072 1129 2312 1164 representem,

1306 1188 1404 1216 super
1429 1179 1602 1217 premissis
1633 1179 1833 1209 sententiam
1860 1183 2042 1217 reeepture.
2073 1179 2167 1216 Quod
2191 1179 2220 1208 si
2247 1187 2314 1208 non

1306 1240 1420 1261 omnes
1438 1236 1498 1261 ete.
1517 1233 1590 1261 Dat.
1605 1232 1720 1267 Asisii,
1735 1232 1846 1261 idibus
1859 1231 2067 1270 septembris,
2083 1240 2169 1261 anno
2185 1239 2282 1261 nono.
2299 1242 2314 1258 n

1381 1403 1499 1432 258⁴
1808 1403 1919 1437 Assise,
1936 1404 1969 1430 13
1985 1403 2150 1438 septembre
2166 1403 2244 1431 1235.

1345 1466 1456 1493 Abbati
1478 1468 1605 1493 Sanctae
1627 1467 1795 1494 Genovetae
1820 1466 1999 1493 Parisiensis
2025 1467 2146 1493 mandat
2171 1468 2317 1500 quatenus

1311 1518 1487 1542 mercatores
1508 1515 1694 1542 Florentinos
1709 1515 1739 1541 in
1754 1515 1826 1542 locis
1847 1515 2050 1542 nundinarum
2066 1515 2248 1549 Campaniae
2260 1514 2319 1542 ati-

1311 1573 1366 1598 quo
1385 1567 1516 1598 tempore
1537 1566 1764 1596 commorantes,
1784 1572 1842 1590 non
1862 1563 2038 1598 permittant
2058 1566 2142 1590 extra
2160 1564 2320 1591 Cathalau-

1312 1622 1444 1646 nens-em,
1461 1613 1646 1639 Melctensem
1657 1635 1663 1645 ,
1681 1613 1898 1646 Lingonensem
1915 1616 1943 1639 et
1960 1613 2159 1639 Parisiensem
2173 1613 2320 1640 dioeceses

1312 1662 1390 1688 trahi
1406 1661 1435 1688 in
1451 1670 1569 1688 causam
1582 1670 1632 1696 per
1644 1662 1759 1688 litteras
1773 1661 1949 1695 apostolicas
1961 1670 2018 1688 non
2031 1661 2172 1688 facientes
2188 1661 2223 1688 de
2239 1669 2322 1696 prae-

1313 1711 1445 1738 sentibus
1460 1710 1653 1737 mentionem.
1677 1725 1708 1728 —
1730 1711 1816 1742 (REG.
1834 1710 1878 1742 18,
1896 1711 1916 1736 f.
1933 1704 1968 1736 70
1983 1713 2022 1742 1⁸⁰3
2046 1718 2115 1737 ann.
2133 1710 2186 1743 IX,
2204 1718 2228 1736 0.
2245 1708 2322 1741 224.)

1357 1825 1368 1838 ι(
1389 1836 1410 1841 ..
1423 1813 1524 1841 abbati
1540 1812 1648 1841 Sancte
1661 1812 1802 1848 Genoeefe
1813 1812 2008 1840 Partsz‘ensasss.
2026 1811 2147 1841 Dilecti
2163 1810 2225 1840 filii
2240 1819 2325 1841 mer-

1314 1870 1441 1895 catores
1470 1865 1655 1895 Florentini
1683 1874 1743 1894 sua
1776 1864 1871 1894 nobis
1903 1865 2062 1903 petitione
2095 1867 2324 1894 monstrarunt

1315 1919 1417 1958 quod,
1445 1927 1518 1948 011111
1542 1918 1647 1957 aliqui
1669 1927 1782 1948 eorum
1802 1927 1860 1956 pro
1884 1917 2167 1955 negotiationibus
2190 1917 2261 1947 suis
2284 1916 2326 1947 ad

1315 1976 1424 2010 partes
1437 1981 1470 2001 se
1488 1971 1695 2001 transferunt
1706 1970 1897 2001 Gallicanas
1909 1975 1939 2001 et
1957 1970 2078 2000 ibidem
2094 1970 2128 1999 in
2144 1969 2226 2000 locis
2243 1978 2326 2000 nun-

1316 2025 1469 2053 dinarum
1487 2023 1668 2062 Campanie
1680 2023 1792 2062 aliquo
1806 2028 1951 2062 tempore
1970 2027 2226 2058 commorantur,
2246 2030 2326 2052 non-

1317 2077 1401 2106 nulli
1416 2077 1453 2107 de
1465 2076 1616 2115 partibus
1630 2076 1710 2112 illis,
1724 2085 1790 2106 non
1804 2080 1868 2118 tam
1881 2076 2045 2115 justitiam
2060 2085 2154 2106 suam
2169 2074 2327 2114 prosequi

1318 2139 1417 2168 quam
1433 2138 1488 2159 eos
1510 2129 1666 2168 persequi
1689 2129 1946 2167 dampnabiliter
1966 2128 2195 2164 intendentes,
2217 2127 2257 2158 ad
2275 2127 2327 2157 di-

1319 2192 1413 2213 versa
1433 2182 1502 2212 loca
1524 2182 1618 2220 regni
1642 2182 1781 2212 Francie
1804 2191 1861 2220 per
1887 2181 2016 2211 litteras
2041 2181 2237 2220 apostolicas
2259 2181 2328 2211 fre-

1319 2239 1458 2274 quenter
1475 2245 1529 2265 eos
1546 2235 1683 2265 trahunt
1700 2235 1734 2264 in
1752 2244 1897 2270 causam,
1916 2239 1952 2264 ut
1970 2235 2018 2264 sic
2033 2235 2145 2269 iidem,
2164 2233 2280 2263 litibus
2297 2236 2329 2263 et

1320 2289 1507 2327 sumptibus
1529 2289 1671 2326 fatigati,
1697 2288 1982 2326 importunitatem
1998 2287 2188 2326 hujusmodi
2204 2294 2327 2316 vexan-

1322 2342 1404 2371 tium
1438 2341 1600 2371 redimere
1632 2341 1890 2379 compellantur,
1925 2349 1999 2370 cum
2030 2343 2211 2379 nequeant,
2243 2343 2328 2369 tam—

1322 2404 1419 2433 quam
1448 2394 1606 2429 extranei,
1632 2403 1742 2424 eoram
1765 2394 1888 2432 ignotis
1915 2393 1979 2423 sibi
1999 2393 2169 2432 judicibus
2193 2392 2232 2422 de
2257 2389 2330 2430 pari

1322 2447 1520 2477 contendere
1557 2455 1631 2477 cum
1665 2446 1860 2476 hominibus
1891 2446 1984 2484 regni
2014 2445 2167 2484 predicti,
2202 2444 2331 2474 haben-

1324 2500 1412 2529 tibus
1443 2500 1591 2529 locorum
1630 2504 1661 2530 et
1699 2508 1917 2537 personarum
1954 2498 2105 2528 notitiam
2134 2497 2330 2536 pleniorem.

1324 2553 1453 2582 Accidit
1483 2561 1613 2591 quoque
1646 2553 1839 2591 frequenter
1868 2561 1905 2581 ex
1931 2551 2059 2581 malitia
2086 2557 2328 2589 perversorum,

1325 2606 1411 2644 quod
1444 2606 1477 2635 in
1510 2605 1591 2635 locis
1624 2604 1823 2644 periculosis
1858 2604 2051 2642 capiuntur,
2084 2603 2270 2642 spoliantur
2300 2603 2332 2632 et

1325 2658 1425 2688 etiam
1456 2658 1663 2688 occiduntur.
1695 2657 1791 2688 Unde
1825 2657 1920 2687 nobis
1949 2657 2013 2686 fuit
2049 2656 2223 2686 humiliter
2252 2662 2332 2692 sup-

1326 2711 1483 2748 plicatum
1509 2715 1546 2740 ut
1573 2720 1672 2749 super
1693 2710 1754 2740 hoc
1781 2710 1952 2748 providere
1973 2709 2055 2747 ipsis
2079 2713 2216 2747 paterna
2241 2705 2334 2738 solli-

1326 2765 1473 2794 citudine
1500 2764 1722 2802 dignaremur.
1755 2765 1823 2793 Nos
1853 2763 1966 2801 igitur,
1998 2763 2046 2792 sic
2075 2762 2223 2792 volentes
2250 2768 2334 2790 mer-

1327 2821 1473 2847 catorum
1486 2817 1634 2855 ipsorum
1646 2816 1946 2855 indempnitatibus
1957 2824 2144 2854 precavere,
2158 2814 2244 2854 quod
2255 2812 2334 2844 alio-

1327 2870 1545 2908 rum'justitia
1560 2878 1625 2899 non
1642 2869 1782 2904 ledatur,
1800 2869 1994 2899 discretioni
2011 2873 2065 2898 tue
2081 2877 2138 2906 per
2157 2865 2336 2906 apostolica

1361 2988 1381 3012 1.
1398 2991 1448 3012 Ms.
1466 2997 1472 3011 :
1489 2988 1644 3018 impetrare.
