2519 3518
140 294 178 326 33
983 285 1210 322 NncvaE
1233 285 1390 322 ANNEE.
2189 295 2226 325 34

212 359 326 387 2511

178 420 335 448 Universis
347 419 587 453 archiepiscopis,
600 420 744 453 episcopis
755 423 783 446 et
796 421 863 447 aliis
876 421 1014 455 praelatis
1027 421 1148 447 mandat

143 469 288 502 quatenus
317 467 470 494 universos
494 467 711 500 crucesignatos
733 471 761 494 et
790 468 863 494 alios
890 469 937 502 qui
967 469 1148 502 suscepi-rint

708 360 844 393 I'e'rouse,
859 361 891 387 13
907 360 982 387 avril
997 360 1074 386 1235.

141 516 259 549 signum
279 515 384 547 crucis,
406 515 531 549 quilibet
552 515 681 549 ipsorum
699 515 729 542 in
750 525 801 542 sua
819 517 942 543 dioecesi
958 520 985 543 ct
1000 517 1146 550 parocbia,

143 566 298 598 protegant
311 563 347 590 ab
361 563 626 597 inquietationibus
638 564 816 597 iniquorum.
830 579 861 583 -
874 566 959 596 (Rieu.
972 565 1015 597 18,
1031 566 1050 591 f.
1063 565 1096 591 15
1110 569 1146 597 r⁰;

142 619 212 647 ann.
226 611 283 643 IX,
296 620 320 637 c.
332 611 380 643 23;
395 626 426 629 —
443 611 575 638 MoneAu
589 611 672 642 1190,
688 613 707 638 f.
725 612 773 639 ‘261
789 621 794 643 ;
813 613 891 643 ibid„
910 614 928 639 t.
945 613 1013 645 276;
1029 628 1059 631 -
1075 613 1147 640 Por-

140 667 236 686 THAST
251 658 330 692 9878,
345 660 443 684 omisso
461 659 563 690 initio.)

184 785 197 799 «
214 773 456 810 :trehiepiscopis
471 778 497 801 et
513 773 659 810 episcopis
675 778 700 802 el
719 775 791 802 aliis
807 775 968 803 ecclesiia-11
976 784 1000 802 m
1021 775 1148 811 [brialis

139 825 181 854 ad
195 834 268 862 quos
285 826 382 854 littere
400 826 452 853 isle
466 827 673 862 perrenerz'nl.
694 827 872 855 Pravorum
896 827 1055 855 molestiis
1073 836 1146 856 eum

139 894 190 906 —.
208 877 295 906 Hinc
314 881 363 906 est
383 877 469 915 quod
492 886 550 907 nos
572 887 729 915 personas
749 883 779 907 et
803 879 885 908 bona
903 879 1148 915 crucesigmtto-

139 938 225 965 rum,
247 938 283 958 ex
301 938 364 967 quo
389 938 518 958 crucem
544 931 801 968 assumpserint„
825 931 885 960 sub
906 931 992 961 beati
1011 931 1099 961 Petri
1117 935 1147 960 et

141 986 254 1011 nostra
275 981 478 1019 protectione
496 983 707 1020 suscipimus,
727 988 909 1013 statuentes
927 988 972 1018 ut,
991 984 1093 1013 donec
1109 984 1147 1013 dc

141 1034 289 1072 ipsorum
306 1033 397 1063 obitu
414 1034 465 1063 vel
488 1035 595 1064 reditu
613 1036 797 1065 certissime
817 1041 1043 1073 cognoscatur.
1062 1036 1147 1065 inte-

141 1095 200 1124 gra
216 1090 247 1116 et
263 1086 375 1124 quieta
392 1092 558 1121 maneant,
580 1096 638 1117 nec
653 1097 716 1117 non
734 1088 794 1117 suh
811 1089 1145 1126 arcliiepiscoporum,

140 1139 369 1176 episcoporum
384 1143 413 1168 et
432 1139 572 1168 aliorum
589 1140 787 1178 prelatorum
802 1141 946 1170 Ecclesie
964 1141 1022 1169 Dei
1036 1141 1145 1169 desen-

139 1191 232 1222 sione
253 1191 448 1221 consistant.
468 1193 605 1227 Verum,
631 1194 707 1231 quia
732 1193 898 1227 nonnulli,
919 1194 1067 1223 timorem
1085 1194 1145 1223 Dei

139 1248 215 1274 ante
240 1243 352 1273 oculos
377 1253 441 1273 non
465 1244 644 1279 habentes,
672 1246 975 1281 crucvsienatorum
998 1246 1145 1283 ipsorum

137 1295 225 1326 bona
243 1293 301 1334 per
318 1296 509 1326 violentiam
529 1307 642 1335 rapere
659 1302 689 1327 et
710 1307 865 1336 personas
883 1307 994 1327 eorum
1010 1297 1144 1336 injuriis

139 1348 269 1378 afficere
293 1358 359 1378 non
383 1354 549 1384 verentur,
571 1355 601 1379 et
623 1350 796 1388 indignum
821 1355 869 1380 est
890 1351 1035 1389 ipsorum
1053 1351 1144 1388 pium

138 1405 170 1432 et
200 1406 351 1432 sanctum
381 1403 586 1440 propositum
619 1403 806 1442 aliquorum
840 1402 1144 1441 presumptionibus

137 1454 305 1493 impediri,
323 1455 535 1485 universitati
554 1460 660 1485 vestre
675 1456 869 1485 mandamus
889 1460 1051 1494 quatenus
1069 1455 1144 1484 uni-

136 1516 251 1537 versos
276 1508 524 1545 crucesignatos
544 1512 575 1538 et
595 1508 677 1538 alios
699 1509 756 1547 qui
782 1509 987 1546 susceperint
1012 1508 1143 1545 signum

137 1561 265 1599 crucis,
290 1561 431 1600 quilibet
454 1566 600 1592 vestrum
627 1563 661 1591 in
685 1572 745 1592 sua
770 1563 891 1592 diocesi
916 1567 946 1592 et
971 1560 1145 1599 parrochia

134 1618 346 1653 protegentes
368 1614 407 1643 ab
429 1615 730 1653 inquietationibus
754 1615 962 1654 iniquorum,
988 1623 1052 1643 non
1069 1623 1144 1652 per-

134 1667 277 1698 mittatis
293 1667 540 1705 crucesignatos
553 1668 683 1698 eosdem
703 1668 742 1697 ab
759 1668 927 1706 aliquibus
944 1671 1057 1696 contra
1074 1675 1143 1704 pro—

135 1721 291 1751 tectionis
311 1725 341 1750 et
355 1721 603 1751 constitutionis
622 1726 731 1751 nostre
748 1725 895 1750 tenorem
911 1720 1057 1750 indebite
1073 1728 1143 1749 mo-

134 1773 266 1809 lestari,
294 1773 523 1803 molestatores
547 1773 737 1813 hujusmodi
761 1778 821 1803 etc..
846 1774 998 1803 Ceterum
1027 1772 1055 1802 si
1085 1772 1143 1810 qui

135 1826 442 1864 crucesignatorum
469 1827 508 1856 ad
531 1827 724 1865 prestandas
747 1835 866 1856 usuras
886 1826 1075 1864 juramento
1095 1829 1142 1854 te-

136 1883 280 1910 neantur
301 1879 443 1914 astricti,
469 1884 523 1909 aut
549 1879 578 1909 si
603 1879 780 1918 quisquam
802 1879 999 1908 creditorum
1023 1886 1078 1907 eos
1103 1877 1142 1906 ad

135 1932 336 1963 solutionem
352 1933 495 1970 coegerit
511 1941 703 1967 usurarum,
730 1931 908 1961 creditores
928 1931 1017 1968 ipsos
1035 1934 1071 1959 ut
1090 1939 1142 1959 re-

134 1985 269 2015 mittant
284 1985 332 2015 eis
343 1985 754 2024 prestitumjuramentum
767 1989 797 2014 et
810 1984 849 2013 ab
863 1992 1040 2013 usurarum
1052 1991 1141 2012 exac-

135 2038 226 2069 tione
241 2038 405 2068 desistant
421 2047 457 2068 ac
474 2038 651 2068 restituant
668 2038 715 2067 sic
730 2042 865 2071 extorta,
881 2045 1022 2066 censura
1038 2035 1142 2065 simili

135 2091 357 2130 compellatis,
380 2091 503 2122 Judcos
525 2091 565 2121 ad
586 2090 822 2120 remittendum
848 2098 967 2118 usuras
990 2097 1047 2126 per
1063 2087 1142 2117 sub-

134 2144 332 2174 tractionem
355 2143 598 2174 communionis
624 2143 773 2172 fidelium
797 2141 1034 2171 nichilominus
1054 2149 1141 2169 com-

132 2196 307 2236 pellentes.
327 2197 384 2227 Hii
401 2206 477 2226 vero
493 2197 551 2235 qui
565 2196 682 2227 Judeis
700 2195 809 2225 debita
828 2194 954 2224 solvere
974 2197 1142 2231 nequeunt

133 2250 169 2280 in
182 2250 342 2289 presenti,
360 2260 466 2289 usque
483 2259 546 2289 quo
563 2250 602 2279 de
617 2250 766 2288 ipsorum
781 2248 872 2277 obitu
889 2247 940 2277 vel
954 2247 1062 2276 reditu
1076 2255 1142 2275 cer-

132 2303 262 2334 tissime
279 2307 506 2341 cognoscatur,
525 2311 703 2332 usurarum
719 2300 927 2331 incommoda
946 2308 1011 2328 non
1029 2299 1142 2328 incur-

132 2361 218 2393 rant,
237 2357 417 2395 compulsis
432 2357 549 2387 Judeis
568 2359 747 2394 proventus
766 2354 943 2392 pignorum
959 2361 1041 2391 quos
1056 2352 1142 2381 inte-

131 2410 197 2441 rim
231 2410 297 2449 ipsi
330 2410 525 2448 percipient,
563 2409 598 2438 in
636 2412 775 2442 sortem,
806 2406 954 2436 deductis
989 2404 1141 2443 expensis

132 2463 345 2499 necessariis,
363 2467 564 2501 computare.
582 2462 633 2491 Ad
649 2461 719 2495 hec,
742 2460 820 2499 quia
837 2458 1058 2496 crucesignati
1077 2466 1141 2487 non

131 2517 239 2547 solum
256 2525 351 2547 suam
368 2515 510 2546 salutem
529 2514 696 2553 prosequi,
717 2513 775 2543 sed
796 2521 853 2550 pro
875 2511 1142 2542 Christianorum

132 2569 282 2599 omnium
305 2573 489 2599 noscuntur
513 2567 682 2598 commodo
706 2566 872 2600 laborare,
901 2573 975 2597 nos,
997 2563 1142 2602 quietem

133 2632 259 2659 eorum,
277 2612 439 2662 quantum
458 2630 533 2651 cum
549 2622 616 2650 Deo
633 2628 824 2658 possumus,
844 2622 1069 2656 procurantes.
1088 2625 1142 2645 vo-

132 2676 244 2706 lumus
261 2680 293 2706 et
305 2675 502 2705 mandamus
517 2678 554 2703 ut
569 2673 701 2703 eosdem
717 2671 900 2710 adjudices
916 2669 1142 2699 extraordina-

132 2728 213 2764 rios,
232 2737 290 2758 seu
310 2728 411 2757 etiam
427 2736 445 2757 a
461 2726 544 2757 Sede
562 2724 749 2764 Apostolica
765 2723 941 2761 delegatos,
957 2722 991 2751 in
1009 2730 1141 2751 causam

134 2781 224 2811 trahi
240 2780 433 2811 nullatenus
444 2778 656 2818 permittatis,
672 2776 820 2816 quandiu
836 2784 945 2805 coram
963 2773 1142 2804 ordinariis

133 2833 186 2864 vel
203 2833 390 2864 diocesanis
407 2833 477 2862 suis
495 2831 601 2870 parati
617 2830 743 2860 fuerint
757 2829 794 2859 de
812 2837 846 2858 se
863 2825 1142 2865 conquerentibus

131 2887 299 2926 justitiam
318 2885 484 2916 exhibere.
504 2886 578 2915 Dat.
598 2882 746 2917 Perusii,
771 2881 882 2910 idibus
906 2879 1036 2918 aprilis,
1057 2887 1143 2908 anno

131 2947 230 2971 nono.
250 2952 264 2966 1)

259 2998 445 3029 cenoman
465 3004 516 3032 1x,
535 3006 553 3028 t.
574 3003 608 3027 11.

1299 359 1421 386 25¹2

1264 421 1370 451 Regem
1389 421 1529 447 Franciae
1543 424 1680 448 monetet
1692 422 1824 448 bortatur
1837 424 1989 455 quatenus,
2006 436 2036 439 —
2048 430 2113 448 cuni
2127 431 2227 456 quam—

1786 360 1921 391 Perouse,
1939 360 1970 386 13
1986 360 2061 387 avril
2078 361 2155 388 1235.

1228 469 1325 501 plures
1341 477 1375 495 ex
1392 469 1603 500 crucesignatis
1623 469 1658 496 ob
1676 469 1774 496 debita
1791 469 1895 503 quibus
1911 469 2086 496 tenebantur
2101 470 2227 497 credito-

1228 516 1308 543 ribus
1327 517 1387 543 suis
1407 517 1544 548 obligati.
1561 526 1577 543 a
1596 517 1642 551 pio
1659 517 1803 551 proposito
1820 517 2008 544 crederentur
2023 518 2179 550 retardari,
2195 533 2226 537 —-

1229 572 1279 597 per
1298 573 1418 597 regnum
1441 565 1582 591 Franciae
1599 565 1687 591 saciat
1707 565 1834 591 inhiberi
1856 574 1891 591 ne
1911 565 2120 597 crucesignati,
2138 574 2227 600 usqne

1228 612 1263 639 ad
1279 613 1439 639 triennium
1453 622 1466 639 a
1483 617 1612 647 tempore
1628 614 1770 646 geilo-ralis
1783 614 1906 647 passagii
1921 622 1936 639 a
1952 614 2083 640 Romana
2095 614 2226 640 Ecclesia

1228 661 1391 693 statuendi,
1406 662 1441 687 atl
1458 662 1633 688 solutionem
1649 662 1812 688 debitorum
1830 671 1845 687 a
1864 662 1923 688 suis
1940 662 2131 689 creditoribus
2147 671 2228 688 com-

1228 710 1386 742 pellantur.
1405 724 1435 728 ——
1452 710 1537 741 (Rae.
1556 710 1603 741 18,
1621 711 1640 736 f.
1658 710 1690 736 15
1707 713 1752 741 ⁸¹²:
1775 719 1843 736 ann.
1867 711 1922 738 lx.
1940 720 1964 736 e.
1981 710 2031 742 2-1;
2046 725 2077 729 -
2094 710 2227 738 Monam

1228 756 1307 788 1190,
1325 758 1344 783 f.
1359 757 1434 788 278.)

1269 869 1281 882 α
1305 880 1323 885 .,
1344 858 1459 885 illustri
1480 859 1543 894 ressi
1565 858 1703 886 francie.
1734 858 1788 887 Eis
1814 858 1870 896 qui
1896 858 1990 894 signo
2015 875 2062 886 --.
2090 859 2160 888 Dat.
2192 863 2228 887 ut

1229 917 1339 946 supra.
1360 921 1371 934 n

1264 1037 1366 1061 2513.
1383 1051 1412 1055 —
1428 1035 1460 1061 In
1475 1035 1599 1061 eundem
1619 1036 1736 1062 modum
1754 1035 1895 1069 scriptum
1910 1039 1951 1062 est
1968 1057 1985 1062 ..
2002 1036 2194 1067 rey1·,t'avarre
2205 1039 2228 1062 ee

1227 1083 1321 1107 comiti
1337 1082 1502 1115 Campanie:

1262 1133 1363 1157 25¹4.
1382 1147 1409 1151 -
1429 1131 1565 1156 L’nirrrsis
1580 1131 1727 1157 baronibus
1739 1134 1761 1157 et
1778 1133 1842 1156 aliis
1859 1132 1993 1157 nobilibus
2008 1134 2084 1163 rcqni
2100 1133 2227 1165 Fronde,-

1262 1181 1364 1205 25¹5.
1382 1195 1410 1199 —-
1425 1179 1517 1204 Nobili
1534 1181 1646 1204 mulieri
1664 1199 1681 1206 ..
1698 1181 1830 1205 conmisso
1848 1180 1989 1209 blandi-ie,-

1263 1230 1365 1253 2516.
1383 1244 1411 1247 —
1425 1227 1516 1252 Nobili
1532 1228 1590 1253 viro
1607 1227 1750 1260 l'li[ili11po]
1770 1226 1868 1253 Montis
1885 1228 1989 1259 Fortis,

1262 1278 1364 1302 25¹7.
1381 1292 1408 1296 --
1425 1275 1516 1301 Nobili
1533 1277 1590 1301 riro
1606 1275 1776 1308 ,41171ali·1'co}‚
1793 1277 1887 1301 comiti
1901 1276 1998 1301 Montis
2015 1277 2110 1302 Furiis.

1297 1466 1418 1493 2518

1260 1528 1490 1562 Archiepiscopo
1510 1528 1689 1560 Viennensi,
1711 1529 1868 1562 apostolico
1889 1529 1997 1561 legato,
2020 1529 2140 1555 mandat
2157 1537 2229 1563 qua-

1225 1579 1310 1604 tenus
1329 1577 1457 1604 nobilem
1474 1576 1571 1603 virum
1592 1577 1794 1603 Adhemarum
1817 1577 1852 1603 de
1868 1577 2020 1608 Pietavia,
2035 1577 2227 1604 Valentinum

1225 1625 1379 1662 eeclesiam
1400 1628 1428 1652 et
1448 1625 1589 1659 quasdam
1614 1625 1688 1651 alias
1709 1625 1930 1657 molestantem,
1952 1625 1989 1652 ab
2008 1633 2108 1652 earum
2130 1634 2229 1660 perse-

1225 1674 1343 1701 cutione
1356 1676 1530 1708 compescat.
1546 1688 1578 1692 —-
1595 1674 1681 1706 (Rae.
1703 1673 1751 1706 18,
1768 1674 1788 1699 f.
1806 1673 1839 1699 15
1854 1676 1900 1705 v⁰;
1917 1682 1986 1700 ann.
2004 1674 2061 1702 IX.
2083 1682 2107 1700 c.
2124 1674 2174 1706 25;
2196 1688 2228 1692 —

1225 1723 1358 1750 Monam
1374 1722 1458 1754 1190,
1476 1723 1495 1748 f.
1516 1722 1591 1753 247.)

1788 1467 1923 1500 Pfflmse,
1938 1468 1970 1494 13
1986 1468 2062 1494 avril
2078 1468 2156 1495 1235.

1265 1836 1277 1850 «
1305 1846 1324 1852 ..
1349 1824 1574 1860 archiepiscopo
1609 1824 1785 1857 viennensi,
1815 1824 1979 1859 Apostolicc
2008 1822 2091 1851 Sedis
2121 1823 2227 1859 leyato.

1224 1876 1350 1906 Malitie
1379 1877 1602 1911 tirannorum,
1632 1876 1753 1914 quibus
1779 1893 1827 1904 —.
1858 1875 2111 1905 Fraternitatem
2139 1880 2227 1904 tuam

1225 1938 1378 1967 rogamus
1402 1933 1433 1959 et
1455 1928 1637 1961 hortamur,
1659 1933 1781 1958 attente
1805 1928 2015 1966 precipiendo
2036 1928 2229 1958 mandantes

1226 1986 1410 2020 quatenus,
1442 1981 1477 2010 in
1507 1980 1762 2011 necessitatibus
1794 1980 1932 2010 ecclesie
1963 1979 2164 2018 Valentinje]
2198 1983 2228 2009 te

1225 2034 1362 2064 studens
1391 2033 1527 2063 reddere
1555 2032 1770 2062 favorabilem
1799 2036 1828 2062 et
1857 2032 2048 2070 benignum,
2076 2032 2181 2070 ipsam
2211 2040 2229 2061 a

1224 2086 1385 2116 molestiis
1403 2085 1523 2115 nobilis
1537 2085 1600 2114 viri
1617 2084 1810 2122 Aldemarffl
1826 2084 1864 2114 dc
1881 2084 2038 2118 Pictavia,
2058 2084 2126 2122 qui,
2144 2092 2227 2122 quo-

1223 2139 1365 2169 rundam
1388 2138 1570 2168 odientium
1586 2146 1698 2176 pacem
1717 2141 1747 2166 et
1763 2136 1909 2166 hostium
1925 2136 2071 2166 Ecclesie
2088 2144 2230 2173 genera-

1223 2193 1265 2223 lis
1282 2192 1404 2222 auxilio
1422 2196 1452 2221 et
1469 2192 1579 2221 favore
1602 2190 1774 2225 suffultus,
1792 2189 1883 2218 illam
1906 2189 2096 2218 immaniter
2116 2197 2228 2227 perse-

1224 2245 1338 2284 quitur
1367 2248 1397 2274 et
1422 2243 1555 2281 aflligit,
1580 2242 1704 2273 efficaci
1730 2242 1876 2280 potentia
1903 2242 2038 2275 tuearis,
2067 2250 2178 2271 curam
2197 2244 2230 2271 et

1224 2297 1372 2328 studium
1392 2297 1568 2326 habiturus
1583 2299 1618 2325 ut
1634 2295 1722 2325 idem
1736 2296 1788 2329 A„
1807 2294 1847 2324 ab
1863 2294 2010 2333 ejusdem
2027 2293 2165 2324 ecclesie
2190 2302 2226 2323 ac

1224 2350 1335 2381 dilecti
1351 2350 1411 2379 filii
1431 2373 1448 2378 ..
1467 2349 1563 2379 electi
1579 2347 1749 2378 Valentini
1766 2347 1864 2377 solita
1879 2347 2106 2385 persecutione
2122 2346 2225 2376 desis-

1224 2407 1314 2438 tens,
1333 2401 1456 2432 eisdem
1481 2401 1519 2430 de
1543 2400 1743 2439 dampnis.et
1762 2399 1917 2437 irrogatis
1939 2399 2073 2438 injuriis
2095 2399 2228 2428 satisfa-

1224 2455 1303 2490 ciat,
1323 2459 1357 2484 ut
1382 2457 1533 2488 tenetur;
1556 2452 1624 2488 vel,
1645 2452 1673 2482 si
1699 2452 1856 2481 adversus
1878 2452 1967 2490 ipsos
1991 2451 2117 2489 aliquid
2138 2450 2225 2489 juris

1224 2507 1345 2537 habere
1362 2516 1396 2536 se
1413 2506 1532 2540 credit,
1550 2514 1659 2535 coram
1677 2509 1705 2534 te
1723 2504 1858 2542 recipiat
1875 2508 1906 2534 et
1928 2503 2080 2533 exhibeat
2094 2503 2225 2541 justitie

1225 2559 1510 2598 complementum.
1535 2558 1571 2588 Si
1592 2566 1684 2592 vero,
1711 2557 1865 2586 seductus
1886 2556 2010 2594 impetu
2027 2555 2223 2589 voluntatis,

1224 2613 1285 2642 hoc
1310 2611 1462 2641 fortassis
1487 2610 1614 2640 efficere
1637 2608 1812 2643 recusabit,
1837 2612 1871 2637 tu
1889 2608 1998 2646 ipsum
2021 2616 2038 2637 a
2065 2607 2226 2637 molestiis

1224 2663 1414 2694 memoratis
1434 2672 1491 2700 per
1511 2670 1685 2691 censuram
1708 2660 1983 2694 ecclesiasticam,
2007 2659 2225 2698 appellatione

1224 2722 1365 2752 remota,
1385 2716 1514 2753 cognita
1533 2715 1690 2749 veritate,
1709 2722 1907 2751 compescas,
1926 2713 2076 2742 invocato
2092 2712 2132 2741 ad
2148 2711 2225 2745 hoc,

1225 2771 1254 2801 si
1282 2779 1362 2808 opus
1383 2769 1501 2803 fuerit,
1527 2767 1649 2798 auxilio
1671 2766 1799 2796 brachii
1822 2765 1996 2799 secularis,
2023 2769 2073 2799 ut,
2099 2764 2126 2793 si
2144 2764 2227 2793 forte

1224 2824 1311 2862 ipse,
1330 2823 1387 2861 qui
1407 2822 1514 2851 claves
1538 2820 1683 2850 Ecclesie
1704 2823 1934 2856 contempnere
1957 2817 2088 2851 dicitur,
2106 2815 2155 2846 vel
2179 2815 2227 2845 sic

1226 2876 1369 2905 noluerit
1399 2874 1485 2913 quod
1512 2878 1560 2903 est
1586 2872 1742 2911 equitatis
1767 2872 1913 2905 efficere,
1943 2869 2070 2903 saltem,
2101 2867 2227 2898 duriori.

1227 2934 1333 2960 tactus
1350 2927 1473 2962 aculeo,
1489 2925 1623 2956 festinet
1639 2934 1656 2954 a
1673 2923 1898 2962 perversitatis
1913 2922 2068 2960 operibus
2082 2920 2226 2951 resilire.

2091 2987 2104 3011 3
