2519 3518
188 284 243 314 501
1049 271 1234 309 mxtEME
1258 270 1416 307 ANNEE.
2223 275 2278 305 502

189 353 284 378 reant.
301 365 333 370 —-
349 350 436 383 (Rae.
458 349 506 382 18,
530 350 550 376 i.
571 348 623 376 204
640 351 680 381 r⁰;
697 357 766 375 ann.
788 349 832 381 X,
857 356 881 374 c.
902 348 970 379 262&
986 362 1017 365 —
1039 347 1195 374 Porruasr

188 398 322 431 102591.)

233 517 246 532 a
273 529 292 534 ..
310 506 480 543 Seqobiensi
497 511 522 535 et
539 528 559 534 ..
581 505 734 535 Colarerzsz·
750 505 987 539 archidiaconis,
1003 509 1028 532 et
1043 528 1061 532 ..
1077 504 1197 533 cantori

191 559 374 596 Seyobiensi.
393 558 480 589 Olim
502 557 686 587 venerabili
712 558 813 587 fratre
837 561 948 586 nostro
973 580 992 585 ..
1015 556 1197 594 archiepis-

192 618 272 649 copo
296 611 453 641 Toletano
480 610 576 640 nobis
604 610 775 640 humiliter
804 609 1010 648 supplicante
1038 613 1088 643 ut,
1123 618 1196 638 cum

193 671 295 693 causa
317 672 381 702 que
399 664 486 693 inter
504 663 630 701 ipsum,
649 672 686 692 ex
702 667 792 700 parte
809 671 892 697 una,
911 666 941 692 et
961 685 979 690 ..
1002 662 1197 697 magistrum

193 720 226 746 et
248 716 367 746 fratres
386 716 656 750 CalatravonseS,
680 715 914 745 Cisterciensis
937 715 1080 744 ordinis.
1104 714 1199 744 Tole-

193 773 271 799 tane
295 769 451 804 diocesis,
471 778 508 798 ex
525 768 644 801 altera,
663 777 762 806 super
777 768 981 798 ohedientia.
1000 767 1198 805 quibusdam

194 821 376 856 ecclesiis²,
403 821 540 850 decimis
567 820 729 857 regalium
758 820 944 850 reddituum
971 820 1004 848 in
1027 819 1199 850 Calatrava

195 878 228 904 et
251 873 332 904 locis
359 874 434 904 aliis
457 882 514 903 seu
540 873 629 903 villis
651 873 685 902 in
709 873 822 902 eadem
846 873 969 902 diocesi
993 872 1198 908 constitutis,

195 927 334 956 decimis
362 935 494 965 quoque
522 926 766 965 quintariorum
797 930 828 955 et
861 925 1136 957 molemlinorum,
1164 932 1200 953 ac

196 977 409 1008 libertatibus
439 978 650 1013 clericorum,
672 978 821 1016 pedagiis
845 978 944 1007 etiam
969 982 998 1007 et
1022 977 1201 1006 exactioni-

198 1030 261 1061 bus
278 1031 446 1061 indebitis.
464 1040 499 1060 ac
517 1031 715 1069 quibusdam
732 1030 807 1060 aliis
824 1030 974 1060 articulis
991 1030 1051 1069 [est
1069 1031 1200 1067 exortal,

196 1092 308 1113 coram
323 1083 464 1113 diversis
477 1084 646 1122 judicibus
665 1084 859 1113 auctoritate
879 1083 1057 1121 apostolica
1074 1093 1130 1121 per
1145 1084 1202 1113 de—

198 1144 268 1165 cem
287 1145 390 1165 annos
409 1136 598 1174 etamplius
621 1136 755 1174 agitata,
781 1145 845 1166 non
865 1136 970 1165 solum
995 1136 1141 1166 debitum
1164 1136 1202 1164 fi-

199 1197 274 1218 nem
293 1189 436 1217 uondum
453 1189 611 1226 accipere,
630 1189 687 1218 sed
703 1197 761 1218 nec
779 1189 879 1218 etiam
895 1189 934 1217 ad
954 1188 1024 1217 litis
1042 1192 1202 1218 contesta-

200 1241 324 1271 tionem
345 1241 488 1279 potuerit
504 1241 688 1279 pervenire,
706 1241 824 1279 ipsam,
840 1250 880 1271 ne
901 1240 1098 1270 immortalis
1116 1241 1202 1270 exis-

200 1297 295 1328 teret,
330 1293 369 1324 ad
399 1303 534 1323 examen
558 1302 750 1323 curaremus
773 1293 988 1331 apostolicum
1021 1302 1201 1323 revocare:

202 1355 278 1381 nos,
297 1346 396 1375 finem
424 1346 540 1375 litibus
565 1346 737 1384 cupientes
760 1346 902 1384 imponi.
928 1345 1057 1375 dilectis
1082 1345 1161 1375 filiis
1182 1369 1201 1374 ..

200 1398 313 1428 abbati
329 1403 359 1429 et
378 1422 397 1428 ..
415 1399 517 1436 priori
532 1398 638 1429 Vallis
653 1398 887 1433 Ecclesiarum,
900 1398 1047 1436 ejusdem
1063 1398 1202 1433 ordinis,

200 1450 324 1480 nostris
340 1450 491 1479 dedimus
507 1449 628 1479 litteris
646 1450 680 1478 in
696 1450 863 1479 mandatis
878 1454 915 1479 ut
929 1449 1060 1479 eosdem
1080 1450 1204 1487 magis-

200 1506 287 1532 trum
305 1507 335 1532 et
353 1503 472 1532 fratres
486 1503 704 1540 peremptorie
717 1502 911 1532 auctoritate
925 1506 1038 1532 nostra
1052 1502 1202 1535 citarent,

201 1555 289 1594 quod
311 1564 368 1592 per
388 1564 422 1585 se
442 1555 494 1584 vel
511 1554 737 1593 responsalem
753 1555 910 1584 idoneum
927 1554 1131 1584 sufficienter
1152 1555 1205 1584 in-

199 1611 378 1643 structum,
396 1616 470 1637 cum
486 1607 672 1645 privilegiis
689 1611 720 1637 et
735 1607 952 1637 munimentis
971 1606 1047 1637 aliis
1064 1616 1127 1645 que
1145 1606 1205 1637 ha-

199 1659 327 1689 herent.
345 1659 433 1688 infra
455 1668 578 1689 annum
597 1664 669 1697 post
690 1660 881 1690 citationem
901 1668 1014 1689 eorum
1036 1664 1147 1689 nostro
1171 1669 1205 1690 se

199 1713 391 1750 conspectui
407 1716 647 1751 presentarent,
667 1713 823 1742 exibituri
836 1713 943 1742 eidem
959 1712 1206 1751 archiepiscopo

200 1773 301 1803 super
318 1765 490 1803 premissis
504 1765 634 1803 justitie
651 1765 944 1803 complementun13
970 1765 1026 1803 qui
1050 1766 1206 1803 predictis

201 1818 361 1854 mag-*istro
377 1822 408 1847 et
423 1817 584 1847 fratribus
602 1818 724 1847 festum
741 1819 954 1848 Pentecostes
967 1818 1114 1856 proximo
1132 1827 1208 1856 pre—

201 1869 338 1899 teritum
371 1870 629 1907 peremptorium
655 1870 836 1899 terminum
864 1870 1083 1908 prefixerunt,
1112 1875 1208 1908 prout

202 1921 269 1960 ipsi
285 1921 380 1951 nobis
404 1922 474 1951 suis
495 1921 618 1964 litteris
641 1922 859 1957 intimarunt,
883 1922 918 1952 in
940 1931 1004 1961 quo
1024 1922 1101 1952 licet
1120 1923 1208 1953 idem

203 1974 474 2012 archiepiscopus
489 1974 709 2012 personaliter
725 1975 946 2013 comparuerit
969 1984 1078 2005 coram
1099 1975 1206 2011 nobis,

203 2026 284 2056 dicti
301 2030 410 2056 tamen
426 2027 586 2064 magister
599 2031 630 2057 et
647 2028 768 2057 fratres
783 2036 842 2057 nec
858 2032 1032 2062 venerunt,
1051 2037 1110 2058 nec
1122 2028 1208 2058 suffi-

203 2079 348 2109 cientem
373 2088 430 2117 pro
449 2088 483 2109 se
508 2083 707 2110 curaverunt
730 2080 873 2118 dirigere
898 2080 1133 2118 responsalem,
1152 2090 1210 2119 per

204 2129 425 2170 quadraginta
437 2131 507 2161 dies
519 2136 549 2161 et
562 2131 704 2170 amplius
715 2136 789 2170 post
802 2132 982 2162 terminum
993 2133 1207 2172 ex[s]pectati.

204 2184 314 2220 Quare
331 2192 349 2213 a
365 2183 460 2213 nohis
479 2192 553 2213 cum
576 2184 738 2214 instantia
754 2184 942 2222 postulabat
963 2189 1000 2214 ut
1024 2185 1059 2214 in
1079 2185 1210 2215 eosdem

206 2236 404 2274 magistrum
428 2240 459 2265 et
482 2236 601 2266 fratres
626 2240 783 2275 tanquam
806 2237 841 2266 in
866 2241 1076 2267 contumaces
1097 2247 1212 2275 proce-

206 2287 285 2318 dere
301 2296 505 2318 curaremus.
523 2288 673 2326 Cumque
690 2297 799 2318 coram
812 2289 997 2318 venerabili
1015 2290 1117 2319 fratre
1135 2299 1211 2320 nos-

206 2343 258 2369 tro
275 2363 295 2368 ..
313 2340 466 2378 episcopo
482 2340 647 2376 Ostiensi,
667 2349 765 2379 quem
782 2350 880 2379 super
902 2341 964 2371 hoc
980 2342 1086 2371 eidem
1106 2342 1212 2372 archi-

206 2392 360 2431 episcopo
377 2392 528 2422 dedimus
549 2393 744 2427 auditorem,
763 2393 898 2432 quidam
915 2394 1154 2432 comparuisset
1174 2404 1213 2425 ex

207 2445 370 2474 fratribus
402 2444 482 2474 dicti
511 2445 657 2479 ordinis,
692 2445 749 2483 qui
781 2454 816 2475 se
847 2454 913 2475 non
947 2451 1211 2484 procuratorem,

207 2497 267 2527 sed
282 2497 460 2535 specialem
476 2497 624 2535 ipsorum
644 2498 800 2527 nuntium
819 2498 998 2534 asserebat,
1023 2499 1214 2537 proposuit³

207 2549 297 2588 quod
312 2550 347 2578 in
364 2549 456 2579 nullo
472 2549 611 2579 debebat
626 2550 759 2588 procedi
775 2558 835 2580 nec
851 2550 890 2580 de
905 2551 980 2590 jure
998 2555 1126 2589 poterat
1141 2561 1214 2582 con-

207 2605 261 2632 tra
277 2611 344 2638 eos,
361 2611 436 2632 cum
453 2611 513 2632 nec
529 2602 596 2631 sint
608 2611 668 2632 nec
678 2602 804 2632 fuerint
816 2603 850 2632 in
868 2602 979 2642 aliquo
991 2608 1213 2639 contumaces,

243 2745 264 2770 1.
282 2747 356 2770 Avec
371 2747 397 2769 la
410 2746 472 2770 date
486 2745 600 2769 erronee
618 2748 653 2769 Vl
669 2747 735 2769 idus
750 2747 913 2770 novembris
928 2748 968 2775 (=
982 2747 996 2771 8
1010 2749 1177 2779 novembre),
1190 2752 1216 2773 et

209 2790 330 2820 l'inci'pit
345 2799 352 2815 :
369 2799 381 2813 α
397 2791 468 2815 Olim
484 2790 636 2815 venerabili
651 2791 729 2814 fratri
748 2798 770 2819 υ,
787 2790 894 2821 d'apres
909 2791 1075 2822 MANRIQUE,
1090 2794 1217 2817 Annales

210 2836 421 2864 cistercienses,
438 2835 484 2864 lv,
502 2835 555 2859 5⁶29.

240 2878 265 2902 2.
283 2878 421 2902 Peut-etre
436 2878 523 2902 faut-it
539 2878 662 2908 corriget·
677 2885 683 2901 :
701 2885 713 2900 α
730 2878 926 2902 ecclesiasticis
942 2878 1065 2904 decimis.
1081 2887 1094 2902 »

241 2921 266 2945 3.
283 2921 491 2946 Snus-entendu
508 2928 514 2945 :
531 2923 607 2946 idern
623 2923 753 2946 nuntius.

1277 347 1386 381 utpote
1403 343 1452 372 hii
1469 343 1509 373 ad
1525 352 1606 382 quos
1624 343 1715 372 nulla
1732 342 1880 380 legitima
1898 342 2010 372 citatio
2027 346 2230 380 pervenerat,
2247 345 2279 371 et

1277 396 1332 434 qui
1349 405 1449 425 causa
1466 396 1657 434 reipublice
1674 399 1767 425 erant
1784 395 1937 424 absentes
1955 404 2010 432 pro
2026 395 2161 424 servitio
2174 393 2278 424 Jhesu

1277 448 1422 483 Christi,
1448 448 1621 486 presertim
1644 456 1718 477 cum
1741 447 1895 476 citatores
1917 447 2054 484 predicti
2077 447 2203 484 copiam
2227 454 2279 476 re-

1279 501 1391 538 scripti
1409 500 1591 538 apostolici,
1611 500 1704 539 cujus
1720 499 1914 529 auctoritate
1931 508 1985 528 eos
1999 499 2154 532 citabant,
2173 499 2220 528 eis
2235 498 2280 527 fa-

1279 562 1351 582 cere
1368 552 1604 589 denegassent:
1628 551 1775 581 adiciens
1795 551 1891 589 quod.
1909 560 1983 580 cum
2006 560 2104 580 rausa
2128 551 2198 588 ipsa
2211 551 2279 588 jam

1280 605 1355 635 aliis
1371 606 1540 644 judicibus
1562 605 1681 634 suisset
1707 604 1746 633 ab
1773 604 1959 641 Apostolira
1987 603 2068 633 Sede
2091 603 2277 637 commissa,

1280 659 1336 697 qui
1355 668 1413 688 nec
1429 658 1571 688 recusati
1588 658 1732 690 fuerant,
1752 665 1810 685 nec
1828 656 1958 694 abipsis
1971 656 2121 685 extiterat
2134 655 2279 693 legitime

1280 715 1501 749 provocatum.
1521 720 1584 740 non
1603 714 1669 739 erat
1688 718 1786 747 super
1803 709 1916 739 eadem
1935 718 2033 738 eausa
2056 709 2087 737 in
2108 708 2172 737 alio
2192 708 2282 746 judi—

1281 763 1330 793 cio
1354 763 1606 801 procedendum,
1634 762 1775 791 maxime
1800 770 1872 791 cum
1899 761 2087 799 hujusmodi
2113 769 2213 789 causa
2238 760 2281 789 sit

1282 816 1395 849 ardua,
1422 820 1452 845 et
1472 815 1630 852 magister
1658 815 1804 853 ipsorum
1833 814 2055 852 prosecutioni
2082 814 2151 852 ejus
2173 812 2283 850 cupiat

1282 867 1499 906 personaliter
1516 868 1693 901 iuteresse3
1716 867 1802 905 quod
1817 875 1890 895 cum
1908 866 1947 895 ad
1964 874 2109 903 presens,
2129 874 2165 894 ex
2184 873 2283 894 eausa

1283 921 1436 958 superius
1454 929 1617 958 expressa,
1639 919 1710 949 fieri
1734 919 1870 948 minim«¹
1895 919 2064 956 potuisset,
2092 918 2177 947 idem
2198 927 2284 946 nun-

1284 973 1349 1002 tius
1369 973 1562 1010 suppliciter
1580 972 1765 1010 postulabat
1782 976 1815 1001 ut
1834 980 1966 1000 causam
1984 971 2163 1008 predictam
2183 970 2215 999 in
2235 971 2284 999 Is·

1276 1026 1382 1064 'pania
1405 1025 1486 1053 viris
1505 1025 1658 1054 discretis
1679 1024 1883 1053 committere
1905 1023 2110 1056 deberemus,
2136 1027 2168 1051 ut
2195 1022 2284 1052 idem

1284 1078 1442 1115 magister
1460 1077 1683 1115 prosecutioni
1703 1076 1849 1115 ejusdem
1867 1084 1964 1104 cause
1981 1080 2089 1113 posset
2106 1074 2285 1113 personali-

1285 1135 1333 1160 ter
1348 1130 1522 1159 interesse.
1544 1129 1627 1159 Cum
1643 1133 1752 1158 autem
1770 1128 1877 1157 dictus
1894 1127 2067 1165 episcopus
2084 1127 2143 1156 hec
2168 1132 2197 1156 et
2220 1126 2286 1155 alia

1285 1182 1450 1221 proposita
1468 1191 1576 1211 coram
1593 1182 1664 1219 ipso
1679 1181 1773 1210 nobis
1789 1185 1816 1210 et
1837 1180 1994 1209 fratribus
2012 1180 2134 1209 nostris
2149 1179 2287 1217 pruden-

1286 1239 1334 1264 ter
1350 1239 1381 1264 et
1397 1233 1539 1264 fideliter
1556 1233 1736 1266 retulisset,
1761 1241 1831 1266 nos,
1859 1240 1958 1269 super
1978 1231 2045 1260 hiis
2068 1236 2206 1260 tractatu
2228 1231 2287 1260 ha-

1284 1287 1352 1317 bito
1369 1286 1533 1323 diligenti,
1552 1285 1698 1315 volentes
1716 1285 1872 1322 magistro
1889 1289 1919 1313 et
1942 1283 2099 1313 fratribus
2125 1292 2287 1313 memora-

1286 1339 1339 1374 tis,
1364 1339 1500 1368 obtentu
1522 1337 1694 1367 karissimi
1719 1337 1753 1366 in
1776 1336 1909 1367 Christo
1940 1336 2000 1364 tilii
2025 1336 2129 1365 nostri
2157 1359 2175 1364 ..

1286 1391 1428 1423 Castelle
1443 1391 1595 1425 illustris,
1614 1390 1710 1420 nobis
1722 1399 1779 1428 pro
1796 1390 1843 1419 eis
1860 1399 1917 1427 per
1929 1398 2006 1418 suas
2023 1389 2151 1418 litteras
2166 1388 2289 1426 suppli—

1287 1444 1404 1479 cantis,
1428 1444 1537 1473 facere
1560 1443 1700 1480 gratiam
1721 1441 1909 1480 specialem,
1937 1441 1984 1470 sie
2007 1441 2160 1469 duximus
2180 1440 2290 1478 provi-

1287 1496 1430 1526 dendum
1452 1500 1498 1530 ut,
1519 1495 1693 1534 questione
1717 1502 1934 1532 expensarum
1958 1498 2068 1522 nostro
2085 1493 2290 1531 beneplacito

1286 1553 1465 1583 reservata,
1483 1548 1584 1577 iidem
1600 1547 1757 1585 magister
1771 1552 1802 1576 et
1823 1547 1943 1576 fratres
1969 1555 2067 1584 super
2091 1545 2158 1575 hiis
2184 1545 2291 1574 denuo

1287 1603 1479 1632 citarentur.
1499 1601 1658 1637 Quocirca
1675 1599 1886 1638 precipiendo
1902 1598 2098 1628 mandamus
2115 1602 2289 1636 quatenus,

1284 1654 1460 1694 jamdictos
1477 1653 1672 1691 magistrum
1685 1657 1715 1681 et
1730 1652 1849 1681 fratres
1862 1660 1899 1681 ex
1911 1655 2002 1689 parte
2015 1655 2127 1679 nostra
2139 1650 2290 1684 citantes,

1289 1708 1336 1738 eis
1355 1708 1476 1737 festum
1495 1705 1743 1743 Assumptionis
1768 1704 1862 1734 beate
1887 1704 1990 1733 Marie
2008 1704 2154 1741 proximo
2177 1708 2292 1733 rentu-

1289 1768 1362 1789 rum
1390 1759 1569 1789 terminum
1595 1757 1854 1796 peremptorium
1883 1756 2081 1793 assignetis,

2201 1335 2288 1373 regis

2111 1764 2191 1794 quo.
2219 1764 2292 1784 cum

1289 1813 1443 1843 omnibus
1456 1811 1653 1850 privilegiis,
1667 1809 1885 1839 munimentis
1899 1814 1928 1839 et
1942 1808 2125 1838 rationibus
2141 1808 2220 1842 suis,
2235 1816 2292 1845 per

1290 1874 1325 1895 se
1339 1864 1390 1894 vel
1407 1874 1464 1902 per
1479 1867 1709 1902 procuratores
1725 1862 1862 1892 idoneos
1881 1865 2090 1899 compareant
2109 1869 2217 1890 coram
2236 1868 2294 1889 no-

1289 1918 1352 1952 bis,
1368 1916 1489 1946 facturi
1506 1924 1604 1953 super
1623 1914 1797 1953 premissis
1813 1914 1921 1944 eidem
1937 1913 2184 1950 archiepiscopo
2208 1911 2295 1950 quod

1290 1969 1464 2000 dictaverit
1487 1968 1566 1998 ordo
1583 1968 1679 2007 juris.
1705 1966 1871 2005 Quicquid
1898 1970 2006 1995 autem
2033 1965 2109 1994 inde
2134 1964 2292 1998 feceritis,

1291 2022 1386 2053 nobis
1405 2021 1547 2052 fideliter
1561 2020 1765 2050 rescribatis.
1783 2019 1876 2056 Quod
1888 2018 1917 2048 si
1933 2027 1998 2047 non
2015 2026 2128 2047 omnes
2147 2021 2207 2046 etc.
2220 2017 2293 2046 Dat.

1291 2077 1492 2109 Interamne,
1513 2074 1594 2104 VIII
1612 2073 1688 2102 idus
1705 2071 1904 2106 novembris,
1923 2079 2010 2100 anno
2027 2070 2164 2100 decimo.
2185 2082 2197 2095 ι)

1363 2265 1480 2293 3375

1330 2327 1403 2361 Regi
1424 2327 1603 2354 Francorum
1625 2325 1772 2359 significat
1790 2332 1820 2350 se
1840 2323 1975 2350 inhibere
1990 2326 2021 2349 ut
2046 2322 2121 2349 nulli
2140 2322 2229 2348 liceat
2249 2330 2298 2349 ca-

1294 2377 1387 2412 pellas
1403 2376 1476 2409 ejus,
1493 2374 1551 2401 nisi
1567 2374 1602 2401 de
1616 2373 1739 2400 lieentia
1755 2372 1840 2400 Sedis
1855 2371 2043 2406 Apostolicae
2056 2370 2189 2405 speciali,
2204 2370 2298 2396 eecle-

1294 2425 1413 2452 siastico
1428 2431 1590 2458 supponere
1605 2421 1774 2449 interdicto.
1792 2435 1824 2439 -
1840 2421 1927 2452 (Rae.
1945 2419 1988 2451 18,
2006 2420 2026 2446 f.
2043 2419 2095 2445 204
2114 2421 2158 2450 v⁹;
2173 2426 2242 2444 ann.
2258 2417 2297 2449 X,

1295 2481 1319 2500 c.
1336 2472 1402 2504 263;
1419 2486 1452 2490 —
1466 2472 1624 2498 Por‘rffixsr
1639 2469 1749 2500 10260.)

1809 2262 1908 2294 Terni,
1923 2262 1956 2288 13
1973 2261 2131 2288 novembre
2146 2260 2225 2287 1236.

1337 2585 1351 2600 «
1378 2596 1397 2601 ..
1422 2573 1539 2602 illustri
1560 2571 1625 2608 regi
1648 2570 1852 2599 Francorum.
1879 2566 1939 2596 Illa
1963 2565 2076 2595 filialis
2100 2564 2229 2594 devotio
2249 2580 2297 2591 —-.

1296 2627 1370 2656 Dat.
1388 2626 1590 2658 Interamne,
1607 2621 1718 2651 idibus
1738 2619 1939 2652 novembris,
1958 2626 2044 2647 anno
2061 2617 2199 2646 decimo.
2220 2627 2232 2641 n

1367 2807 1485 2836 33¹2ss
1815 2800 1914 2833 Terni,
1928 2799 1961 2826 13
1975 2798 2134 2825 novembre
2148 2797 2227 2824 1236.

1334 2871 1440 2899 Eidem
1456 2868 1591 2897 concedit
1609 2870 1656 2899 ut,
1673 2868 1804 2899 tempore
1819 2862 1964 2897 generalis
1983 2859 2152 2892 interdicti,
2169 2859 2256 2886 liceat
2272 2858 2300 2885 ei

1299 2920 1342 2947 sio
1357 2919 1513 2946 dumtaxat
1528 2915 1630 2943 audire
1645 2913 1764 2946 divina,
1780 2911 1856 2946 quod
1876 2907 2141 2937 excommunicatis
2160 2910 2189 2934 et
2207 2907 2300 2933 inter-
