2519 3518
107 311 162 340 441
968 301 1154 338 nixIEME
1176 300 1334 338 ANNEE.
2137 307 2194 338 442

179 375 321 413 [3233]

145 438 267 474 [Charta
281 441 379 466 autem
397 438 541 473 praedicti
554 438 767 472 archiepiscopi
785 438 855 464 haec
869 440 912 464 est
926 442 933 459 ¹
951 436 970 472 ε]

151 553 163 567 α
181 539 368 576 Anselmus,
385 539 491 577 gratia
504 539 565 569 Dei
581 542 693 568 sancte
706 538 959 569 Cantuariensis
973 537 1111 568 ecclesie

111 605 124 620 n
149 592 433 631 archiepiscopus,
462 591 618 621 omnibus
643 591 790 630 ejusdem
816 590 954 621 ecclesie
978 590 1057 620 filiis
1081 595 1112 620 et

111 658 124 672 r>
149 645 314 681 fidelibus,
328 645 468 675 salutem
481 649 512 675 et
524 644 802 674 benedictionem.
820 644 941 674 Notum
959 644 1001 674 sit
1018 644 1111 674 vohis

110 710 124 725 2)
147 707 198 729 me
214 698 419 729 concessisse
439 702 470 727 et
491 697 703 727 confirmasse
725 696 896 726 monachis
916 697 950 726 in
972 696 1112 726 ecclesia

110 763 123 778 ν)
147 751 394 786 Cantuariensi,
409 750 493 780 mihi
509 750 695 785 commissa,
711 751 778 780 Deo
795 749 1028 785 servientibus,
1042 758 1112 779 om-

111 817 124 831 »
150 813 208 835 nes
230 813 283 834 res
305 808 336 834 et
357 803 585 842 possessiones
605 811 698 838 suas,
717 802 803 832 sicut
824 811 878 832 rex
896 801 1112 832 Wuillelmus

111 870 124 885 ›1
149 857 313 888 concessit
333 857 380 887 eis
399 861 430 887 et
446 856 664 891 confirmavit,
682 855 878 891 honorifice,
894 855 997 885 libere
1013 859 1044 885 et
1060 855 1112 884 in-

111 923 124 938 »
150 915 240 949 tegre
262 910 477 949 possidendas
500 910 535 938 in
557 913 764 947 perpetuum.
789 908 940 939 Concedo
963 908 1110 946 insuper,

111 976 125 991 n
151 964 191 994 ad
207 963 399 993 memoriam
416 970 644 993 successorum
660 970 808 991 meorum
825 965 855 991 et
869 960 1001 990 illorum
1019 960 1113 999 quie-

112 1029 125 1044 »
151 1021 216 1047 tem
240 1021 271 1046 et
294 1024 407 1054 pacem
432 1019 638 1054 perpetuam,
663 1018 698 1044 ut
722 1014 786 1052 ipsi
808 1013 911 1043 libere
937 1013 1113 1051 disponant

112 1081 126 1096 »
150 1073 182 1100 et
200 1069 354 1099 ordinent
373 1068 412 1098 de
429 1068 528 1098 rebus
546 1076 608 1106 que
625 1067 665 1096 ad
683 1075 737 1097 eos
756 1066 936 1104 pertinent,
961 1066 1046 1096 sicut
1064 1066 1113 1095 eis

113 1134 126 1149 n
150 1121 270 1152 melius
291 1125 322 1151 et
344 1120 461 1150 utilius
484 1120 594 1150 visum
611 1119 711 1149 fuerit
730 1119 768 1148 de
784 1118 950 1148 communi
973 1117 1113 1148 consilio

113 1188 126 1203 υ
151 1174 287 1214 capituli
304 1174 368 1209 sui,
382 1178 557 1213 quatenus,
575 1173 661 1203 sicut
675 1172 806 1202 easdem
818 1171 978 1201 habemus
993 1171 1028 1200 in
1043 1180 1113 1209 pos-

112 1241 126 1255 »
151 1227 358 1259 sessionibus
375 1226 516 1260 nostris,
535 1225 715 1256 secundum
732 1228 839 1254 cartas
860 1233 992 1262 regum,
1012 1224 1114 1253 liber-

113 1293 126 1308 »
151 1285 246 1315 tates,
261 1279 404 1310 similem
420 1278 564 1308 habeant
581 1278 615 1307 in
633 1277 839 1316 portionibus
856 1276 998 1314 singulis
1010 1280 1113 1314 potes-

112 1345 126 1360 »
152 1338 262 1364 tatem.
292 1332 389 1363 Salva
414 1331 499 1361 mihi
526 1335 557 1361 et
585 1330 833 1361 successoribus
859 1330 942 1360 meis
968 1329 1114 1367 regulari

112 1399 126 1413 »
151 1385 336 1424 disciplina.
362 1384 455 1421 Quod
483 1384 511 1413 si
537 1383 612 1422 quis
636 1383 696 1413 hec
721 1383 752 1412 vi
776 1382 826 1412 vel
852 1382 968 1412 fraude
989 1381 1113 1411 violare

112 1451 126 1466 ι)
149 1438 398 1477 presumpserit,
417 1436 593 1467 anathema
610 1436 664 1465 sit.
682 1447 694 1462 n

180 1589 302 1618 3234
680 1586 784 1619 Terni,
799 1586 834 1613 1‘r
848 1586 948 1620 juillet
961 1585 1039 1613 1236.

145 1651 264 1680 Eisdem
281 1651 435 1677 confirmat
453 1652 481 1677 et
501 1648 637 1676 rescribit
653 1648 767 1675 litteras
782 1648 933 1675 XVillelmi
953 1646 1019 1683 [11]‚
1036 1648 1112 1681 regis

105 1700 246 1735 Angliae‚
260 1707 346 1733 super
360 1699 489 1733 ipsorum
502 1697 690 1724 libertatibus
701 1699 729 1723 et
743 1696 986 1724 immunitatibus
999 1697 1112 1723 confec-

107 1751 164 1777 tas.
181 1763 213 1767 —
229 1748 315 1781 fflm.
333 1747 383 1780 18,
401 1747 487 1774 f.177
503 1749 547 1778 v⁰;
567 1754 636 1773 ann.
651 1745 695 1778 X,
710 1753 734 1771 c.
752 1745 819 1776 155;
837 1759 868 1763 —
885 1744 1018 1772 Monam
1032 1744 1112 1777 1191,

108 1798 130 1825 f.
147 1797 204 1829 86.)

152 1910 165 1925 ιι
183 1897 311 1927 Eisdem.
328 1894 520 1925 Devotionis
539 1897 646 1924 vestre
663 1892 961 1931 supplicationibus
973 1910 1022 1920 -.
1039 1893 1113 1922 Dat.

109 1951 311 1983 Interamne,
325 1947 478 1978 kalendis
490 1946 580 1986 Julii,
599 1954 686 1976 anno
703 1945 840 1975 decimo.
861 1957 874 1971 »

184 2104 326 2141 [3235]

148 2167 272 2203 [Charta
286 2169 384 2194 autem
399 2165 542 2201 praedicti
559 2165 634 2199 regis
648 2165 718 2191 haec
735 2167 777 2191 est
793 2163 812 2199 ε]

156 2279 169 2294 «
184 2265 386 2300 Willelmus,
402 2274 457 2295 rex
467 2264 598 2303 Anglie,
615 2264 788 2302 episcopis,
802 2264 990 2300 comitibus,
1003 2274 1116 2303 proce-

116 2331 131 2347 »
154 2319 258 2354 ribus,
274 2317 525 2348 vicecomitibus
543 2317 729 2355 ceterisque
749 2316 902 2346 fidelibus
918 2317 999 2353 suis,
1018 2319 1116 2347 Fran-

155 2373 202 2403 cis
219 2377 249 2403 et
268 2371 400 2410 Anglis,
421 2370 574 2401 salutem.
592 2370 713 2400 Sciatis
730 2378 782 2400 me
799 2370 928 2400 dedisse
946 2370 1114 2405 Anselmo,

154 2425 401 2463 archiepiscopo
417 2423 670 2455 Cantuariensis
683 2422 832 2455 ecclesie,
847 2432 921 2453 saca
934 2427 965 2453 et
983 2432 1081 2453 soene
1092 2426 1115 2459 ²,

155 2487 197 2508 on
222 2477 355 2508 strande
380 2481 411 2507 et
437 2485 478 2507 on
502 2480 635 2511 sti-ame,
662 2484 703 2505 on
724 2475 841 2505 woden
869 2480 899 2505 et
921 2485 962 2505 on
987 2476 1114 2511 velden,

155 2531 235 2561 toln.
257 2535 288 2560 et
309 2530 471 2564 theames,
495 2528 700 2566 gritbreche,
724 2528 905 2562 hamsocn.,
931 2529 1116 2560 forestalies

155 2587 186 2613 et
212 2581 523 2619 infangenethieves
551 2585 582 2610 et
611 2588 726 2610 omnes
753 2579 836 2609 alias
861 2580 1052 2616 libertates,
1081 2582 1116 2611 in

155 2641 243 2666 terra
265 2639 296 2665 et
316 2634 411 2668 mari,
432 2643 531 2672 super
549 2642 626 2663 suos
648 2632 811 2663 homines.
833 2633 922 2662 inira
942 2633 1064 2671 burgos
1087 2640 1117 2664 et

156 2693 257 2723 extra,
276 2692 306 2718 et
321 2697 419 2725 super
438 2691 483 2717 tot
500 2687 626 2717 themes
645 2690 722 2724 quot
742 2685 879 2715 ecclesie
896 2685 1021 2716 Christi
1040 2695 1118 2716 con-

117 2700 131 2715 8
117 2648 131 2662 5
116 2595 130 2610 t!
116 2543 130 2558 δ
115 2490 130 2505 ἕ
116 2438 130 2453 8
116 2385 130 2400 :3

150 2793 171 2818 ¹.
187 2793 219 2817 Jo
235 2793 286 2816 n'ai
304 2799 352 2823 pas
368 2792 465 2816 trouve
482 2794 553 2815 cette
570 2791 645 2821 piece
662 2791 729 2814 dans
746 2791 784 2814 les
799 2793 826 2814 S.
843 2792 971 2814 Anselmi
987 2798 1071 2820 opera
1085 2791 1118 2815 de

115 2836 143 2860 la
155 2838 310 2866 Patroloyie
327 2838 412 2860 latine
428 2836 461 2859 de
476 2836 578 2860 Micxa.

147 2880 171 2903 2.
187 2882 237 2905 Ms.
254 2889 261 2904 :
279 2886 371 2911 soene.
388 2893 417 2896 —
437 2879 478 2903 Cf.
497 2879 536 2902 les
554 2879 685 2902 soi-mules
700 2878 753 2902 tres
768 2878 917 2908 analogues
931 2878 994 2901 ‹l'un
1010 2882 1069 2902 acte
1086 2879 1119 2902 de

118 2922 272 2947 Guinaumo
297 2924 321 2947 le
350 2923 541 2953 Conquerant,
567 2923 635 2946 dans
660 2922 777 2946 Tnosms
805 2928 839 2945 oF
869 2922 1023 2948 Emmatu.
1048 2924 1118 2947 Hisl.

118 2969 239 2992 monast.
255 2969 283 2991 S.
299 2970 417 2997 August.
433 2969 577 2997 cantitata,
593 2966 635 2990 ed.
653 2966 682 2991 C.
700 2966 868 2994 Hannwicu,
887 2973 912 2996 p.
930 2966 1045 2990 347-343.

1196 386 1208 400 υ
1233 374 1333 404 cessit
1357 383 1412 404 rex
1438 375 1652 411 Eadwardus,
1675 380 1834 413 cognatus
1858 384 1962 405 meus.
1989 374 2070 404 Volo
2092 374 2193 405 etiam

1197 440 1208 453 ι)
1234 431 1269 456 ut
1287 427 1440 457 monachi
1458 427 1596 458 ecclesie
1617 427 1742 459 Christi
1761 428 2014 458 Cantuariensis
2038 427 2196 457 similiter

1196 492 1208 505 n
1234 480 1388 515 habeant,
1402 480 1435 510 in
1449 481 1603 511 omnibus
1617 481 1714 511 terris
1728 486 1759 511 et
1773 481 1964 511 tenimentis
1977 481 2058 515 suis,
2073 487 2190 510 omnes

1196 545 1208 558 n
1233 533 1397 571 predictas
1411 533 1592 569 libertates,
1605 534 1638 563 in
1652 539 1737 564 terra
1754 539 1784 563 et
1802 535 1894 568 mari,
1912 534 1944 563 in
1962 534 2057 572 aquis
2072 538 2103 563 et
2115 533 2191 567 viis,

1197 599 1209 612 »
1234 591 1263 616 et
1283 587 1437 616 omnibus
1459 587 1534 617 aliis
1554 587 1635 617 locis
1654 591 1685 617 et
1703 587 1856 617 omnihus
1874 587 1972 617 rebus
1993 596 2056 625 que
2080 586 2120 616 ad
2138 594 2195 616 eos

1196 651 1209 665 n
1234 639 1410 677 pertinent,
1434 639 1468 668 in
1490 643 1616 669 tantum
1639 644 1670 669 et
1691 644 1753 669 tam
1781 639 1933 677 pleniter,
1961 640 2045 669 sicut
2070 638 2195 677 proprii

1197 704 1209 718 n
1234 692 1380 722 ministri
1406 693 1471 723 mei
1492 693 1665 732 exquirere
1688 693 1855 723 deberent.
1884 694 2016 723 Portum
2034 692 2133 722 etiam
2154 691 2194 721 de

1196 758 1208 772 n
1235 745 1391 780 Sanwic.,
1404 749 1435 776 et
1448 755 1561 776 omnes
1573 746 1680 776 exitus
1693 750 1723 776 et
1736 746 1993 776 consuetudines
2005 755 2041 776 ex
2054 750 2196 785 utraque

1197 810 1209 824 n
1234 802 1325 836 parte
1343 808 1437 837 aque,
1455 799 1503 828 eis
1522 799 1663 829 concedo
1680 803 1711 829 et
1727 799 1894 833 confirmo,
1915 799 1999 828 sicut
2016 808 2070 829 rex
2087 798 2195 829 Cnud.

1197 863 1209 877 »
1235 851 1282 881 cis
1304 856 1400 881 antea
1423 851 1512 881 dedit
1535 856 1565 881 et
1585 851 1736 882 codicillo
1759 861 1818 881 suo
1836 852 2052 881 confirmavit.
2074 852 2196 881 Domos

1197 916 1210 930 n
1235 904 1333 933 etiam
1349 909 1379 934 et
1395 913 1509 934 omnes
1524 904 1780 935 consuetudines
1794 905 1828 933 in
1845 904 1923 934 villa
1939 905 1977 934 de
1991 905 2134 935 Sanwic.
2147 904 2196 934 eis

1197 969 1210 984 n
1235 958 1376 987 concedo
1395 962 1426 988 et
1441 958 1609 993 confirmo,
1634 967 1715 996 quas
1731 958 1838 992 Oddo,
1858 958 2049 996 Bajocensis
2069 957 2197 995 episco-

1197 1022 1210 1036 »
1234 1019 1294 1048 pus
1311 1015 1342 1040 ct
1358 1010 1474 1040 Cantie
1493 1018 1616 1044 comes,
1635 1010 1683 1040 eis
1700 1010 1862 1039 concessit
1884 1014 1915 1040 et
1935 1015 2025 1040 carta
2042 1019 2101 1039 sua
2117 1018 2198 1040 con-

1197 1074 1209 1088 »
1235 1062 1388 1091 firmavit.
1408 1063 1445 1092 Et
1464 1062 1538 1092 nolo
1558 1063 1625 1100 pati
1646 1066 1680 1092 ut
1701 1062 1823 1101 aliquis
1845 1063 2018 1092 hominum
2041 1072 2074 1093 se
2094 1063 2195 1093 intro-

1198 1127 1210 1140 »
1235 1115 1343 1144 mittat
1364 1115 1402 1144 de
1419 1114 1574 1144 omnibus
1594 1115 1692 1145 rebus
1712 1124 1775 1153 que
1795 1115 1835 1144 ad
1857 1124 1911 1145 eos
1934 1115 2111 1153 pertinent,
2130 1115 2198 1145 nisi

1197 1179 1211 1194 »
1235 1168 1299 1205 ipsi
1319 1172 1349 1197 et
1367 1167 1514 1197 ministri
1530 1176 1657 1203 eorum,
1677 1168 1798 1206 quibus
1815 1168 1879 1206 ipsi
1896 1169 1976 1205 [eas]
1992 1168 2198 1198 committere

1198 1233 1211 1246 τ)
1236 1220 1416 1255 voluerint,
1441 1229 1500 1250 nec
1521 1221 1667 1250 Francus
1691 1229 1750 1250 nec
1771 1220 1908 1258 Anguis.
1932 1220 2085 1250 Testibus
2106 1220 2196 1250 Wil-

1198 1284 1212 1300 η
1235 1273 1344 1307 leimo,
1363 1273 1514 1311 episcopo
1530 1272 1760 1307 Dunelmensi,
1779 1277 1809 1303 et
1825 1272 2030 1310 Gund[ulso].
2045 1273 2197 1311 episcopo

1198 1338 1211 1352 »
1236 1325 1386 1359 Rofensi,
1405 1329 1434 1355 et
1452 1324 1624 1363 Eud[one]‚
1643 1324 1802 1362 dapifero.
1822 1337 1834 1351 n

1266 1523 1384 1552 3236
1775 1523 1866 1555 Rieu,
1883 1524 1915 1550 14
1931 1523 2030 1557 juillet
2046 1524 2125 1551 1236.

1231 1585 1304 1623 Regi
1324 1585 1490 1617 Navarrae,
1512 1582 1613 1611 comiti
1630 1584 1826 1619 Campaniae,
1846 1586 1911 1619 qui,
1932 1586 2026 1612 crucis
2047 1588 2199 1621 assumpto

1194 1635 1360 1669 signaculo,
1378 1635 1409 1662 in
1429 1635 1534 1662 Terrae
1552 1635 1679 1662 Sanctae
1696 1643 1866 1662 succursum
1885 1637 2076 1664 transfretare
2095 1645 2198 1672 propo-

1194 1686 1303 1716 suerat,
1320 1683 1453 1711 concedit
1468 1692 1503 1710 ne
1519 1683 1584 1718 quis
1598 1683 1628 1710 in
1643 1692 1796 1718 personam
1810 1687 1861 1711 aut
1876 1687 1984 1712 terram
2001 1686 2063 1719 ejus
2079 1694 2200 1713 exeom-

1195 1732 1408 1759 municationis
1434 1733 1482 1759 vel
1508 1732 1661 1759 interdicti
1688 1733 1850 1760 sententias
1877 1733 1940 1760 sine
1964 1734 2086 1768 speciali
2112 1734 2199 1762 Sedis

1194 1782 1381 1816 Apostolicae
1398 1781 1537 1808 mandato
1554 1782 1739 1815 promulgare
1760 1782 1867 1815 possit,
1886 1782 1978 1809 donee
1993 1782 2028 1809 de
2043 1782 2137 1817 ipsius
2152 1791 2200 1810 re-

1195 1831 1260 1858 ditu
1282 1831 1331 1857 vel
1355 1830 1436 1857 obitu
1462 1830 1627 1857 certissime
1649 1834 1848 1865 cognoscatur,
1872 1831 1942 1858 dum
1970 1835 2070 1859 tamen
2099 1840 2197 1860 coram

1196 1879 1299 1905 Sancti
1320 1879 1459 1913 Dionysii
1479 1879 1510 1905 in
1529 1879 1655 1906 Francia
1673 1881 1701 1906 et
1721 1879 1937 1907 clarevallensi
1955 1879 2128 1914 abbatibus,
2149 1881 2198 1908 vel

1195 1935 1295 1953 eorum
1315 1928 1407 1954 altero
1419 1948 1425 1959 ‚
1440 1935 1491 1961 per
1505 1935 1535 1953 se
1550 1927 1598 1953 vel
1614 1935 1665 1961 per
1680 1928 1878 1961 responsalem
1895 1927 2032 1954 idoneum
2048 1929 2197 1962 justitiam

1195 1975 1231 2002 de
1253 1975 1316 2009 ipso
1342 1975 1589 2009 conquerentibus
1611 1975 1750 2002 exhibere
1772 1975 1810 2002 sit
1834 1980 1962 2010 paratus.
1987 1991 2018 1995 —
2040 1978 2126 2008 (Res.
2148 1977 2198 2010 18,

1196 2024 1280 2050 f.177
1296 2027 1339 2055 5⁷⁶3
1354 2032 1423 2050 ann.
1443 2024 1487 2055 X,
1504 2032 1528 2050 c.
1547 2023 1612 2056 1563
1631 2038 1662 2042 ——
1679 2024 1836 2051 PorruAsr
1852 2025 1979 2055 10206¹.)

1238 2136 1251 2150 «
1280 2148 1298 2152 ..
1327 2125 1442 2153 illustri
1467 2125 1530 2161 ressi
1555 2125 1704 2159 Nat-arro,
1729 2125 1834 2153 comiti
1859 2125 2034 2162 Campanie.
2062 2126 2118 2155 Eis
2142 2126 2200 2165 qui

1197 2176 1302 2214 signo.
1320 2194 1359 2197 —
1373 2177 1447 2206 Dat.
1465 2177 1582 2206 Reate.
1602 2177 1633 2206 II
1653 2177 1727 2205 idus
1749 2176 1840 2215 julii,
1861 2178 2071 2215 pontificatus
2095 2178 2201 2208 nostri

1198 2237 1284 2259 anno
1301 2229 1437 2259 decimo.
1459 2241 1471 2255 »

1269 2427 1387 2455 323¹?
1780 2428 1874 2461 Rieti,
1891 2430 1923 2455 14
1936 2429 2033 2462 juillet
2050 2430 2128 2456 1236.

1233 2490 1276 2516 De
1301 2490 1443 2518 Cheziaeo
1465 2493 1493 2517 et
1513 2490 1610 2517 Vallis
1636 2491 1772 2518 Secretae
1796 2490 1966 2523 abbatibus,
1990 2491 2025 2517 de
2048 2491 2149 2518 eadem
2170 2499 2201 2518 re

1198 2537 1338 2570 scribens,
1350 2539 1471 2565 mandat
1487 2542 1631 2573 quatenus
1647 2539 1818 2566 sententias.
1830 2539 1853 2565 si
1868 2547 1949 2572 quas,
1965 2542 2063 2565 contra
2081 2548 2200 2566 eonces—

1198 2586 1310 2613 sionem
1324 2586 1505 2620 praedictam
1521 2588 1629 2613 factam
1644 2587 1703 2619 regi
1720 2587 1881 2618 Nax-arrae,
1896 2587 1926 2613 in
1944 2595 2009 2613 eum
2027 2588 2073 2613 vel
2091 2592 2198 2614 terram

1198 2634 1260 2667 ejus
1271 2635 1424 2668 contigerit
1438 2635 1627 2669 promulgari,
1638 2635 1813 2661 denuntient
1824 2643 1880 2660 non
1891 2637 1999 2661 tenere.
2014 2649 2044 2652 —
2057 2636 2142 2666 (Res.
2155 2634 2200 2667 18,

1199 2683 1219 2709 f.
1236 2683 1288 2709 178
1305 2686 1345 2715 1·⁰;
1362 2691 1431 2710 ann.
1447 2683 1486 2716 X,
1503 2692 1527 2709 c.
1550 2683 1624 2713 157.)

1242 2795 1254 2809 t<
1275 2806 1294 2811 ..
1312 2783 1346 2812 de
1367 2784 1512 2813 cheziaco
1535 2789 1559 2812 cl
1578 2806 1596 2811 ..
1620 2784 1713 2812 Vallis
1732 2783 1845 2811 Srcrcle
1865 2783 2035 2817 abhatibus,
2063 2783 2200 2812 Suessio-

1201 2837 1302 2865 nensis
1317 2836 1452 2865 diocesis.
1470 2835 1552 2866 Cuni
1570 2835 1747 2864 karissimo
1765 2834 1798 2863 iu
1816 2851 1862 2861 —-.
1882 2835 1954 2863 Dat.
1968 2839 2001 2863 ut
2018 2843 2127 2872 supra.
2145 2847 2158 2860 n

1234 2966 1254 2989 1.
1274 2967 1347 2990 Avoc
1363 2967 1482 2995 l'incipit
1499 2965 1596 2989 ertone
1613 2972 1618 2988 ε
1637 2973 1648 2987 (ι
1665 2965 1719 2988 Eos
1735 2965 1780 2995 qui
1797 2965 1884 2995 signo.
1904 2974 1914 2986 ι)
