2423 3487
97 313 153 343 583
818 313 1057 344 REG1sTREs
1078 312 1134 342 DE
1156 304 1378 342 GREGOIRE
1401 314 1460 343 tx.
2128 315 2186 347 584

168 378 281 406 3542

134 439 276 473 Magistro
295 439 444 472 Andreae,
464 440 615 474 capellano
635 448 701 473 suo,
719 440 869 467 Bononiae
890 439 1095 471 commoranti,

98 488 221 515 mandat
240 490 396 521 quatenus,
416 501 447 505 —
464 495 551 514 causa
573 490 672 514 exorta
687 487 764 514 inter
780 488 943 522 capitulum
960 488 1095 520 Polense,

97 535 172 569 quod
190 535 430 561 archidiaconum
448 535 602 561 Polensem
618 535 649 561 in
667 543 753 562 suum
769 535 937 569 episcopum
957 535 1093 568 elegerat,

97 592 132 610 ex
146 591 204 610 una
217 586 308 616 parte,
321 585 348 609 et
360 583 406 615 B.,
419 583 617 617 praepositum
631 583 887 615 Concordiensem,
900 591 915 609 a
927 583 1095 617 patriarcha

95 630 286 664 Aquilegensi
301 630 336 656 ad
353 630 445 664 ipsius
459 631 599 657 ecclesiae
614 631 748 657 Polensis
762 631 890 665 regimen
906 631 1044 663 electum,
1059 638 1094 657 ex

97 680 204 711 altera,
222 693 254 697 -—
270 679 386 712 utrique
403 679 478 713 parti
501 679 662 705 terminum
679 680 828 713 praefigat,
851 687 906 713 quo
926 679 1093 712 praedictus

99 727 280 761 praepositus
303 728 509 761 personaliter,
530 727 693 761 capitulum
709 735 777 754 vero
794 735 844 761 per
864 729 1091 761 procuratorem,

94 782 190 801 coram
206 774 268 808 ipso
284 782 359 808 papa
374 778 572 808 compareant.
588 790 620 793 —
636 776 722 807 (Rae.
737 775 785 808 18,
806 776 826 802 t.
843 775 895 801 236
908 778 951 807 v⁰;
969 783 1038 801 ann.
1053 775 1092 807 X,

94 831 118 849 c.
135 822 202 854 397;
218 837 249 840 —
266 823 303 849 ct.
318 830 412 854 supra,
430 826 459 848 n⁰
472 823 563 853 3169.)

689 379 788 412 Terni‚
805 380 838 406 13
854 388 931 405 mars
946 379 1025 405 1237.

135 948 147 963 «
172 937 331 973 Mayislrffl
352 937 477 965 Audi-ee.
501 937 655 973 capellano
677 942 787 970 nostro,
809 938 941 965 Bououie
965 946 1093 966 commo-

95 991 193 1019 rami.
218 989 336 1018 Dilecti
358 989 416 1017 filii
440 989 620 1026 capitulum
641 989 780 1019 Polense
803 998 863 1019 sua
890 990 985 1019 nobis
1008 990 1093 1027 peti-

92 1042 180 1071 tione
207 1046 432 1071 monstrarunt
453 1042 551 1079 quod,
577 1051 665 1077 cum,
686 1051 790 1080 nuper
816 1051 928 1072 eorum
953 1043 1091 1072 ecclesia

91 1095 233 1132 pastoris
249 1094 370 1123 solacio
386 1094 553 1128 destituta,
572 1094 635 1132 ipsi
654 1118 674 1124 ..
693 1094 962 1124 archidiaconum
983 1104 1090 1129 suum,

91 1146 292 1176 venerahilis
309 1155 384 1176 vero
402 1148 503 1176 frater
518 1151 628 1177 noster
648 1171 666 1176 ..
686 1147 873 1185 patriarcha
890 1148 1092 1186 Aquilegen-

91 1199 138 1229 sis
158 1200 209 1234 B.‚
232 1200 435 1237 prepositum
450 1200 738 1233 Concor-diensem,
765 1201 805 1230 ad
827 1201 933 1239 ipsius
955 1202 1092 1231 ecclesie

90 1252 239 1289 regimen
256 1252 444 1289 elegissent,
463 1261 522 1282 nos
534 1253 716 1283 venerabili
732 1253 828 1282 fratri
844 1258 955 1283 nostro
972 1277 990 1282 ..
1010 1255 1092 1292 epis-

91 1313 170 1343 copo
186 1304 373 1335 Castellano
392 1305 527 1343 suisque
544 1305 678 1343 collegis
695 1306 817 1335 nostris
838 1306 987 1336 dedimus
1005 1307 1093 1337 litte-

91 1357 138 1387 ris
154 1357 188 1386 in
205 1357 369 1386 mandatis
384 1362 427 1393 ut,
444 1358 567 1387 vocatis
584 1358 640 1396 qui
655 1359 792 1388 vocandi
806 1359 924 1393 forent,
943 1360 981 1389 de
997 1360 1092 1389 modo

93 1409 307 1440 electionum.
333 1410 451 1439 studiis
481 1410 676 1447 eligentium
705 1415 735 1440 et
757 1411 935 1441 electorum
963 1413 1092 1442 meritis

94 1461 255 1500 inquisita
271 1461 463 1499 diligentius
473 1462 622 1497 veritate,
638 1472 701 1501 que
712 1463 911 1499 invenirent,
927 1465 1021 1494 nohis
1036 1475 1093 1503 per

93 1523 170 1544 suas
188 1513 315 1544 litteras
331 1514 542 1550 intimarent,
560 1524 578 1544 a
597 1516 717 1554 quibus
734 1525 807 1546 cum
832 1517 919 1546 idem
944 1518 1092 1556 preposi-

92 1573 144 1599 tus
168 1569 207 1598 ad
231 1573 376 1599 nostram
400 1569 547 1600 duxisset
569 1570 773 1601 audientiam
794 1572 1035 1610 appellandum,
1061 1578 1092 1603 et

96 1621 309 1660 appellationi
325 1622 395 1660 ejus
418 1622 497 1651 dieti
510 1623 638 1661 judices
655 1623 867 1659 detulissent,
888 1634 964 1659 nos,
983 1626 1023 1655 ad
1039 1626 1092 1655 in-

95 1674 251 1704 stantiam
267 1674 345 1703 dicti
360 1675 527 1712 prepositi,
546 1675 658 1705 eodem
676 1676 818 1714 capitulo
835 1677 1040 1715 supplicante
1058 1683 1092 1708 ut

92 1726 128 1755 in
152 1727 318 1764 presentia
345 1731 455 1756 nostra
478 1728 709 1765 procederetur
730 1729 765 1757 in
795 1738 904 1764 causa,
934 1753 953 1758 ..
981 1731 1092 1760 abbati

93 1780 206 1810 Sancti
225 1780 383 1817 Stephani
401 1781 621 1810 Bononiensis
638 1786 667 1811 et
687 1782 914 1821 conjudicibus
936 1783 1006 1822 ejus
1030 1784 1091 1813 sub

93 1841 130 1862 ea
146 1832 251 1861 forma
268 1833 434 1870 negotium
454 1833 606 1863 duximus
618 1835 900 1870 committendum,
918 1840 964 1869 ut,
982 1846 1090 1874 proce.-

90 1884 204 1915 dentes
217 1885 310 1923 juxta
326 1885 471 1922 priorum
488 1886 724 1915 continentiam
742 1887 939 1923 litterarum,
957 1898 1091 1918 causam

91 1937 230 1967 eandem
247 1937 285 1966 ad
303 1946 361 1966 nos
383 1938 585 1968 sufficienter
606 1939 802 1969 instructam
824 1941 992 1971 remittere
1016 1952 1091 1980 pro-

90 1995 262 2025 curarent3
281 1999 388 2020 coram
406 1992 526 2029 quihus
542 2000 627 2027 cum,
650 1993 735 2022 dicto
755 1994 920 2032 preposito
941 2005 998 2033 per
1016 2005 1091 2033 pro-

95 2046 277 2072 curatorem
308 2048 533 2081 comparente,
564 2053 754 2082 processum
784 2045 979 2084 aliquandiu
1008 2048 1091 2077 exti-

94 2095 206 2130 tisset,
235 2099 265 2125 et
290 2096 419 2134 judices
447 2096 511 2135 ipsi
537 2106 612 2127 eum
638 2098 845 2135 postmodum
871 2100 1091 2137 personaliter

122 2226 142 2250 ¹.
157 2226 245 2250 Toute
261 2230 331 2250 cette
345 2227 421 2257 pic-ce
438 2231 478 2251 est
494 2229 574 2252 biffee
590 2229 657 2253 dans
672 2229 697 2253 le
710 2231 842 2260 Reqistre.

1180 377 1384 413 citavissent,
1410 379 1496 408 idem
1518 379 1721 417 prepositus,
1743 379 1852 409 locum
1885 380 1951 410 sibi
1981 384 2090 411 tutum
2117 391 2184 412 non

1179 438 1251 459 esse
1265 439 1464 468 pioponens,
1483 431 1523 460 ad
1539 431 1770 469 appellationis
1787 431 1963 470 diffugium
1979 434 2182 471 convolavit3

1179 487 1209 512 et
1233 491 1307 512 cum
1330 483 1450 520 prefati
1467 483 1606 522 judices,
1630 483 1779 514 volentes
1799 484 1830 514 ei
1857 485 1988 516 auferre
2010 486 2184 517 materiam

1177 534 1395 573 malignandi,
1422 535 1525 565 alium
1550 536 1614 566 sibi
1640 545 1795 566 securum
1818 537 1972 567 duxerint
2001 539 2184 569 conceden-

1177 589 1270 623 dum,
1290 588 1363 624 ille,
1384 589 1556 618 occasione
1578 588 1810 626 appellationis
1831 590 1980 628 ejusdem
2002 600 2113 621 coram
2135 591 2185 622 eis

1176 641 1352 679 procedere
1373 641 1551 678 denegans,
1578 640 1743 671 malitiose
1766 641 1894 671 laborat
1918 643 2087 681 negotium
2107 652 2184 682 pro-

1176 702 1304 731 rogare.
1333 693 1368 722 in
1400 702 1466 723 non
1486 693 1649 723 modicam
1670 693 1817 732 ejusdem
1838 694 1977 724 ecclesie
2003 695 2180 732 lesionem,

1177 755 1239 784 que
1252 747 1321 785 jam
1336 755 1394 784 per
1411 745 1586 776 biennium
1608 749 1638 775 et
1660 746 1801 784 amplius
1823 747 1966 785 pastoris
1988 748 2112 778 mansit
2131 757 2186 778 re-

1177 799 1301 837 gimine
1318 799 1461 828 viduata.
1484 799 1590 837 Super
1605 808 1670 837 quo
1686 799 1853 837 provideri
1874 801 2040 838 prefatum
2056 801 2184 839 capitu-

1175 851 1243 881 lum
1260 851 1450 889 postulavit,
1466 851 1642 889 presertim
1657 860 1732 881 cum
1754 852 1843 881 idem
1865 853 2064 891 prepositus,
2086 862 2184 892 prop-

1175 908 1224 934 ter
1247 904 1411 934 desectum
1435 904 1585 938 scientie,
1612 904 1653 933 ad
1679 904 1899 942 episcopalem
1927 905 2088 935 honorem
2117 914 2183 935 non

1176 957 1291 987 debeat
1332 957 1529 995 promoveri.
1572 957 1790 987 Attendentes
1818 957 1923 996 igitur
1955 958 2042 996 quod
2073 958 2184 988 defec-

1176 1014 1227 1039 tus
1255 1009 1325 1048 ipse
1359 1009 1456 1039 facile
1491 1010 1612 1047 poterit
1644 1010 1679 1039 in
1721 1014 1833 1040 nostra
1869 1011 2039 1048 presentia
2054 1011 2183 1049 ‘depre-

1176 1063 1294 1098 hendi,
1323 1072 1358 1092 ac
1384 1062 1534 1092 nolentes
1559 1063 1665 1101 ipsius
1692 1063 1831 1093 ecclesie
1858 1063 2069 1101 dispendium
2096 1063 2184 1094 ulte-

1176 1116 1246 1146 rius
1275 1116 1457 1151 sustinere,
1479 1116 1675 1145 mandamus
1698 1121 1863 1154 quatenus
1884 1116 2026 1154 prefigas
2048 1116 2184 1155 utrique

1176 1169 1261 1207 parti
1281 1169 1458 1198 terminum
1474 1168 1733 1206 peremptorium
1750 1173 2002 1206 competentem,
2018 1177 2082 1207 quo
2094 1168 2184 1199 idem

1174 1222 1361 1261 prepositus
1384 1221 1614 1260 personaliter,
1638 1221 1821 1259 capitulum
1839 1230 1916 1251 vero
1937 1230 1995 1260 per
2015 1221 2184 1251 sufficien-

1175 1280 1239 1305 tem
1270 1278 1301 1305 et
1325 1274 1482 1304 idoneum
1508 1277 1770 1312 procuratorem,
1798 1283 1873 1304 cum
1898 1274 2086 1304 rationibus
2112 1273 2182 1304 suis

1175 1331 1385 1366 compareant
1415 1336 1525 1357 coram
1555 1327 1666 1363 nohis,
1691 1327 1813 1356 facturi
1842 1331 1873 1356 et
1901 1326 2067 1365 recepturi
2096 1326 2184 1365 quod

1174 1381 1252 1410 ordo
1283 1379 1457 1410 dictaverit
1485 1379 1637 1409 rationis.
1673 1379 1767 1416 Quod
1795 1383 1905 1409 autem
1935 1379 2012 1409 inde
2044 1379 2204 1415 feceriss

1174 1434 1270 1463 nohis
1292 1442 1348 1471 per
1365 1437 1447 1469 ,tuas
1468 1432 1597 1473 litteras
1619 1432 1776 1462 intimare
1798 1441 1964 1470 procures.
1990 1433 2063 1462 Dat.
2091 1433 2182 1462 Inte-

1175 1495 1300 1521 ramne,
1320 1487 1370 1516 III
1386 1486 1461 1515 idus
1477 1485 1600 1520 martii,
1620 1494 1706 1515 anno
1722 1484 1860 1515 decimo.
1881 1497 1893 1511 »

1244 1704 1362 1732 3543

1210 1767 1349 1801 Gregorio
1363 1767 1398 1793 de
1413 1766 1565 1799 Viterbio,
1582 1765 1726 1793 familiari
1742 1774 1808 1798 suo,
1823 1765 1943 1792 nuntiat
1963 1774 1993 1792 se
2006 1767 2119 1800 septem
2134 1773 2182 1792 ru-

1173 1815 1268 1843 blatas
1288 1818 1383 1842 terrae
1403 1815 1439 1841 ad
1461 1823 1631 1841 mensuram
1648 1815 1830 1847 Romanam,
1847 1814 1879 1840 in
1897 1813 2064 1841 tenimento
2086 1813 2181 1848 posito

1172 1865 1204 1891 in
1221 1864 1368 1891 territorio
1380 1863 1557 1896 Cornetano,
1571 1863 1646 1897 quod
1661 1863 1860 1890 tenimentum
1875 1863 1977 1897 Poppa
1992 1863 2028 1889 de
2041 1862 2182 1890 Mandria.

1172 1912 1336 1946 vulgariter
1356 1912 1583 1946 nuncupabatur
1603 1914 1631 1938 et
1650 1911 1687 1938 ad
1704 1912 1871 1938 Romanam
1886 1911 2052 1938 Ecclesiam
2070 1910 2182 1944 specia-

1172 1961 1240 1988 liter
1254 1961 1431 1995 pertinebat,
1444 1961 1471 1987 ei
1487 1963 1515 1987 et
1531 1961 1593 1994 ejus
1609 1960 1680 1987 filiis
1695 1960 1726 1987 in
1743 1960 1876 1992 feudum,
1886 1960 1941 1986 sub
1951 1960 2069 1987 redditu
2082 1967 2181 1989 annuo

1171 2009 1260 2036 unius
1274 2009 1366 2036 librae
1380 2017 1462 2036 cerae
1474 2009 1615 2037 Gamerae
1625 2008 1813 2043 Apostolicae
1826 2008 1978 2042 solvendo,
1991 2007 2179 2035 concessisse.

1171 2073 1203 2076 —
1220 2059 1306 2091 (Rae.
1322 2057 1365 2091 18,
1381 2058 1465 2085 1237
1481 2061 1519 2090 r⁰;
1533 2066 1604 2085 ann.
1618 2058 1658 2091 X,
1673 2066 1698 2084 0.
1715 2057 1791 2089 398.)

1788 1703 1892 1736 Terni,
1907 1703 1923 1730 6
1939 1711 2017 1730 mars
2030 1703 2109 1730 1237.

1212 2185 1225 2199 «
1252 2173 1392 2211 Gregorio
1406 2173 1439 2202 de
1458 2173 1596 2209 VMerbio,
1616 2173 1774 2209 familiari
1789 2177 1902 2201 nostro.
1920 2171 2067 2209 Dignum
2083 2173 2133 2200 est
2148 2173 2182 2200 et.

1171 2243 1220 2254 —.
1238 2226 1312 2255 Dat.
1330 2226 1531 2261 Interamne,
1551 2226 1583 2255 ΙΙ
1600 2234 1704 2255 nonas
1718 2224 1842 2260 martii,
1858 2233 1945 2254 anno
1961 2223 2099 2254 decimo.
2119 2235 2132 2250 1>

896 2606 948 2626 rm
971 2606 1010 2627 DE
1033 2607 1072 2627 LA
1095 2600 1226 2628 omi-:ME
1248 2603 1363 2630 ANNnE.
