2519 3518
99 307 151 337 701
954 303 1144 340 olemffl
1167 304 1324 340 ΑΝΝΕΕ.
2122 315 2176 343 τοῦ

98 372 287 412 hujusmodi
322 383 378 412 pro
415 384 475 404 sua
511 375 647 405 veniens
682 375 867 411 voluntate,
902 376 1097 413 magistrum

97 425 283 456 «Iohannem
296 426 417 457 dictum
437 427 672 461 Presbiterum,
687 428 854 467 perjurum
872 433 902 458 et
917 437 1097 458 excommu-

99 478 276 508 nicationis
294 479 424 509 vinculo
441 480 651 514 innodatum,
670 481 726 519 qui
743 481 840 510 etiam
858 486 971 511 contra
993 481 1097 518 ipsam

98 530 269 561 ecclesiam
289 531 322 560 in
345 541 444 562 causa
460 541 557 570 quam
581 532 679 562 habet
697 533 783 562 idem
803 533 945 563 decanus
962 542 1034 563 cum
1050 532 1097 571 [..]

99 583 214 613 abbate
229 588 256 613 et
268 589 430 614 conventu
444 585 635 614 monasterii
647 586 757 615 Sancti
772 586 858 615 Petri
870 585 1094 620 Cat-notensis,

99 636 254 674 usquead
272 637 368 667 tinem
381 646 479 667 cause
491 638 690 675 patrocinari
703 642 842 672 tenetur,
859 639 994 676 prestito
1005 639 1098 677 jura-

99 693 225 723 mento,
244 698 307 718 non
326 689 514 719 renuntiato
536 690 694 720 beneficio
711 691 796 729 quod
815 691 894 720 alibi
911 691 1095 720 obtinebat.

99 745 170 778 post
192 741 444 779 appellationem
468 752 486 772 a
508 765 529 771 ..
555 748 763 781 procuratore
789 744 893 781 ipsius
917 743 1032 773 decani
1058 744 1097 773 aul

101 802 159 823 nos
172 793 319 831 legitime
335 795 552 834 interjectam,
568 796 632 826 sibi
645 806 701 834 per
716 796 817 826 alium
835 806 890 834 pro
906 806 965 826 sua
982 796 1097 826 volun-

101 850 164 875 tate
180 846 306 876 faciens
323 848 519 885 presentari,
539 857 613 878 eum
630 849 668 878 de
684 849 785 884 sacto,
803 858 876 878 cum
895 849 932 878 de
946 849 1020 887 jure
1041 858 1098 878 ne-

99 898 258 937 quiverit,
276 900 422 929 instituit
439 900 487 930 vel
507 901 615 938 potius
632 901 767 931 intrusit
783 901 816 931 in
833 902 1027 931 canonicum
1045 910 1093 931 ec-

99 951 198 981 clesie
217 957 410 986 memorate,
429 953 493 982 sibi
510 953 708 991 prebendam
725 964 787 992 que
804 954 910 983 suerat
933 954 1095 992 quondam

98 1005 148 1040 G.,
162 1005 328 1035 Dunensis
341 1005 576 1040 archidiaconi,
587 1007 795 1039 conserendo,
810 1007 842 1036 in
856 1016 920 1036 non
933 1007 1095 1036 modicum

98 1057 331 1087 detrimentum
359 1058 466 1096 ipsius
497 1058 612 1088 decani
645 1063 676 1088 et
705 1058 842 1088 ecclesie
870 1059 1093 1089 Cat-notensis.

98 1109 310 1148 supplicante
323 1111 425 1148 igitur
440 1111 511 1149 ipso
528 1110 650 1141 decano
667 1115 701 1140 ut
718 1120 816 1149 super
833 1111 891 1141 boc
906 1120 1096 1141 curaremus

97 1163 162 1192 sibi
183 1168 213 1193 et
232 1163 337 1193 eidem
355 1163 492 1193 ecclesie
510 1164 582 1193 sine
605 1173 694 1194 more
718 1164 890 1202 dispendio
907 1164 1093 1202 providere.

97 1215 291 1246 mandamus
313 1220 476 1255 quatenus
500 1217 717 1254 peremptorie
736 1216 839 1246 dictos
858 1217 1045 1254 episcopum
1066 1221 1094 1247 et

97 1268 291 1305 magistrum
301 1277 337 1298 ex
349 1273 439 1307 parte
454 1274 564 1298 nostra
576 1269 676 1298 citare
687 1278 852 1306 procures,
868 1274 904 1299 ut
916 1269 1003 1298 infra
1015 1269 1095 1298 duos

97 1330 227 1350 menses
246 1325 317 1358 post
333 1321 522 1350 citationem
542 1325 642 1356 tuam,
659 1329 704 1355 se,
723 1330 796 1350 eum
810 1321 995 1350 rationibus
1013 1321 1094 1355 suis,

96 1373 314 1411 personaliter
330 1382 387 1403 seu
405 1382 461 1411 per
479 1377 706 1411 procuratores
719 1373 870 1407 idoneos,
890 1378 1000 1403 nostro
1018 1383 1095 1403 con-

97 1426 222 1464 spectui
244 1430 487 1464 representent,
507 1426 625 1456 facturi
649 1431 680 1456 et
704 1427 867 1464 recepturi
889 1427 975 1465 quod
993 1427 1096 1456 dicta-

97 1477 180 1507 verit
203 1478 281 1508 ordo
298 1478 394 1516 juris.
419 1478 511 1514 Quod
533 1483 640 1508 autem
667 1478 743 1508 inde
767 1479 898 1513 seceris,
923 1479 1017 1508 nobis
1040 1488 1096 1516 per

98 1536 170 1560 tuas
186 1530 313 1560 litteras
330 1531 462 1561 studeas
481 1531 647 1561 iutimare.
671 1532 743 1561 Dat.
761 1531 920 1566 Viterhii,
939 1532 1020 1561 XIII
1038 1531 1096 1560 ka-

96 1583 308 1622 lendasjulii,
327 1592 413 1613 anno
429 1583 614 1613 undecimo.
636 1596 649 1610 2>

166 1807 283 1835 3¹26ss
667 1806 798 1834 Viterbo.
815 1808 848 1833 ΞΤ
863 1807 926 1839 juin
945 1808 1022 1833 1237.

132 1870 283 1903 Magistris
300 1870 386 1896 Petro
407 1869 442 1895 de
458 1870 554 1903 Papa..
572 1869 749 1895 subdiacono
765 1878 825 1896 suo.
841 1873 867 1895 et
886 1870 971 1896 Petro
987 1869 1023 1895 do
1039 1870 1094 1896 Co-

96 1919 208 1951 lumna,
223 1918 373 1945 canonicis
388 1917 615 1945 Parisiensibus.
629 1917 749 1944 mandat
763 1922 906 1950 quatenus
918 1918 1093 1946 Joliauuem.

96 1967 234 1993 clericum
252 1966 455 1999 Anagninum.
472 1966 638 1999 cupientem
657 1965 841 1991 s‹·liolasticis
863 1965 1032 1999 disciplinis
1049 1966 1095 1991 in—

95 2015 208 2042 sistere.
226 2015 254 2041 in
272 2015 370 2048 aliqua
389 2015 577 2040 eeclesiarum
597 2014 766 2047 provinciae
786 2014 954 2042 111-11100515.
973 2022 1095 2040 cousue-

97 2063 199 2091 tudine
213 2065 258 2089 x'cl
274 2066 393 2090 statuto.
408 2063 574 2096 juramento
591 2063 636 2088 vol
660 2062 718 2088 alia
736 2062 875 2088 firmitate
889 2063 1019 2089 vallatis.
1038 2071 1092 2088 non

95 2113 290 2144 obstantibus,
307 2112 395 2138 etiam
417 2112 440 2137 si
463 2111 492 2137 iu
516 2111 635 2137 eet-lesia
662 2111 690 2136 111
717 2119 772 2144 qua
793 2111 818 2136 ei
838 2111 976 2137 «luxerint
998 2111 1095 2144 pruvi—

96 2161 236 2191 dendum,
251 2160 302 2186 alii
319 2160 356 2187 sit
373 2160 408 2186 ‹le
431 2160 568 2186 mandato
585 2159 743 2193 apostsuieo
761 2159 924 2192 provisumv
943 2159 1033 2192 recipi
1053 2160 1095 2185 sa—

97 2209 177 2236 ciant
191 2209 219 2235 in
235 2209 421 2239 canonicum,
436 2209 520 2242 vique
536 2208 570 2234 dc
585 2207 764 2242 praebenda,
783 2216 868 2241 quam
885 2207 942 2233 cito
956 2216 985 2233 se
1003 2208 1095 2233 facul-

98 2261 141 2284 tas
157 2257 306 2287 obtulcrit,
330 2257 512 2290 provideant.
537 2271 567 2274 -
592 2257 678 2287 (Hau.
703 2256 745 2284 18.
770 2258 788 2281 f.
810 2255 859 2281 301
884 2259 928 2283 1·”’;
947 2264 1016 2282 auu.
1042 2256 1094 2287 xl,

96 2315 121 2332 o.
147 2305 219 2334 152.)

139 2431 151 2445 «
167 2419 320 2455 Massislris
336 2417 442 2457 l'[etr0]
459 2419 492 2446 (Ie
509 2418 598 2455 Papa,
617 2418 801 2446 subdiacono
815 2422 925 2451 nostro.
943 2422 969 2445 e!
986 2418 1095 2454 P[e¹lro]

97 2471 130 2499 ‹Ie
145 2472 322 2508 Columpna,
341 2472 496 2499 canonicis
517 2471 750 2498 l’arisiensibus.
768 2469 861 2505 Quia.
881 2469 965 2498 sicut
983 2469 1031 2498 sol
1047 2487 1094 2498 —.

98 2523 170 2552 Dat.
184 2522 337 2557 vitei-bii,
353 2523 379 2551 Υ
393 2522 550 2552 kalendas
563 2522 651 2560 julii,
669 2521 879 2559 pontificatus
893 2521 996 2551 nostri
1011 2530 1096 2550 anno

97 2575 281 2605 undecimo.
303 2588 314 2600 n

168 2796 286 2825 3282)

135 2858 234 2885 Eleeto
248 2859 474 2893 Rotbomagensi
490 2859 650 2885 committit
663 2859 875 2885 Virziliaceuse
887 2859 1097 2885 monasterium

638 2797 769 2826 Viterbe,
787 2798 821 2823 1”r
836 2797 933 2830 juillet
948 2797 1026 2823 1237.

100 2906 294 2939 visitandum,
312 2907 395 2941 eique
416 2907 531 2934 diversa
551 2907 600 2933 dat
623 2907 761 2933 mandata
777 2906 812 2932 ad
829 2907 959 2939 ejusdem
983 2913 1098 2931 monas-

100 2954 166 2980 terii
181 2955 417 2982 reformationem
436 2959 461 2981 et
484 2955 519 2981 ad
543 2955 615 2981 illud
633 2955 814 2981 visitationis
838 2954 985 2987 negotium
1008 2953 1099 2987 perti-

1181 376 1291 403 nentia.
1311 391 1341 394 —
1362 378 1448 404 (111311,
1474 378 1515 406 18.
1535 380 1553 404 t.
1575 378 1624 405 301
1643 384 1686 409 x“';
1708 388 1776 405 ann.
1796 380 1846 407 Xl.
1863 391 1886 406 r.
1904 381 1969 410 153:
1990 395 2020 398 —
2045 381 2174 407 Mons-:³1⁴

1180 424 1258 451 1191.
1277 425 1388 454 13:332.)

1221 543 1233 557 11
1263 555 1281 560 ..
1310 533 1395 561 electu
1418 533 1658 570 liothomaqensi.
1688 534 1772 563 Olim
1801 536 2000 565 monasterio
2025 537 2176 565 Virzilia—

1179 584 1288 613 censi.
1317 585 1402 623 quod
1429 586 1469 614 ad
1500 587 1678 615 Romanam
1711 587 1888 616 Ecclesiam
1919 588 2008 617 nullo
2035 590 2173 626 pertine-t

1180 637 1355 672 mediante,
1376 637 1423 676 [..]
1441 638 1557 668 abbate
1576 639 1665 668 nelle
1679 639 1762 669 Ville
1780 645 1809 668 et
1827 640 1959 675 collegis
1977 641 2045 670 suis
2060 652 2076 670 a
2094 642 2174 671 Sede

1179 690 1366 727 Apostolica
1376 691 1629 729 [visitatoribus]
1641 693 1815 730 deputatis.
1828 698 1857 722 et
1870 703 1905 722 ex
1919 699 2008 731 parte
2021 696 2067 731 [..J
2080 695 2175 723 abba-

1180 742 1221 771 tis
1235 742 1379 780 ejusdem
1398 744 1589 773 monasterii
1609 753 1684 774 voce
1699 745 1738 773 ad
1756 755 1813 774 nos
1826 746 1866 773 ab
1882 746 1929 775 eis
1947 746 2175 784 appellationis

1179 795 1316 824 emissa.
1344 795 1421 824 dicti
1447 796 1644 826 visitatores.
1670 802 1739 835 post
1764 798 2014 835 appellationem
2038 799 2174 829 eandem

1179 847 1212 876 in
1231 848 1360 883 negotio
1374 849 1602 886 procedentes,
1626 854 1694 887 post
1712 850 1858 879 diversas
1876 851 2024 879 obtentas
2042 861 2058 879 a
2081 852 2174 881 nobis

1178 899 1304 929 litteras
1324 909 1511 938 processum
1530 911 1624 930 sntun
1642 902 1680 930 acl
1699 902 1813 931 Sedent
1833 903 2051 940 Apostolicatn
2068 909 2174 933 trans-

1179 952 1349 981 miserunt.
1378 954 1648 983 Procuratoribns
1672 954 1773 989 igzitur
1796 955 1899 992 ipsius
1923 955 2050 984 abbatis
2069 956 2174 985 Yirzi-

1178 1003 1351 1034 liat-ensis.
1369 1015 1405 1034 ox
1427 1010 1516 1043 parte
1535 1015 1609 1035 una.
1629 1011 1658 1035 et
1677 1006 1853 1045 .l[ohanue]
1873 1007 1911 1037 «le
1930 1008 2018 1037 Edua
2040 1013 2068 1037 et
2093 1009 2174 1038 Gui-

1178 1057 1260 1086 done
1274 1080 1280 1087 .
1319 1058 1489 1087 monacbis
1526 1059 1603 1087 dicti
1639 1060 1849 1088 monasterii.
1885 1060 1922 1089 de
1955 1060 2172 1097 predictorum

1178 1109 1383 1138 visitatorum
1404 1111 1556 1139 mandato
1573 1111 1773 1140 visitationis
1792 1112 1957 1147 negotium
1975 1122 2175 1151 prosequen-

1179 1161 1276 1195 tibus,
1295 1170 1330 1191 ex
1349 1161 1461 1192 altera.
1480 1163 1684 1200 111-0111011101·
1705 1164 1737 1192 111
1753 1169 1862 1193 nostra
1880 1165 2043 1202 presentia
2058 1166 2176 1194 consti-

1179 1214 1275 1247 tutis,
1306 1214 1460 1243 dilectum
1493 1214 1596 1243 111111111
1627 1221 1774 1244 nostrum
1806 1216 2053 1255 S[tepbanum].
2088 1218 2173 1246 tituli

1178 1268 1295 1295 Saricte
1318 1267 1420 1295 Marie
1443 1267 1692 1304 Transtyberim
1717 1268 1936 1305 presbiterum
1958 1269 2173 1299 cardinalem.

1177 1318 1225 1348 eis
1242 1319 1467 1347 concessimus
1484 1319 1678 1348 auditorem.
1698 1320 1813 1350 Coram
1830 1329 1894 1358 quo
1910 1321 2096 1358 petentibus
2113 1322 2176 1351 dic-

1178 1371 1219 1400 tis
1249 1371 1419 1400 monachis
1450 1371 1571 1400 dictum
1602 1372 1722 1409 aperiri
1750 1382 1955 1410 processum.
1986 1373 2115 1411 sibique
2139 1373 2176 1403 de

1177 1425 1329 1462 expensis
1354 1425 1450 1454 sactis
1480 1429 1509 1454 et
1540 1425 1701 1455 faciendis
1734 1426 1767 1454 111
1798 1427 2025 1463 prosecutione
2055 1427 2175 1463 negotii

1177 1476 1359 1514 provideri.
1386 1485 1422 1505 ae
1447 1486 1483 1506 ex
1510 1477 1646 1506 adverso
1671 1478 1806 1515 prefatis
1832 1479 2098 1516 procuratorilms
2125 1489 2177 1509 re-

1177 1529 1459 1566 spondentibusid
1475 1529 1546 1558 fieri
1563 1539 1625 1558 11011
1643 1530 1771 1559 debere.
1789 1539 1861 1560 cum
1880 1531 1996 1560 suisset
2015 1540 2122 1560 coram
2141 1541 2177 1561 eo

1177 1586 1240 1610 tam
1257 1579 1371 1618 ¹super
1401 1581 1460 1611 hoc
1490 1591 1587 1620 quam
1621 1592 1718 1620 super
1748 1582 1887 1612 diversis
1921 1583 2175 1621 appellationum

1176 1634 1285 1662 causis
1307 1638 1335 1663 et
1359 1634 1557 1672 quibusdam
1577 1634 1652 1663 aliis
1674 1634 1822 1664 articulis
1845 1635 1970 1664 diutins
1991 1635 2172 1671 litigatum.

1177 1686 1306 1715 tandem
1323 1686 1515 1720 Gaufridus.
1536 1686 1728 1720 monachus.
1749 1687 1971 1724 predictorum
1987 1687 2175 1725 ι1ζο1111111115]

1175 1743 1205 1767 et
1231 1738 1419 1777 Gpudonis]
1452 1738 1580 1767 socius.
1617 1739 1872 1776 superveniens
1899 1744 1927 1768 et
1953 1748 1969 1768 a
1995 1740 2175 1769 venerabili

1177 1792 1276 1820 tratre
1307 1795 1417 1819 nostro
1450 1813 1469 1819 ..
1505 1791 1657 1829 episcopo
1690 1791 1955 1821 Autisiodorensi
1988 1797 2017 1821 et
2053 1792 2175 1829 collega

1176 1843 1298 1880 ipsius,
1323 1843 1443 1881 quibus
1466 1844 1626 1881 premisse
1644 1844 1874 1882 appellationis
1892 1854 2023 1874 causam
2041 1845 2177 1874 commi-

1176 1895 1259 1924 sisse
1275 1895 1427 1929 dicimur,
1445 1905 1481 1925 ex
1499 1896 1675 1925 manifesto
1692 1897 1882 1933 gravamine
1900 1897 2080 1934 appellasse
2104 1907 2176 1935 IJro-

1176 1956 1311 1985 ponens.
1329 1947 1560 1985 appellationis
1575 1958 1632 1977 sue
1652 1949 1818 1985 negotium
1835 1949 1934 1988 [aliis]
1947 1950 2106 1978 conunitti
2122 1960 2176 1987 pe-

1178 2000 1227 2029 tiit
1243 2000 1518 2037 cognoscendum.
1536 2000 1618 2030 Cum
1634 2005 1742 2030 autem
1761 2001 1847 2030 idem
1865 2002 2043 2030 cardinalis
2061 2012 2096 2031 ea
2114 2012 2175 2040 que

1176 2053 1268 2081 suere
1284 2052 1450 2090 proposita
1471 2061 1578 2081 coram
1602 2052 1692 2090 ipso.
1712 2052 1806 2081 nobis
1824 2058 1852 2082 et
1875 2054 2032 2082 fratribus
2055 2055 2176 2083 nostris

1177 2104 1354 2142 prudenter
1370 2109 1399 2133 et
1417 2104 1557 2133 fideliter
1572 2104 1748 2140 retulisset,
1768 2114 1836 2134 nos.
1856 2106 2061 2135 attendentes
2078 2106 2173 2144 quod,

1177 2166 1233 2195 per
1258 2157 1433 2186 varietates
1459 2157 1715 2194 appellationum
1738 2157 1927 2196 hujusmodi
1949 2163 1979 2187 et
1995 2158 2175 2195 litigiorum

1177 2209 1346 2241 circuitus,
1367 2218 1465 2247 grave
1482 2210 1720 2239 monasterium
1737 2210 1844 2248 ipsum
1861 2211 2047 2248 patiebatur
2063 2212 2096 2240 in
2114 2211 2175 2249 spi-

1178 2262 1354 2291 ritualibus
1381 2267 1409 2291 et
1436 2262 1672 2299 temporalibus
1697 2262 1943 2292 detrimentum.
1971 2272 2006 2292 ac
2031 2264 2176 2293 volentes

1177 2314 1282 2343 eidem
1311 2323 1348 2344 ex
1375 2314 1473 2344 officii
1499 2315 1603 2343 no'stri
1628 2314 1737 2352 deb-ito
1767 2315 1953 2352 providere.
1983 2316 2176 2346 mandamus

1177 2372 1351 2406 quatenus,
1381 2368 1552 2405 premissis
1583 2367 1702 2397 litteris
1737 2373 1766 2397 et
1797 2369 2006 2405 processibus
2036 2378 2092 2406 per
2122 2379 2175 2398 eas

1178 2420 1312 2454 habitis,
1338 2430 1395 2449 nee
1419 2429 1481 2449 non
1508 2425 1537 2449 et
1558 2420 1834 2458 appellationibus
1854 2421 2035 2459 interjectis
2053 2431 2176 2459 nequa—

1178 2482 1276 2511 quam
1292 2472 1518 2502 obstantibus.
1539 2472 1697 2502 adhibitis
1715 2473 1773 2501 tibi
1793 2473 2019 2502 visitatoribus
2040 2483 2176 2509 wenera-

1178 2525 1276 2558 libus.
1295 2525 1322 2554 si
1339 2525 1461 2553 fuerint
1477 2526 1510 2553 in
1528 2525 1741 2561 Lugdunensi
1760 2525 1938 2562 provincia.
1957 2526 2175 2563 susceptionis

1178 2577 1380 2614 presentium
1397 2581 1551 2614 tempore,
1570 2577 1726 2614 deputati,
1742 2586 1805 2606 una
1820 2586 1892 2606 cum
1907 2578 1953 2607 eis
1969 2578 2019 2607 vel
2032 2578 2175 2615 ipsorum

1178 2629 1316 2663 duobus,
1339 2629 1486 2667 alioquin
1510 2629 1610 2663 solus,
1635 2630 1852 2667 personaliter
1875 2630 1913 2659 ad
1941 2631 2176 2659 monasterium

1179 2681 1403 2719 supradictum
1435 2681 1592 2710 accedens
1625 2686 1655 2710 et
1688 2681 1814 2711 liabens
1848 2685 1903 2719 pre
1935 2682 2038 2711 oculis
2072 2682 2176 2711 solum

1179 2735 1293 2769 Deum,
1310 2733 1481 2771 impendas
1495 2733 1570 2770 ipsi,
1583 2734 1674 2771 juxta
1690 2735 1827 2763 sormam
1841 2734 1937 2763 dictis
1951 2734 2176 2763 visitatoribus

1180 2785 1343 2815 traditam.
1358 2785 1558 2815 visitationis
1572 2786 1726 2814 officium.
1745 2786 1814 2815 vice
1830 2791 1950 2815 nostra.
1968 2791 1996 2815 et
2015 2790 2078 2814 tam
2095 2786 2178 2814 ordi-

1181 2838 1330 2868 nationes
1354 2847 1457 2875 nuper
1478 2847 1495 2866 a
1518 2838 1611 2867 uobis
1629 2848 1726 2875 super
1749 2838 1981 2867 reformatione
1999 2838 2124 2867 ordinis
2147 2844 2175 2867 et

1179 2890 1389 2920 observantia
1406 2889 1560 2927 regulari.
1580 2899 1676 2927 quam
1697 2894 1816 2919 statuta
1841 2889 1986 2918 salubria
2008 2900 2024 2917 a
2043 2899 2177 2918 venera-

1181 2942 1240 2972 bili
1253 2943 1354 2972 fratre
1369 2947 1480 2971 nostro
1494 2964 1514 2970 ..
1530 2942 1729 2971 Nivernensi
1742 2942 1892 2979 episcopo
1907 2947 1934 2971 et
1949 2942 2081 2978 collegis
2095 2942 2175 2971 suis.
