2423 3487
124 298 188 324 tull
839 290 1074 321 lit-:Gis'rREs
1099 288 1151 317 DE
1174 281 1395 319 GREGOIRE
1420 291 1474 319 lx.
2131 289 2204 317 1012

189 360 304 387 ⁴3⁴0
704 359 823 385 Lati-an.
842 358 873 383 11
891 357 949 383 mai
968 355 1043 382 1238.

155 422 255 447 Eidem
274 421 416 451 significat
435 430 474 448 su,
491 434 520 437 —
535 424 653 453 aim-epto
669 419 828 453 aliquando
845 418 1014 451 contingere
1029 416 1115 450 qnod,

119 478 131 493 (t
150 470 170 495 si
193 469 299 501 aliquis
320 477 354 494 ex
378 468 528 493 manat-liis
552 468 673 493 ecclesie
692 466 925 497 Cantuaricnsis,
948 465 1114 492 animarum

119 527 132 543 »
155 518 313 551 protectum
332 517 457 548 diligens
475 524 499 548 n,
517 516 572 550 ipsi
588 515 819 549 archiepiscopo,
835 523 848 540 <‹
865 515 892 541 in
911 515 974 548 ipsa
987 514 1022 540 de
1038 515 1115 539 statu

118 574 131 591 1)
154 565 293 596 regularis
304 564 415 590 ordinis
430 564 602 598 inquirenti,
617 564 781 597 aliquorum
795 571 828 589 ex
842 563 950 589 eisdem
965 561 1116 588 mcum-tiis

118 623 131 639 »
153 615 267 647 eulpam
285 613 459 639 revelaverit
474 614 520 638 vel
537 621 686 638 excessum
706 620 729 641 1),
743 611 872 644 ejusdem
887 610 1026 637 ecclesiae
1039 609 1117 643 prior

117 667 143 689 1-1
160 665 320 688 conventus
337 662 406 688 talia
423 661 611 688 denuntianti
630 664 657 687 et
674 660 878 687 consimilibus
893 667 1014 693 poenam
1031 666 1116 692 prop-

117 715 160 738 ter
185 713 235 737 tw«-
257 710 439 744 inssigebant,
461 718 473 735 α
498 710 630 736 faciendo
652 710 727 743 ipsos
746 708 909 742 mancipari
931 707 1051 736 carceri.
1070 707 1115 732 vel

118 770 130 786 n
151 761 238 787 artari
262 759 404 790 vinculis,
426 767 474 784 seu
491 758 557 784 aliis
578 757 653 783 affici
678 756 863 783 nocumentis
887 764 911 787 »,
929 770 960 773 —
982 754 1116 781 inhibere

116 818 129 834 «
151 809 223 842 quod
247 806 415 840 hujusmodi
440 806 575 832 nwnachi
596 814 612 831 a
633 805 727 839 priore
753 808 781 831 et
803 807 948 831 conventu
975 802 1115 837 predictis

116 865 129 882 »
150 857 299 883 occasione
317 856 429 889 prefata
449 854 476 880 in
494 854 592 888 aliquo
609 862 665 879 non
683 855 841 886 graventur
860 860 884 879 ›).
911 867 942 870 —
964 853 1050 882 (Rea.
1071 851 1114 883 19,

118 907 136 931 1.
156 906 188 931 17
203 908 244 935 v'';
259 912 327 930 ann.
350 903 416 935 XII,
437 912 460 928 r.
483 902 539 932 93.)

156 1024 167 1037 «
202 1011 314 1039 Eidem.
345 1010 387 1039 Te
418 1009 504 1038 circa
533 1008 740 1037 subditorum
770 1024 818 1035 —.
846 1007 919 1036 Dat.
946 1005 1113 1039 Laterani,

118 1065 145 1093 II
165 1063 236 1092 idus
255 1062 344 1094 maii,
363 1070 448 1091 anno
465 1060 670 1090 duodecimo.
691 1072 703 1085 u

187 1265 299 1293 434¹
697 1264 816 1295 Latran,
834 1264 866 1290 14
885 1263 943 1290 mai
964 1262 1043 1289 1238.

151 1328 292 1355 Dervcnsi
329 1331 354 1354 et
392 1327 492 1353 Sancti
523 1326 676 1353 Vincentii
707 1326 849 1353 Metensis
879 1325 1035 1352 abbatibus
1062 1325 1116 1352 sub

115 1385 203 1411 poena
229 1375 544 1402 excommunientinnis
568 1375 689 1401 mandat
718 1378 862 1407 quatenus
888 1374 918 1400 iu
943 1374 1116 1400 collectione

115 1426 282 1452 reddituum
305 1427 332 1451 et
354 1426 548 1458 proventuum
566 1423 749 1457 episcopatus
766 1423 920 1453 Metensis,
940 1422 971 1449 in
993 1422 1115 1449 solutio-

116 1483 178 1500 nem
202 1475 319 1500 illorum
337 1482 409 1506 quae
425 1472 461 1499 ab
483 1472 606 1499 cet-lesia
626 1472 752 1499 Metensi
770 1472 947 1505 quibusdam
972 1474 1115 1498 mercato-

113 1523 192 1549 ribus
215 1521 354 1549 Romanis
372 1521 563 1552 debebantur,
585 1520 861 1552 etinvertendoruin,
881 1520 960 1547 intra
984 1528 1113 1547 mensem

114 1572 280 1605 procedant,
299 1570 448 1596 nonnullis
465 1569 532 1595 aliis
548 1569 695 1595 mandatis
712 1569 832 1599 additis,
852 1569 1069 1602 praedictorum
1087 1571 1114 1595 et:

110 1620 233 1645 aliorum
252 1618 381 1651 ejusdem
405 1618 544 1644 eeclesiae
560 1617 725 1643 debitorum
743 1617 920 1643 solutionem
938 1617 1113 1651 contingen-

111 1668 199 1694 tibus.
217 1681 246 1685 —
263 1667 348 1694 (Hi-zo.
364 1666 406 1697 19,
425 1666 544 1696 1:18102
562 1665 819 1697 ann.XII,c.91;
837 1680 867 1683 —
885 1665 1112 1698 Monmn1192,

113 1718 131 1741 t‘.
149 1716 196 1745 582
216 1729 245 1733 —
261 1717 297 1741 ct.
318 1721 410 1746 νιιριά,
429 1714 693 1743 113711613811.)

152 1835 164 1849 α
185 1845 203 1851 ..
224 1823 399 1851 monaster-st
416 1822 583 1852 Det-censis,
609 1821 865 1850 cathalaunensis
887 1822 1023 1855 diocesis,
1044 1827 1068 1850 el
1094 1845 1111 1850 ..

110 1876 212 1904 Sancti
238 1875 384 1903 t'inae'ealiz‘
399 1875 536 1903 Melenszsss
551 1875 717 1902 abbatibus.
737 1874 819 1903 Cum
838 1874 924 1903 inter
944 1874 1113 1904 venerabi-

111 1928 173 1957 lem
201 1928 335 1956 fratrem
361 1931 510 1956 nostrum
539 1950 557 1955 ..
587 1927 768 1956 Metensem
797 1927 1008 1964 episcopum,
1037 1931 1114 1956 tunc

111 1980 194 2018 apud
211 1980 327 2009 Sedem
345 1979 567 2017 Apostolicam
583 1980 810 2013 constitutum,
830 1988 866 2009 ex
882 1985 972 2018 parte
987 1989 1065 2016 una,
1084 1985 1115 2010 ct

112 2033 269 2071 quosdam
284 2037 479 2061 mercatores
494 2033 670 2067 Romanos,
689 2042 726 2062 ex
739 2032 853 2067 altera,
869 2041 977 2062 coram
996 2032 1114 2062 dilecto

112 2085 177 2113 tilio
201 2089 311 2113 nostro
335 2084 495 2123 T[l10ma],
525 2084 612 2114 tituli
638 2086 755 2114 Sancte
782 2085 903 2115 Sabine
930 2085 1114 2123 presbitero

111 2137 282 2170 cardinali,
311 2147 329 2166 a
354 2137 447 2166 nobis
473 2138 622 2175 partibus
648 2138 796 2167 auditore
819 2147 987 2172 concesso,
1016 2147 1114 2176 super

112 2190 253 2228 quadam
271 2190 407 2228 pecunie
431 2199 559 2219 summa
580 2190 613 2219 in
636 2199 700 2228 qua
722 2190 830 2220 dictus
854 2190 1026 2229 episcopus
1049 2191 1114 2221 eis-

112 2244 184 2273 dem
200 2243 436 2273 mercatoribus
457 2244 637 2279 tenebatur,
659 2244 788 2282 questio
811 2248 994 2274 verteretur
1014 2254 1019 2273 :
1042 2249 1114 2274 tan-

112 2297 195 2330 dem,
219 2295 378 2325 cardinali
402 2296 564 2325 mediante
588 2297 743 2334 predicto,
764 2302 873 2335 partes
893 2297 932 2326 ad
951 2297 1114 2335 composi-

114 2349 234 2377 tionem
253 2348 458 2377 amicabilem
476 2349 688 2378 devonerunt.
708 2353 803 2387 prout
823 2349 962 2387 quedam
982 2349 1114 2387 publica

113 2402 279 2431 continent
304 2401 534 2435 instrumenta,
556 2402 701 2440 ejusdem
723 2403 902 2432 cardinalis
919 2407 949 2432 et
964 2403 1109 2439 Jacobi1,

115 2454 333 2491 procuratoris
360 2453 464 2491 ipsius
491 2455 645 2492 episcopi.
676 2460 705 2484 et
734 2455 809 2485 alia.
841 2460 905 2484 tam
933 2455 1113 2485 cardinalis

113 2515 211 2544 quam
228 2506 370 2543 episcopi
391 2506 608 2543 predictorum
624 2508 751 2537 munita
768 2507 904 2545 sigillis;
926 2508 960 2537 in
979 2508 1111 2546 quibus,

113 2558 198 2587 inter
215 2558 289 2587 alia.
313 2558 498 2587 continetur
515 2559 609 2597 quod,
630 2560 774 2589 collectis
799 2560 925 2597 integi-1³³
947 2560 1113 2590 universis

113 2611 318 2648 episcopatus
337 2611 493 2639 3101011515
512 2612 738 2641 1-011111111111501
755 2613 969 2650 proventibus
987 2622 1022 2642 ac
1040 2613 1113 2642 5111)-

113 2663 218 2692 sidiis.
240 2667 270 2692 et
291 2662 438 2692 deductis
458 2664 647 2701 quingentis
673 2665 792 2693 marcis
818 2665 947 2701 argenti
966 2675 1022 2703 pro
1039 2674 1114 2695 5115-

113 2715 291 2744 tentatione
322 2715 439 2752 prefati
465 2716 607 2754 episcopi
639 2717 821 2748 annuatim.
854 2717 975 2755 quibus
1004 2717 1112 2755 ipsum

112 2768 345 2796 νιι1111111150550
363 2773 563 2799 contentum.
584 2769 752 2798 residuum
770 2770 803 2798 in
822 2769 1020 2799 solutionem
1038 2770 1113 2799 illo-

146 2899 166 2921 1.
181 2898 251 2921 G'est
267 2898 290 2921 le
308 2905 477 2929 personnage
493 2900 547 2929 qui,
565 2899 632 2921 dans
651 2900 674 2922 ta
692 2899 768 2929 piceo
786 2899 854 2925 3714,
872 2903 911 2923 cst
931 2901 1027 2931 appele
1044 2909 1054 2923 (z
1070 2901 1111 2924 Ja-

114 2943 198 2965 cobus
215 2941 357 2965 Trecensis
377 2950 398 2964 1»,

1200 362 1273 382 rum
1298 364 1360 392 que
1384 355 1623 385 mercatoribus
1648 355 1807 385 Romanis
1831 355 2005 389 debentur,
2029 355 2123 393 juxta
2152 354 2205 383 in-

1200 412 1458 437 strumentorum
1476 408 1623 446 ipsorum
1639 412 1797 442 tenorem,
1814 411 1844 437 et
1861 407 2061 446 quibusdam
2079 407 2206 437 Senen-

1200 459 1326 498 [sibus]
1350 469 1453 498 usque
1471 460 1510 489 ad
1527 460 1616 490 mille
1634 469 1771 494 marcas,
1791 469 1850 490 nec
1875 469 1940 489 non
1958 459 2204 497 Meten[sibus],

1199 520 1303 550 usque
1321 512 1359 541 ad
1377 512 1440 542 duo
1459 512 1552 541 milia
1571 521 1756 542 marcarum
1776 512 1943 542 dumtaxat
1967 513 2151 546 annuatim,
2170 511 2204 541 in

1201 564 1360 593 nundinis
1381 565 1493 594 Sancti
1512 565 1656 603 Remigii
1673 565 1858 599 Trecensis.
1878 565 1963 603 apud
1981 566 2111 599 Trecas,
2133 565 2205 595 sine

1199 616 1420 646 diminutione
1446 617 1604 655 qualibet,
1635 621 1865 652 convertatur3
1896 617 2078 647 venerabili
2105 618 2205 647 fratre

1200 673 1312 698 nostro
1335 670 1492 706 magistro
1522 669 1686 709 G[uidone
1710 678 1769 699 seu
1791 670 1937 699 Guiardo
1960 670 1998 700 de
2020 669 2204 708 Lauduno}

1200 722 1352 759 episcopo
1368 722 1611 756 Cameracensi,
1631 727 1707 751 tunc
1725 722 1934 757 cancellario,
1954 727 1985 752 et
2003 722 2122 752 dilecto
2138 721 2205 751 filio

1201 774 1322 813 P[etro]
1339 774 1376 804 de
1394 774 1592 812 Columpna,
1616 775 1774 804 canonico
1797 775 2055 811 Parisiensibus,
2075 783 2206 814 compo-

1200 826 1332 856 sitionis
1350 826 1540 865 hujusmodi
1557 827 1845 857 conservatoribus
1862 827 2039 866 deputatis.
2057 828 2139 858 Cum
2152 837 2206 857 au-

1202 884 1265 909 tem
1284 879 1322 909 de
1339 879 1406 908 11115
1424 879 1614 909 memoratis
1631 880 1871 910 mercatoribus
1895 880 1958 910 huc
1977 889 2082 919 usque
2100 889 2207 919 neque

1199 941 1257 969 per
1275 936 1317 967 te,
1337 931 1384 960 fili
1405 932 1505 961 abbas
1523 932 1636 962 Sancti
1651 933 1832 967 vincentii,
1852 937 1883 963 et
1901 956 1920 962 ..
1941 933 2206 971 predecessorem

1200 989 1304 1019 tuum,
1337 985 1383 1014 fili
1411 985 1511 1015 abbas
1538 985 1729 1021 Dervensis,
1759 986 1880 1024 quibus
1908 986 2016 1016 fuerat
2038 986 2207 1016 fructuum

1200 1038 1375 1068 commissa
1393 1038 1554 1073 collectio,
1574 1047 1681 1077 neque
1698 1048 1755 1077 per
1774 1039 1856 1069 alios
1873 1039 1916 1068 sit
1932 1039 1966 1068 in
1984 1039 2095 1078 aliquo
2112 1040 2206 1069 satis-

1201 1092 1335 1126 factum,
1351 1096 1380 1121 et
1397 1091 1431 1131 in
1446 1091 1641 1121 collectione
1659 1091 1805 1129 ipsorum
1822 1092 2008 1122 reddituum
2025 1098 2055 1122 et
2071 1101 2208 1130 proven-

1201 1148 1293 1173 tuum
1312 1144 1406 1182 juxta
1425 1144 1617 1173 mandatum
1635 1149 1784 1174 nostrum
1798 1144 1934 1174 minime
1950 1145 1992 1174 sit
2004 1154 2206 1183 processum,

1200 1201 1399 1226 mercatores
1420 1197 1570 1236 jamdicti
1596 1197 1737 1235 dampna
1761 1197 1875 1235 gravia
1901 1202 1930 1227 et
1957 1206 2116 1236 expensas
2143 1206 2206 1227 non

1200 1249 1345 1279 modicas
1362 1258 1396 1279 se
1411 1241 1777 1280 asseruntincurrisse.
1798 1251 1941 1285 Verum,
1965 1250 2043 1289 quia
2067 1260 2103 1280 ex
2124 1250 2208 1279 dila-

1199 1302 1287 1332 tione
1303 1302 1478 1332 solutionis
1499 1311 1563 1332 non
1583 1302 1689 1332 solum
1707 1303 1808 1333 iidem
1824 1303 2014 1338 credit-ores,
2034 1303 2091 1333 sed
2107 1303 2206 1333 etiam

1201 1355 1360 1385 Metensis
1387 1355 1526 1385 ecclesia
1553 1355 1707 1385 videntur
1724 1355 1908 1394 dispendiis
1931 1356 2113 1393 subjacere,
2136 1365 2205 1391 nos,

1200 1412 1265 1437 tam
1278 1408 1417 1437 istorum
1432 1417 1531 1447 quam
1546 1408 1637 1437 1111115
1650 1408 1948 1447 indempnitatibus
1967 1417 2141 1447 precavere
2156 1418 2208 1438 vo-

1200 1460 1316 1495 lentes,
1342 1461 1536 1491 discretioni
1562 1466 1669 1491 vestre
1698 1471 1755 1499 per
1783 1461 1962 1500 apostolica
1987 1462 2119 1500 scripta,
2148 1462 2208 1492 sub

1200 1523 1284 1552 pena
1298 1514 1661 1550 excommunicationis,
1682 1514 1831 1544 districte
1849 1515 2060 1553 precipiendo
2077 1515 2208 1545 manda-

1200 1577 1272 1597 mus
1288 1572 1464 1606 quatenus,
1482 1568 1571 1597 infra
1588 1577 1736 1597 mensem
1754 1572 1824 1606 post
1842 1568 2063 1606 receptionem
2078 1578 2211 1607 presen-

1201 1620 1293 1655 tium,
1316 1620 1350 1649 in
1369 1620 1593 1658 predictorum
1617 1620 1810 1650 collectione
1833 1621 2009 1658 procedere
2025 1622 2209 1660 procuretis

1196 1674 1289 1712 juxta
1304 1673 1453 1712 priorum
1476 1678 1665 1703 nostrarum
1682 1674 1922 1703 continentiam
1940 1673 2139 1710 litterarum,
2157 1684 2210 1705 so-

1200 1726 1325 1756 lutione
1350 1727 1447 1756 annis
1474 1726 1616 1763 singulis
1643 1726 1843 1764 supradictis
1868 1727 2108 1757 mercatoribus
2137 1737 2211 1766 pro-

1200 1779 1430 1818 portionaliter
1447 1779 1607 1809 facienda.
1629 1780 1734 1817 Super
1750 1780 1902 1818 dampnis
1919 1789 1995 1810 vero
2010 1785 2041 1810 et
2057 1781 2210 1819 expensis

1200 1833 1237 1863 de
1251 1833 1444 1872 quingentis
1459 1833 1579 1862 marcis
1592 1832 1757 1870 deputatis
1773 1833 1935 1871 episcopo,
1953 1833 2037 1863 facta
2049 1833 2087 1863 de
2099 1833 2208 1872 plano,

1200 1886 1272 1916 sine
1289 1887 1427 1924 strepitu
1445 1886 1574 1924 judicii,
1602 1885 1755 1923 diligenti
1777 1886 2008 1924 inquisitione,
2036 1886 2064 1916 si
2086 1887 2210 1916 consti-

1202 1939 1276 1969 terit
1294 1939 1380 1977 quod
1397 1948 1453 1977 per
1471 1948 1545 1968 eum
1564 1939 1625 1968 suit
1644 1938 1804 1968 hactenus
1821 1938 1942 1968 solutio
1964 1939 2139 1975 retardata,
2163 1941 2210 1969 fa-

1200 1993 1295 2022 ciatis
1316 1992 1406 2030 juxta
1434 1997 1580 2021 tenorem
1606 1992 1856 2030 compositionis
1881 1992 2029 2031 ejusdem
2053 1993 2209 2023 satisfieri

1201 2045 1439 2075 mercatoribus
1464 2045 1658 2081 antedictis;
1677 2050 1718 2080 et,
1737 2045 1765 2075 si
1789 2045 1980 2075 inveniatur
2001 2046 2209 2084 episcopatus

1200 2099 1365 2137 obligatus
1388 2099 1475 2128 ultra
1499 2099 1562 2129 duo
1587 2098 1681 2129 milia
1708 2108 1905 2135 marcarum,
1931 2108 1993 2138 que
2014 2099 2209 2130 dicebantur

1200 2152 1312 2182 deberi
1336 2152 1554 2187 Metensibus,
1585 2156 1615 2182 et
1639 2161 1676 2182 ea
1699 2152 1810 2182 debita
1835 2152 1922 2183 idem
1945 2153 2118 2192 episcopus
2142 2162 2207 2183 non

1200 2205 1337 2241 exolvit,
1368 2210 1464 2243 prout
1489 2205 1524 2234 in
1554 2205 1792 2243 compositione
1818 2205 1986 2243 promisit,
2010 2215 2078 2241 vos,
2108 2206 2207 2245 quin-

1199 2261 1314 2295 gentas
1331 2266 1459 2287 marcas
1481 2257 1653 2295 deputatas
1675 2258 1827 2296 episcopo
1853 2258 2046 2293 retinentes,
2066 2258 2155 2297 ipsas
2173 2258 2206 2288 in

1199 2309 1424 2349 solutione[m]
1441 2310 1629 2340 debitorum
1646 2310 1839 2349 hujusmodi
1855 2311 2067 2345 convertatis,
2087 2320 2208 2350 expen-

1199 2372 1252 2392 sas
1274 2363 1313 2392 de
1337 2362 1412 2392 aliis
1435 2363 1531 2393 bonis
1555 2363 1763 2401 episcopatus
1787 2363 1880 2393 vobis
1904 2364 2110 2394 necessarias
2134 2373 2207 2403 per-

1198 2415 1335 2453 cepturi.
1368 2416 1650 2451 Contradictores,
1680 2416 1709 2446 si
1737 2416 1794 2455 qui
1820 2417 1965 2452 fuerint,
1991 2417 2041 2447 vel
2067 2417 2208 2448 rebelles

1198 2478 1255 2506 per
1273 2477 1449 2498 censuram
1474 2469 1746 2503 ecclesiasticam,
1769 2469 1989 2507 appellatione
2013 2471 2206 2509 postposita,

1198 2522 1445 2559 compescendo,
1469 2522 1590 2552 nobilis
1609 2522 1672 2551 viri
1697 2545 1716 2551 ..
1742 2521 1872 2552 comitis
1893 2522 1990 2552 Barri
2007 2527 2037 2553 et
2054 2523 2207 2554 scabino-

1199 2583 1271 2602 rum
1288 2575 1489 2604 Metensium
1506 2584 1542 2604 ac
1559 2575 1700 2605 aliorum
1718 2584 1800 2613 quos
1818 2575 1971 2613 expedire
1985 2576 2148 2611 videritis,
2167 2576 2206 2606 ad

1198 2626 1269 2660 hec,
1286 2627 1314 2655 si
1329 2636 1463 2657 necesse
1477 2628 1587 2664 fuerit,
1603 2627 1726 2657 auxilio
1741 2628 1903 2657 invocato.
1915 2628 2081 2667 Quicquid
2097 2633 2205 2659 autem

1199 2688 1297 2717 super
1314 2679 1379 2709 11115
1396 2680 1550 2709 omnibus
1567 2680 1728 2710 duxeritis
1748 2680 1948 2716 faciendum,
1968 2690 2042 2710 cum
2058 2690 2076 2710 a
2091 2682 2207 2711 nuntio

1199 2733 1591 2771 mercatorumrequisiti
1610 2733 1754 2767 fueritis,
1771 2733 1866 2762 nobis
1886 2733 2005 2763 vestris
2026 2733 2147 2764 litteris
2168 2735 2207 2763 fi-

1198 2783 1315 2813 deliter
1338 2784 1514 2814 intimetis.
1537 2785 1695 2824 Alioquin
1721 2785 1875 2822 suspensi
1899 2785 1939 2814 ad
1962 2789 2108 2815 nostram
2133 2795 2207 2824 pre-

1199 2836 1339 2865 sentiam
1361 2837 1536 2872 accedatis,
1555 2837 1719 2876 recepturi
1745 2846 1864 2875 penam
1882 2837 2026 2868 debitam
2050 2847 2107 2876 pro
2129 2847 2207 2869 con-

1199 2893 1334 2926 temptu.
1352 2889 1444 2925 Quod
1461 2890 1489 2919 si
1508 2899 1571 2919 non
1595 2890 1691 2920 ambo
1714 2894 1774 2920 etc.
1800 2890 1874 2919 Dat.
1894 2891 2062 2926 Laterani,
2083 2892 2114 2921 II
2130 2891 2205 2921 idus

1199 2941 1289 2975 maii,
1309 2950 1394 2971 anno
1414 2942 1617 2972 duodecimo.
1639 2955 1651 2968 »
