2423 3487
105 299 171 327 ωτι
821 285 1058 318 nfitnsrnns
1081 283 1134 313 DE
1158 275 1378 313 eneconis
1404 284 1460 313 ix.
2115 277 2187 307 1072

106 362 182 401 qui-l
202 363 234 390 in
262 361 331 399 ejus
351 358 579 398 prejudicium,
607 361 676 395 post
701 353 953 393 appellationem
973 350 1012 380 al]
1031 350 1101 388 ipso

102 415 141 445 ad
170 424 227 443 nos
258 412 495 450 interpositam,
520 409 687 439 inveneris
714 413 834 438 temere
860 408 1099 442 attemptatum,

102 467 203 497 sarias
220 465 358 495 eundem
376 465 409 493 in
430 464 516 492 (licto
530 460 729 491 monasterio
747 459 847 496 recipi
865 462 894 487 et
906 458 1053 486 fraterna
1067 454 1100 482 in

102 520 241 550 Domino
269 518 403 547 caritate
425 516 568 546 tractari.
595 519 623 544 et
648 514 746 544 etiam
766 512 805 542 ab
830 511 946 541 abbate
970 513 1000 538 et
1023 516 1101 537 con-

104 577 201 602 ventu
215 571 319 608 ipsius
336 568 529 598 monasterii
546 567 610 597 sibi
627 565 784 596 satisfieri
796 564 833 593 de
844 561 1007 601 expensis,
1020 568 1101 598 quas

103 625 187 654 idem
215 623 361 660 legitime
391 620 571 651 ostenderit
599 618 770 648 occasione
799 613 1043 654 precedentium
1068 620 1102 640 se

103 677 230 707 fecisse,
256 676 348 713 juxta
370 672 548 703 cardinalis
571 671 689 709 prefati
713 668 950 699 continentiam
975 665 1103 694 littera-

104 738 184 758 rum.
203 726 466 758 Contradictores
477 729 537 754 etc.
550 725 624 754 Dat.
640 722 804 752 Laterani.
820 720 932 750 XVIII
944 716 1103 747 kalendas

105 781 193 810 maii.
213 788 298 809 anno
315 778 519 807 duodecimo.
541 789 553 802 »

175 996 296 1023 4425

141 1058 308 1085 Eustaellio,
326 1056 503 1083 subdiacono
520 1063 580 1087 suo,
593 1054 698 1081 clerieo
714 1052 868 1085 joliannis,
881 1051 961 1079 tituli
979 1051 1105 1078 Sanctae

686 993 806 1023 Latran,
823 991 856 1018 12
872 990 936 1023 juin
954 989 1032 1015 1238.

107 1106 248 1135 Praxedis
266 1105 427 1140 presbyteri
442 1103 611 1133 cardinalis,
629 1102 733 1129 rectori
750 1101 890 1128 ecclesiae
903 1101 1029 1127 Sanctae
1042 1100 1105 1126 Ma-

105 1156 165 1183 riae
187 1156 222 1181 de
241 1154 403 1181 Feltewell.
425 1155 469 1185 (Σ
488 1153 646 1183 Feltwell),
667 1149 868 1178 Norwicensis
889 1148 1041 1180 ‹zlioecesis,
1059 1148 1106 1174 in-

104 1205 204 1237 dulget
221 1207 249 1230 ut
267 1212 333 1230 eum
350 1202 450 1228 eadem
469 1201 591 1228 ecclesia
611 1200 736 1227 Sanctae
753 1199 867 1226 Mariae
878 1198 913 1224 de
928 1198 1104 1229 Foltewell„

104 1261 203 1280 curam
219 1252 385 1278 animarum
402 1250 537 1281 habente,
554 1249 636 1276 aliud
653 1248 826 1275 beneficium
842 1255 908 1273 cum
927 1246 1019 1272 simili
1037 1254 1107 1272 cura

104 1301 232 1335 recipcre
252 1309 284 1326 at·
301 1300 427 1326 retinere
440 1299 547 1325 valeat.
566 1312 597 1316 —
619 1298 704 1329 (Rea.
727 1297 770 1327 19,
793 1297 812 1323 f.
830 1296 862 1322 32
884 1298 927 1327 v⁰;
945 1304 1014 1321 ann.
1037 1295 1105 1327 XII,

104 1349 217 1379 e.163.)

144 1475 155 1489 «
177 1463 346 1497 Eustacltio,
366 1462 547 1490 subdiacono
564 1466 674 1494 nostro,
692 1460 797 1489 clerico
818 1460 918 1487 dilecti
935 1459 995 1495 ficit
1011 1458 1108 1487 nostri

101 1515 285 1555 J[0hannis],
311 1516 395 1543 tituli
423 1516 531 1543 Sancte
562 1514 710 1542 Praoectlis
737 1513 893 1550 presbiteri
924 1512 1106 1545 cardinalis,

103 1570 210 1598 rectori
227 1569 342 1597 ecclesie
357 1568 464 1597 Sancte
480 1568 574 1596 Mario
591 1567 625 1595 de
642 1567 811 1600 Fectezcell„
826 1566 1028 1594 Noriricensis
1041 1565 1107 1593 (lio-

104 1623 186 1651 cesis,
205 1621 362 1658 Quamvis
380 1625 413 1650 ut
430 1620 541 1658 plures
557 1637 604 1649 —.
624 1620 696 1649 Dat.
714 1618 880 1653 Laterani,
910 1618 940 1647 II
965 1617 1038 1646 idus
1055 1617 1108 1655 ju-

107 1675 167 1711 nii,
185 1683 270 1704 anno
288 1673 491 1703 duodecimo.
513 1684 526 1700 ι»

178 1891 297 1919 442ss
695 1892 814 1921 Latran,
832 1892 864 1918 17
880 1892 944 1925 juin
963 1892 1040 1918 1238.

144 1954 281 1987 capitul«.
300 1953 508 1980 Aurelianensi
528 1953 673 1987 significat
695 1962 724 1979 se
743 1954 917 1979 confirmare
937 1954 1111 1980 electionem

108 2004 142 2030 sle
155 2002 327 2038 [Guilhalmo
339 2003 374 2029 de
387 2002 501 2037 BuxisL
520 2003 657 2029 Remensi
679 2003 852 2037 przwposito.
869 2003 898 2029 in
915 2003 1113 2029 Aurelianen-

108 2061 166 2079 scm
189 2052 357 2086 episcopum
384 2052 420 2078 ab
440 2052 502 2086 ipso
523 2052 652 2086 capitulo
673 2052 862 2084 celebratam,
887 2061 991 2086 eosque
1015 2055 1113 2079 monet

108 2104 251 2134 quatenus
269 2101 363 2127 eidem
386 2102 476 2127 eleeto
497 2100 652 2127 humiliter
669 2100 824 2127 intendant
845 2104 871 2127 et
890 2101 951 2133 ejus
973 2101 1113 2128 mandata

108 2150 496 2177 inviolabiliterobservent.
509 2165 538 2168 —
552 2151 637 2181 (nm.
651 2149 694 2181 19,
709 2151 727 2176 f.
739 2150 772 2176 32
782 2153 827 2181 v'';
845 2150 1112 2183 :11111.xn,e.164;

111 2214 141 2217 —
165 2199 296 2225 Monimo
318 2198 394 2229 1192,
412 2200 430 2224 t‘.
450 2199 515 2230 1113
544 2214 575 2216 ἡ
605 2199 760 2225 l'orrnAsT
776 2198 895 2231 10619¹;
914 2213 944 2216 —
963 2200 1000 2225 cf.
1017 2206 1112 2232 supra,

112 2251 140 2272 η’·
154 2246 245 2275 3782.)

155 2373 168 2387 α
187 2360 326 2397 Capilulo
341 2361 567 2389 Aurelianensi.
584 2360 717 2390 Auditis
737 2365 767 2391 et
786 2360 965 2391 intellectis
978 2379 1027 2391 —.
1041 2363 1114 2391 Dat.

115 2413 280 2447 Laterani,
300 2414 360 2443 KV
378 2412 534 2443 kalendas
554 2413 642 2452 julii,
663 2414 873 2452 pontificatus
900 2414 1004 2444 nostri
1030 2424 1116 2445 anno

114 2466 316 2497 duodecimo.
339 2477 352 2492 n

150 2615 249 2639 442⁷.
269 2626 298 2629 —
316 2612 347 2638 In
367 2612 490 2638 eundem
511 2612 627 2638 modum
645 2613 714 2638 clero
728 2614 847 2638 civitatis
863 2616 886 2638 et
903 2613 1014 2639 diocesis
1029 2616 1117 2640 Aure-

117 2661 259 2686 Iianensts.

150 2713 249 2736 4428.
269 2723 299 2726 —
318 2709 348 2735 In
366 2709 489 2735 eundem
508 2709 624 2735 modum
643 2710 742 2742 populo
757 2711 875 2735 clvitalc‘s
891 2714 914 2736 et
931 2711 1041 2737 diocesis
1058 2714 1115 2737 „lu-

147 2862 166 2886 1,
184 2862 257 2884 Arce
273 2861 297 2883 la
313 2860 374 2884 date
395 2860 509 2884 erronee
525 2863 562 2884 XI
578 2863 711 2885 kalendas
726 2864 792 2891 julii
807 2865 847 2892 (=
865 2863 890 2887 ‘21
907 2863 990 2893 juinl,
1009 2864 1115 2895 d‘apres

117 2905 263 2934 ΗΑυΒιῙῑΑυ,
280 2906 416 2934 Qnetques
435 2906 527 2928 lettres
544 2907 576 2928 (ie
593 2906 721 2935 Greqoire
738 2909 782 2932 IX,
804 2907 870 2930 dans
887 2908 997 2931 Nolices
1016 2911 1039 2931 et
1061 2911 1115 2931 Ex-

116 2951 196 2973 traits
212 2950 259 2972 des
276 2950 486 2977 Manusrrils...,
500 2952 571 2972 tome
587 2949 658 2979 xxi,
675 2954 705 2973 ιι·
721 2951 816 2980 partie,
835 2959 859 2981 p.
874 2952 928 2975 245.

1183 349 1354 379 relianetzsis,
1373 352 1404 375 ut
1416 349 1511 375 eidem
1529 349 1622 374 eleeto
1638 346 1792 373 humiliter
1807 345 1966 372 intendant
1984 348 2011 371 et
2027 344 2090 378 ejus
2104 352 2189 370 man-

1182 398 1250 423 data
1265 396 1481 423 inviolabiliter
1495 396 1663 423 observent.

1252 547 1370 575 4422)

1220 618 1233 634 «
1249 610 1279 636 In
1295 610 1420 636 eundem
1439 609 1557 635 moduni
1575 629 1592 635 ..

1772 547 1894 579 Latran,
1911 547 1944 573 17
1957 546 2020 580 juin
2039 545 2117 572 1238.

1610 608 1810 641 archiepiscopo
1829 608 1987 635 Senoncnsi.
2006 606 2051 642 [Ei
2068 607 2190 634 mandat

1184 661 1328 692 quatenus
1346 658 1439 684 eidem
1463 658 1565 689 electo,
1585 666 1650 684 cum
1672 657 1709 684 ab
1724 666 1756 683 eo
1773 657 1862 684 fuerit
1877 656 2047 690 requisitus,
2064 663 2190 690 congruo

1185 710 1315 740 tempore
1331 714 1437 732 munus
1455 705 1684 732 consecrationis
1706 703 1882 740 impendat.]
1901 705 1969 732 Dat.
1987 705 2138 737 Laterani,
2158 706 2191 731 ut

1185 764 1281 789 supra.
1301 762 1314 779 1>
1330 769 1359 773 -—
1378 755 1463 786 (aaa.
1481 754 1525 786 19,
1543 755 1562 781 f.
1578 754 1611 781 32
1625 755 1676 785 v*'.)

1257 907 1375 935 4430
1776 908 1897 939 Latran,
1912 906 1945 933 19
1961 907 2024 940 juin
2042 906 2120 933 1238.

1222 970 1369 996 Meltiensi
1392 972 1419 995 et
1436 969 1596 996 Botontino
1617 969 1762 1004 episcopis
1784 970 1907 996 mandat
1930 972 2074 1004 quatenus
2095 969 2193 996 archi—

1187 1019 1321 1053 episcopo
1346 1018 1488 1045 Tranensi
1506 1018 1665 1052 injungant
1686 1021 1717 1045 ut
1739 1018 2058 1046 excommunicationis
2075 1021 2193 1045 senten-

1187 1068 1272 1099 tiam,
1284 1076 1369 1101 quani
1382 1067 1411 1093 in
1422 1067 1489 1093 illos
1501 1067 1549 1101 qui
1562 1066 1702 1094 fratribus
1715 1067 1972 1094 Praedicatoribus
1982 1067 2193 1098 Tranensibus,

1187 1117 1221 1143 ad
1239 1116 1455 1143 aedificandum
1473 1115 1593 1142 domum
1618 1116 1747 1150 ipsorum
1765 1116 1800 1142 de
1815 1116 1934 1148 Barulo,
1956 1115 2088 1143 subsidia
2105 1115 2194 1149 largi-

1188 1169 1299 1193 rentur,
1325 1168 1353 1191 et
1373 1164 1462 1191 etiam
1487 1165 1516 1191 in
1545 1164 1621 1199 ipsos
1642 1166 1746 1191 fratres
1764 1165 2012 1198 pronmlgaverat,
2035 1164 2113 1191 infra
2132 1166 2196 1191 octo

1187 1214 1250 1241 dies
1266 1214 1394 1243 relaxet:
1411 1213 1536 1246 adjectis
1552 1213 1621 1239 aliis
1646 1213 1796 1240 mandatis
1815 1213 1850 1240 ad
1871 1221 1931 1240 rem
1949 1213 2082 1240 eamdem
2105 1212 2196 1247 perti-

1188 1262 1336 1289 nentibus.
1356 1277 1385 1279 —
1404 1262 1490 1293 (nm.
1511 1261 1554 1293 19,
1573 1263 1592 1288 f.
1606 1262 1640 1288 32
1658 1265 1702 1294 νος
1719 1270 1788 1288 ann.
1807 1262 1874 1293 XII,
1892 1270 1916 1288 e.
1934 1262 2008 1293 165.)

1231 1370 1242 1383 «
1275 1380 1293 1385 ..
1323 1357 1467 1393 Melfiensi
1490 1362 1515 1385 et
1545 1379 1563 1385 ..
1591 1355 1774 1395 Botontt'n[0]
1803 1357 1958 1394 episcopis.
1986 1356 2197 1386 Venerabilis

1189 1411 1292 1439 frater
1318 1413 1430 1439 noster
1460 1432 1479 1437 ..
1510 1408 1779 1447 archiepiscopus
1804 1409 1997 1444 Tranensis,
2024 1409 2198 1439 immemor

1190 1462 1385 1492 monitionis
1404 1462 1540 1491 effectus
1557 1471 1655 1500 quam
1675 1461 1709 1491 in
1730 1462 1876 1491 favorem
1898 1461 2093 1492 dilectorum
2112 1461 2198 1491 filio-

1190 1524 1263 1545 rum
1287 1516 1425 1545 fratrum
1454 1515 1581 1544 ordinis
1608 1515 1857 1545 Predicatorum
1884 1515 2106 1545 Tranensinm
2134 1514 2198 1545 sibi

1190 1568 1406 1598 meminimus
1423 1567 1596 1602 direxisse,
1619 1567 1721 1606 ipsos,
1740 1572 1775 1597 ut
1797 1567 1929 1603 dicitur,
1949 1567 2083 1605 gravius
2103 1567 2200 1598 solito

1191 1621 1346 1660 persequi
1371 1630 1434 1651 non
1459 1625 1601 1656 veretur,
1625 1630 1738 1651 eorum
1756 1621 1890 1654 famam,
1916 1621 2049 1658 dignam
2071 1622 2134 1660 piis
2152 1626 2201 1652 at-

1193 1674 1263 1704 tolli
1280 1674 1446 1708 laudibus,
1458 1674 1622 1703 offuscare
1640 1673 1797 1711 gestiens,
1817 1677 1847 1703 et.
1863 1683 2031 1712 opponens
2048 1674 2201 1705 obstacu-

1192 1727 1261 1757 lum
1285 1727 1372 1766 quod
1398 1727 1462 1765 ipsi
1489 1736 1525 1756 ex
1552 1726 1606 1765 pia
1630 1726 1849 1756 subventione
1873 1726 2020 1756 fidelium
2044 1728 2203 1766 consequi

1194 1784 1361 1818 nequeant
1381 1779 1467 1809 unde
1484 1779 1608 1810 vivant.
1628 1780 1665 1809 In
1682 1778 1757 1809 illos
1775 1779 1896 1809 etenim
1914 1779 1971 1818 qui
1985 1779 2083 1810 dictis
2095 1780 2202 1810 fratri-

1194 1833 1265 1863 bus.
1287 1833 1325 1863 ad
1346 1833 1567 1863 edificandum
1585 1832 1717 1862 domum
1735 1832 1883 1871 ipsorum
1901 1833 1939 1863 de
1956 1833 2087 1869 Barulo,
2107 1842 2203 1872 opor-

1197 1891 1275 1916 tuna
1301 1886 1451 1916 subsidia
1473 1886 1671 1924 largiuntur,
1694 1885 2048 1916 excommunicationis
2069 1891 2204 1917 senten-

1196 1940 1274 1969 tiam
1291 1939 1518 1978 promulgasse
1535 1939 1739 1978 proponitur,
1760 1943 1791 1969 et
1803 1939 1902 1969 etiam
1919 1939 1953 1968 in
1970 1939 2058 1978 ipsos
2071 1940 2202 1976 fratres,

1196 1993 1262 2023 nisi
1281 1993 1321 2023 ab
1337 1993 1527 2032 hujusmodi
1540 1993 1662 2023 edificii
1680 1993 1910 2031 prosecutione
1927 1998 2105 2023 cessarent.
2121 1994 2203 2024 Cum

1194 2047 1298 2084 igitur
1323 2046 1485 2075 dictorum
1510 2046 1662 2079 fratrum,
1689 2054 1771 2084 quos
1794 2045 1967 2082 religionis
2000 2055 2057 2076 suc
2085 2046 2204 2077 merita

1196 2109 1260 2129 non
1282 2099 1417 2138 injuriis
1438 2099 1495 2129 sed
1514 2098 1650 2137 speciali
1669 2098 1775 2136 gratia
1792 2099 1927 2137 exigunt
1945 2099 2079 2129 assidue
2095 2100 2203 2130 confo-

1195 2152 1276 2186 veri,
1295 2152 1362 2190 pati
1380 2156 1445 2181 tam
1463 2160 1595 2189 gravem
1612 2151 1770 2190 injiiriam
1784 2160 1849 2181 non
1867 2151 2032 2189 possimus
2047 2161 2052 2180 :
2070 2152 2202 2182 manda-

1196 2214 1269 2235 mus
1288 2209 1463 2244 quatenus.
1487 2204 1514 2234 si
1534 2208 1582 2234 est
1603 2204 1660 2239 ita,
1681 2204 1766 2233 dicto
1789 2203 2037 2243 archiepiscopo
2058 2209 2094 2234 ut
2115 2205 2199 2235 infr-⁰

1196 2263 1267 2288 octo
1290 2258 1360 2288 dies
1378 2262 1449 2296 post
1467 2257 1685 2287 monitionem
1708 2261 1861 2292 vestram,
1884 2257 1956 2287 sine
1973 2257 2203 2296 difficultati-s]

1196 2311 1403 2349 ob[staculo].
1422 2310 1601 2349 predictam
1624 2309 1746 2340 relaxet
1768 2310 1968 2340 sententiam
1985 2314 2015 2340 et
2039 2319 2104 2341 non
2121 2311 2205 2341 ferat

1198 2365 1235 2394 de
1262 2368 1370 2394 cetero
1397 2363 1551 2398 similem,
1579 2363 1774 2402 injungatis.
1802 2363 1961 2401 Alioquin
1990 2372 2046 2393 vos
2074 2369 2202 2399 extunc,

1199 2417 1347 2451 candem,
1364 2417 1453 2446 omni
1466 2416 1659 2446 difficultate
1674 2416 1864 2455 postposita,
1881 2415 2077 2451 relaxantes,
2093 2416 2205 2447 fideles

1198 2471 1232 2499 in
1252 2470 1321 2500 loco
1341 2470 1537 2500 constitutos
1557 2469 1681 2505 eodem,
1708 2474 1742 2499 ut
1767 2469 1892 2499 eisdem
1918 2468 2078 2499 fratribus
2094 2469 2206 2498 divine

1198 2523 1429 2553 retributionis
1461 2523 1596 2552 obtentu
1627 2531 1761 2552 manum
1795 2522 1965 2560 porrigant
1999 2521 2204 2560 adjutricem,

1198 2577 1262 2614 piis
1278 2576 1414 2605 monitis
1431 2575 1608 2605 inducatis.
1633 2576 1672 2605 Et
1693 2575 1721 2605 si
1748 2575 1859 2605 forsan
1878 2574 1964 2604 idem
1985 2574 2206 2612 archiepisco-

1198 2637 1259 2667 pus
1278 2629 1312 2657 in
1331 2628 1420 2666 ipsos
1440 2628 1559 2658 fratres
1583 2633 1638 2658 aut
1661 2627 1790 2666 aliquos
1813 2627 2035 2666 predictorum
2059 2626 2206 2657 fidelium

1198 2681 1388 2720 hujusmodi
1401 2681 1600 2711 sententiam
1613 2684 1744 2719 propter
1753 2680 1814 2709 hoc
1826 2680 1975 2718 proferre
1988 2682 2204 2718 presumeret,

1198 2743 1280 2768 cam,
1312 2738 1471 2773 tanquam
1493 2738 1607 2763 contra
1634 2733 1872 2763 inhibitionem
1899 2733 1993 2763 Sedis
2019 2732 2206 2770 Apostolice

1198 2791 1435 2825 attemptatam,
1463 2787 1597 2817 inanem
1618 2792 1649 2817 et
1671 2787 1801 2816 irritam
1826 2786 2000 2818 nuntietis,
2025 2786 2107 2816 alias
2125 2794 2206 2815 eun-

1198 2839 1270 2869 dem
1285 2849 1303 2868 a
1319 2840 1481 2869 dictorum
1498 2840 1639 2869 fratrum
1656 2839 1804 2869 indebita
1820 2838 2050 2869 molestatione
2067 2856 2104 2859 —
2118 2847 2206 2868 com-

1198 2896 1369 2931 pescentes
1387 2910 1434 2921 —.
1456 2893 1526 2922 Dat.
1547 2893 1711 2929 Laterani,
1730 2893 1814 2922 XIII
1831 2891 1990 2922 kalendas
2007 2891 2095 2930 julii,
2119 2900 2205 2921 anno

1198 2945 1404 2974 duodecimo.
1426 2957 1437 2971 n
