2519 3518
73 319 134 350 297
622 319 731 350 ACTA
758 320 880 351 PACIS
901 320 1033 350 INTER
1057 318 1297 350 ECCLESIAM
1320 321 1370 351 ET
1395 322 1610 353 ROMANOS.
2102 324 2161 355 298

77 395 92 412 ³³
115 384 253 414 formam
271 393 290 414 a.
305 384 398 414 vobis
414 385 654 421 transmissam,
669 383 796 416 ilai-iter
812 386 1004 423 assignavit,
1024 394 1075 415 re-

79 447 93 464 »
117 437 220 475 ceptis
233 446 251 466 a
266 437 362 467 nobis
378 437 498 467 litteris
516 438 634 468 vestris
649 438 794 473 bullatis,
809 438 930 477 quibus
944 438 1076 468 dedera-

78 499 93 516 ι»
117 489 160 519 tis
178 489 273 519 nohis
293 493 488 527 potestatem
506 490 658 519 firmandi
675 500 785 528 pacem
808 500 881 520 cum
903 491 1073 521 Romanis.

78 552 92 569 ⁵>
115 541 276 578 Quocirca
292 542 467 572 Sanctitati
483 543 599 573 Vestre
620 543 724 573 modis
740 543 894 572 omnihus
910 543 1076 581 supplica-

78 605 92 621 n
116 603 190 624 mus
207 594 375 633 quatinus,
394 599 428 624 ut
444 595 551 625 omnis
574 604 689 625 rancor
705 606 721 624 a
741 596 894 625 cordibus
911 597 1076 626 Romano-

78 658 92 674 ι)
117 655 189 676 rum
212 647 344 685 penitus
364 647 534 681 evellatur,
560 652 591 677 ct
613 647 659 677 hii
681 648 737 686 qui
755 657 883 686 semper
900 648 1077 678 intendunt

78 710 92 726 ι»
117 698 271 729 scandala
289 699 460 734 suscitare,
479 708 542 729 non
565 700 706 730 habeant
724 700 810 729 unde
828 700 957 730 valeant
973 701 1076 738 impe-

78 763 92 779 »
117 751 229 782 diendi
247 762 357 790 pacem
378 757 406 782 ct
423 753 616 783 detrahendi
633 753 804 783 materiam
822 753 982 783 invenire.
1002 753 1077 782 uni-

79 817 92 831 »
116 805 222 835 versis
237 809 267 835 et
285 805 426 843 singulis
441 806 570 835 faciatis
582 806 685 835 artius
703 805 858 840 inhiberi,
872 810 905 835 ut
920 806 958 835 de
970 810 1078 836 cetero

78 869 92 884 »
117 856 158 887 al)
177 857 266 887 omni
285 857 513 887 molestatione
536 858 708 892 desistant,
733 867 792 888 ncc
808 858 947 888 audeant
965 862 1077 888 contra

79 920 92 936 ι»
116 918 228 947 pacem
251 910 464 948 compositam
492 910 616 949 aliquid
641 915 844 948 attemptare.
869 912 934 941 Vos
955 916 1074 946 autem,

78 973 92 988 >²
113 961 205 1001 juxta
223 962 360 992 sormam
378 972 475 1001 quam
494 963 646 997 misistis,
663 963 794 1001 plenius
811 964 1022 1001 procedentes
1038 963 1078 992 ad

78 1025 92 1041 ³2
117 1014 181 1044 alia
208 1023 271 1053 que
295 1019 372 1045 sunt
399 1015 499 1053 pacis,
527 1015 671 1053 captivos
698 1015 798 1045 Urbis
822 1016 1011 1054 precipiatis
1038 1016 1077 1045 ad

79 1079 92 1094 n
117 1068 249 1106 propria
267 1077 364 1106 quam
383 1068 481 1097 citius
499 1068 634 1098 remitti.
652 1069 747 1101 Nam,
766 1068 805 1099 si.
825 1069 910 1107 quod
926 1069 1023 1102 absit,
1040 1077 1076 1098 ex

79 1131 92 1146 n
116 1125 208 1158 parte
235 1119 381 1150 Ecclesic
403 1120 491 1150 aliud
518 1121 550 1149 in
572 1120 772 1150 contrarium
791 1121 947 1156 eveniret,
969 1125 999 1150 et
1018 1122 1078 1150 Ec-

79 1185 93 1200 »
117 1172 217 1203 clesie
251 1173 290 1202 ad
327 1173 499 1202 infamiam
533 1173 676 1207 cederet,
709 1177 739 1202 et
773 1173 921 1211 personis
944 1172 1077 1203 ‘nostris

80 1237 93 1251 »
118 1225 240 1263 grande
258 1225 439 1263 periculum
463 1229 571 1263 posset
593 1234 629 1254 ex
654 1225 777 1263 impetu
795 1230 823 1254 et
841 1225 950 1255 surore
968 1225 1078 1263 populi

79 1289 93 1303 »
118 1277 157 1308 de
177 1277 266 1307 sacili
283 1277 427 1307 evenire.
447 1277 602 1307 Prisoncs
613 1277 711 1306 etiam
727 1277 856 1314 Signini
874 1282 902 1306 et
919 1277 1078 1315 Campani

119 1330 158 1360 ad
176 1330 366 1359 mandatum
386 1335 534 1359 nostrum
553 1334 716 1359 tenentur.
744 1330 855 1360 Unde.
879 1339 951 1359 cum
968 1330 1079 1359 omnia

118 1383 185 1413 sint
202 1382 360 1421 completa
379 1391 414 1412 ex
432 1386 523 1420 parte
541 1383 763 1412 Romanorum
785 1382 965 1412 secundnm
985 1391 1079 1412 man-

118 1435 229 1465 datum
254 1439 418 1470 vestrum,
446 1434 670 1472 supplicamus
693 1434 779 1473 quod
800 1443 837 1464 ex
858 1439 948 1473 parte
971 1440 1079 1465 vestra

119 1487 285 1523 similiter,
313 1487 386 1517 sine
409 1496 510 1522 mora,
539 1495 602 1525 que
627 1486 778 1517 facienda
805 1492 882 1527 sunt
907 1488 1076 1523 Romanis,

117 1539 246 1569 ilariter
272 1538 508 1577 compleantur.
535 1540 579 1569 Ut
605 1543 712 1568 autem
738 1548 756 1568 a
785 1539 944 1569 Romanis
970 1540 1079 1570 omnis

117 1595 261 1622 cessaret
274 1591 412 1621 materia
424 1591 614 1629 suspicandi
626 1595 655 1621 et
669 1590 767 1629 plena
779 1591 860 1622 fides
874 1591 913 1621 de
925 1600 1079 1622 consum-

116 1644 261 1674 matione
283 1643 373 1682 pacis
394 1648 504 1681 posset
522 1643 652 1679 haberi,
678 1643 831 1673 dominus
846 1643 1017 1674 Johannes
1040 1644 1078 1674 de

116 1695 298 1734 Columpna
314 1695 533 1734 personaliter
549 1695 673 1725 accedit
691 1696 830 1733 Reat[e],
849 1701 1078 1734 expectaturus

115 1748 240 1778 ibidem
255 1748 447 1778 mandatum
467 1753 614 1778 vestrum
631 1748 669 1778 de
689 1748 886 1779 liberatione
906 1749 1078 1788 prisonum

118 1805 150 1832 et
164 1809 219 1832 eos
236 1809 347 1831 sec-um
363 1801 404 1831 ad
420 1801 544 1832 L’rhem
565 1801 671 1831 modis
693 1801 846 1831 omnibns
869 1802 1076 1832 reducturus.

118 1854 158 1884 Et
176 1858 212 1883 ut
233 1853 361 1892 possint
384 1854 495 1884 omnia
520 1854 706 1883 executioni
729 1854 893 1890 mandari,
915 1855 1078 1884 mittimus

79 1917 92 1933 ι)
117 1906 158 1936 ad
176 1906 274 1945 pedes
293 1906 485 1936 Sanctitatis
500 1907 616 1936 Vestro
635 1907 819 1936 Romanum
840 1911 869 1936 et
892 1907 1077 1942 Nicolaum,

78 1970 92 1986 n
116 1958 314 1989 familiarem
333 1959 409 1994 mei,
431 1959 590 1997 Stephani
605 1959 795 1994 cardinalis,
814 1960 870 1998 qui
886 1959 953 1989 hiis
971 1961 1079 1989 omni-

78 2023 93 2038 »
116 2011 179 2042 hus
210 2011 434 2041 interfuerunt
463 2015 495 2041 et
521 2011 631 2040 onmia
656 2011 751 2049 plene
779 2017 951 2041 noverunt.
983 2013 1078 2043 [nde

79 2075 93 2091 »
117 2063 341 2102 supplicamus
365 2064 540 2094 Sanctitati
564 2064 681 2094 Vestre
704 2064 806 2102 quod,
830 2064 918 2102 ipsos
936 2064 1078 2102 henigne

79 2127 94 2143 n
118 2115 301 2150 audientes,
323 2115 490 2154 expeditos
510 2124 608 2154 super
628 2116 781 2146 omnihus
802 2116 841 2145 ad
857 2126 920 2155 que
941 2117 1079 2146 mittun-

79 2179 94 2194 ι)
118 2171 182 2203 tur,
200 2167 240 2197 ad
258 2176 316 2197 nos
333 2167 494 2197 citissime
511 2167 699 2197 remittatis.
720 2180 733 2194 η

79 1865 94 1881 8
79 1813 94 1828 ὅ
78 1760 93 1775 θ
78 1707 92 1723 ὅ
79 1655 93 1670 ὅ
79 1603 94 1619 ὅ
79 1551 93 1566 ὃ
79 1499 94 1514 ἕ
80 1447 94 1462 ὅ
80 1394 94 1409 ὃ
80 1342 94 1357 Ε

151 2316 292 2352 [3022]

116 2377 300 2414 R[omanus]‚
317 2379 468 2414 episcopus
484 2380 670 2412 Portuensis,
686 2378 870 2415 J[0hannes],
889 2381 969 2407 tituli
987 2381 1080 2408 Sane-

78 2429 128 2454 tae
142 2427 297 2459 Praxedis,
309 2430 338 2454 et
353 2426 555 2462 S[teplianus]‚
568 2428 650 2454 tituli
664 2428 790 2455 Sanctae
806 2428 920 2455 Mariae
936 2432 1016 2456 trans
1030 2429 1081 2456 Ti—

78 2474 173 2502 berim
191 2475 354 2509 presbyteri
379 2476 559 2508 cardinales,
577 2476 716 2510 Gregorio
735 2476 777 2503 IX
793 2485 885 2511 papae
903 2477 1037 2504 scribunt
1051 2486 1081 2504 se

80 2522 254 2557 Gregorium
273 2523 308 2550 de
324 2524 417 2551 Fusca
432 2524 468 2550 de
482 2524 584 2556 Berta,
600 2524 692 2558 ipsius
710 2524 921 2551 subdiaconum
939 2527 967 2551 et
983 2526 1081 2559 capel—

80 2571 181 2598 lanum
191 2592 198 2604 ,
214 2571 251 2598 ad
266 2571 363 2605 ipsun]
380 2571 542 2604 destinare,
558 2572 607 2606 qui
621 2572 647 2598 ei
663 2573 764 2600 onmia
779 2581 853 2606 quae
866 2573 902 2600 ad
919 2581 1020 2607 pacem
1034 2573 1082 2600 die

75 2617 160 2646 Jovis
170 2623 234 2653 post
245 2619 388 2646 Pascham
400 2622 445 2652 (=
453 2620 498 2647 12⁰
507 2621 610 2655 aprilis
620 2620 701 2651 1235)
709 2629 726 2647 a
736 2621 878 2648 Romanis
887 2624 1081 2655 acceptatam,

80 2669 224 2701 spectent,
239 2667 355 2701 plenius
371 2671 514 2701 exponat;
531 2676 596 2695 eum
614 2672 714 2702 rogant
728 2672 760 2696 ut
771 2669 844 2696 Urbi
855 2669 1081 2703 appropinquet.

81 2727 114 2732 —
129 2715 216 2746 (Bm.
230 2714 274 2747 18,
290 2715 310 2742 f.
324 2715 376 2742 122
391 2718 431 2747 r⁰;
445 2724 514 2743 ann.
528 2716 580 2748 IX,
597 2724 622 2742 c.
639 2716 704 2748 43&
718 2732 749 2735 —
762 2717 894 2745 Monimo
910 2717 990 2750 1190,
1001 2718 1020 2744 f.
1033 2718 1082 2750 113

81 2775 114 2780 —
127 2761 478 2796 nascentur-Henna,
496 2772 523 2798 p.
537 2763 599 2797 295,
612 2767 641 2791 n⁰
652 2764 668 2791 8
679 2772 685 2796 ;
698 2779 730 2783 ·-
746 2765 927 2792 Roncxsseao
941 2765 1003 2797 636,
1018 2765 1083 2797 lv.)

528 2316 642 2352 [Rome,
659 2320 742 2353 apres
756 2319 782 2345 le
794 2319 828 2346 12
843 2319 920 2346 avril
935 2318 1027 2354 1235]

122 2865 136 2881 «ι
152 2855 260 2885 Littere
274 2857 438 2886 eorundem
454 2858 665 2886 cai-dt'nalium
681 2867 772 2895 super
787 2859 884 2887 codem
899 2859 921 2886 ¹.
939 2858 1083 2888 Sanctis-

112 2956 137 2981 ¹.
157 2957 235 2983 cette
250 2959 345 2990 lettre,
362 2961 653 2992 cliroiiologiquement
669 2965 694 2986 et
714 2970 762 2993 par
777 2969 827 2986 son
843 2966 961 2986 contenu
980 2962 1082 2992 meme,

1159 396 1172 411 r>
1197 385 1281 416 simo
1298 390 1372 422 etc.,
1391 392 1424 417 ut
1446 396 1556 427 supra.
1581 389 1673 418 Sicut
1698 398 1754 427 per
1775 388 1857 419 alias
1882 394 2010 420 nostras
2031 390 2159 420 litteras

1159 448 1172 464 n
1198 438 1372 468 Sanctitati
1397 441 1513 470 Vestre
1540 449 1643 478 nuper
1664 441 1816 470 duximus
1841 442 2080 479 exponendum,
2106 443 2159 473 die

1158 499 1172 515 ¹³
1196 489 1288 519 Jovis
1309 494 1379 527 post
1402 490 1539 522 Pascha,
1565 514 1584 520 ..
1605 496 1755 521 senatore
1779 501 1815 521 ac
1834 492 1989 522 universo
2011 493 2159 523 Romano

1159 552 1172 566 n
1197 542 1315 578 populo
1337 548 1533 581 congregato
1554 548 1585 573 et
1607 544 1654 574 eis
1675 545 1778 573 forma
1801 545 1891 582 pacis
1911 545 2088 583 diligenter
2103 554 2160 575 ex-

1160 604 1172 619 n
1197 594 1314 631 posita,
1335 596 1413 633 quia
1435 596 1539 625 forma
1563 597 1633 634 ipsa
1659 597 1707 626 eis
1731 597 1864 635 placuit,
1893 602 2059 636 acceptata
2082 603 2160 628 tunc

1160 657 1173 670 »
1198 645 1280 675 suit:
1304 651 1334 676 et
1355 657 1372 676 a
1394 652 1560 678 senatore.
1586 658 1642 686 pro
1668 653 1758 687 parte
1777 649 1927 687 jamdicti
1951 650 2076 688 populi,
2095 655 2125 680 et
2141 659 2159 680 a

1161 710 1173 723 »
1199 698 1304 732 nohis.
1332 708 1389 737 pro
1414 705 1504 738 parte
1533 700 1689 731 Ecclesie.
1717 710 1775 738 pax
1805 701 1921 730 extitit.
1948 702 2086 732 Domino
2110 703 2160 732 fa-

1162 761 1173 775 »
1199 749 1320 785 ciente,
1349 756 1488 789 recepta.
1518 753 1561 782 L’t
1584 757 1692 782 autem
1719 753 1873 782 universa
1899 762 1961 791 que
1983 754 2021 783 ad
2047 763 2158 792 pacem

1161 813 1174 827 »
1199 807 1355 840 spectant,
1376 804 1540 834 Sanctitas
1555 805 1671 834 Vestra
1686 805 1770 834 scire
1788 805 1892 834 valeat
1911 806 2070 839 seriatim,
2086 814 2160 836 ecce

1162 866 1174 880 n
1199 855 1367 885 dominum
1385 857 1579 893 tii-egerium
1602 857 1639 886 dc
1658 858 1782 887 Fusa—22¹
1799 858 1837 887 ‹Ie
1855 858 1966 893 Berta,
1986 858 2160 888 subdiaco-

1161 919 1174 933 n
1200 916 1277 936 num
1297 913 1325 938 et
1344 909 1549 947 capellanum
1564 915 1720 944 vestrum,
1737 911 1842 939 virum
1859 911 1971 948 utique
1989 911 2159 949 providum

1162 971 1174 985 »
1200 964 1229 989 et
1246 951 1511 1000 disci·etuni,*qui
1529 962 1562 991 in
1580 962 1638 991 hoc
1657 963 1787 997 neg-'otio
1804 962 2016 993 laudabiliter
2031 967 2061 993 et
2075 963 2161 993 mul-

1162 1023 1174 1037 n
1200 1012 1357 1049 tipliciter
1373 1013 1544 1045 laboravit.
1563 1010 1736 1044 clementie
1759 1019 1864 1044 vestre
1886 1015 2038 1045 duximus
2059 1015 2162 1045 desti-

1161 1075 1174 1089 »
1200 1064 1361 1099 nandum,
1387 1066 1578 1103 suppliciter
1601 1067 1813 1104 deprecantes
1841 1067 2013 1104 quatinus.
2036 1076 2099 1105 que
2121 1067 2162 1096 ad

1162 1128 1175 1141 ι)
1200 1117 1404 1145 commodum
1422 1123 1449 1147 et
1471 1118 1561 1156 pacis
1582 1119 1745 1156 pertinent
1764 1120 2018 1154 firmamentum,
2037 1120 2161 1158 absque

1162 1180 1175 1194 ³)
1200 1168 1390 1199 difficultate
1410 1170 1555 1208 qualibet
1573 1171 1809 1209 adimplentes.
1829 1172 1967 1201 eundem
1988 1172 2162 1202 subdiaco-

1162 1232 1175 1246 n
1200 1229 1278 1250 num
1296 1227 1440 1251 vestrum
1462 1223 1501 1252 ad
1518 1232 1576 1252 nos
1594 1232 1667 1252 cum
1691 1224 1891 1261 p··.·1·fectione
1909 1224 2057 1253 oninium
2074 1224 2163 1254 velo-

1162 1283 1176 1298 »
1201 1272 1282 1302 citer
1301 1275 1544 1304 transmittatis.
1564 1275 1708 1313 captivos
1728 1277 1949 1305 Romanorum
1971 1276 2042 1306 sine
2059 1285 2160 1311 mora,

1163 1336 1176 1350 »
1201 1325 1229 1353 si
1255 1325 1371 1363 placet,
1399 1327 1511 1357 venire
1538 1327 1574 1356 ad
1600 1332 1742 1357 vestram
1770 1328 1969 1366 presentiam
1996 1329 2161 1358 faciendo.

1163 1389 1176 1403 ν»
1201 1379 1285 1407 Ante
1302 1379 1423 1413 omnia,
1445 1380 1522 1418 quia
1539 1380 1655 1409 honori
1676 1380 1820 1410 Iicclesic
1837 1381 1917 1411 satis
1935 1381 2099 1411 credimus
2112 1391 2163 1411 ex-

1163 1442 1176 1455 »
1201 1430 1323 1468 pedire,
1343 1431 1427 1461 sicut
1444 1431 1522 1461 olim
1540 1433 1613 1461 viva
1631 1442 1718 1467 voce,
1737 1433 1782 1462 ita
1803 1438 1830 1462 et
1853 1442 1939 1463 nunc
1960 1442 2017 1471 per
2035 1433 2162 1464 litteras

1163 1494 1176 1508 >³
1202 1482 1425 1521 supplicamus
1443 1484 1600 1522 quatinus
1617 1485 1699 1515 L'rbi
1716 1485 1978 1523 appropinquare
1995 1485 2115 1521 velitis,
2133 1486 2163 1515 si

1164 1546 1176 1560 n
1200 1535 1324 1573 placet;
1350 1536 1453 1565 nichil
1478 1537 1566 1567 enim
1591 1537 1706 1567 utilius
1729 1538 1859 1575 negotio
1881 1538 2046 1568 credimus
2067 1547 2164 1576 expe-

1163 1599 1176 1614 η
1201 1587 1281 1617 dire.
1301 1588 1385 1624 Quia
1401 1589 1533 1619 difficile
1551 1594 1637 1619 esset
1654 1590 1765 1619 omnia
1786 1590 1982 1627 singillatim
2004 1591 2161 1627 scrihere,

1163 1652 1176 1666 n
1201 1641 1311 1670 omnia
1335 1641 1506 1678 posuimus
1529 1641 1564 1671 in
1586 1651 1641 1671 ore
1668 1643 1806 1680 predicti
1829 1644 1880 1677 G.,
1905 1647 1934 1672 et
1957 1643 1987 1672 ei
2010 1643 2161 1674 dedimus

1162 1704 1176 1719 n
1200 1693 1403 1729 memoriale,
1421 1694 1455 1723 in
1473 1703 1536 1732 quo
1555 1703 1591 1724 ea
1609 1704 1671 1733 que
1685 1704 1866 1734 proponere
1880 1696 1973 1725 vobis
1987 1696 2093 1731 dehet,
2111 1705 2163 1727 ex-

1162 1758 1176 1773 »
1199 1747 1347 1785 pressius
1363 1747 1586 1777 continentur.
1605 1759 1618 1774 »
1816 1739 1821 1743 ”

1231 1915 1373 1951 [3028]

1196 1978 1430 2005 Instrumentum
1454 1979 1561 2012 Angeli
1585 1979 1808 2012 Malabrancae,
1823 1980 1965 2007 senatoris
1984 1981 2087 2014 L'rbis,
2107 1989 2162 2015 quo

1160 2026 1196 2052 de
1218 2027 1337 2060 injuriis
1353 2027 1503 2053 Ecclesiae
1524 2027 1632 2057 illatis.
1650 2036 1737 2062 supra
1752 2028 1806 2055 sub
1825 2037 1945 2055 numero
1958 2029 2027 2055 3018
2040 2038 2163 2056 enume—

1160 2074 1242 2106 ratis,
1259 2074 1491 2101 satisfactionem
1508 2075 1665 2108 promittit,
1681 2078 1707 2102 et
1724 2076 1882 2110 petitiones
1896 2077 2055 2109 Ecclesiae,
2074 2086 2163 2111 supra

1160 2121 1214 2148 sub
1229 2130 1350 2148 numero
1365 2121 1434 2148 3019
1445 2125 1642 2155 enumeratas,
1659 2126 1803 2157 acceptat.
1817 2138 1848 2141 —
1863 2124 1949 2155 (Rae.
1964 2124 2007 2156 18,
2021 2125 2040 2150 f.
2054 2124 2104 2151 122
2117 2128 2162 2157 v⁹;

1160 2178 1229 2196 ann.
1252 2169 1310 2202 IX,
1327 2168 1363 2204 [c.
1380 2169 1460 2204 439];
1484 2185 1516 2188 —
1537 2170 1669 2198 MOREAU
1690 2171 1773 2203 1190,
1796 2172 1816 2197 f.
1838 2171 1885 2203 12;
1908 2171 1986 2204 ibid„
2008 2173 2027 2198 f.
2047 2173 2115 2204 117;
2130 2187 2162 2191 —

1160 2218 1198 2244 cf.
1215 2217 1563 2251 PAPENCORDT-HOFLER,
1578 2226 1606 2252 p.
1618 2219 1681 2251 295,
1694 2222 1722 2245 n⁰
1733 2219 1760 2251 9,
1773 2221 1801 2245 et
1817 2220 1982 2252 RAYNALm,
1999 2228 2068 2246 ann.
2083 2220 2162 2254 1235,

1160 2264 1194 2300 ἐξ
1208 2265 1234 2298 4,
1249 2266 1265 2292 5
1280 2270 1308 2292 et
1321 2265 1351 2298 6;
1369 2280 1401 2284 ——
1417 2267 1454 2292 ei.
1472 2267 1654 2293 ΙῖοοεΝΒῐ-ῑιὶῦ
1669 2266 1731 2299 636,
1745 2267 1839 2297 VIII.)

1593 1916 1712 1952 [Rome‚
1729 1927 1795 1945 vers
1811 1919 1837 1945 Ie
1853 1919 1886 1945 16
1901 1919 1958 1945 mai
1975 1919 2044 1946 1235
2056 1918 2091 1954 2.]

1204 2377 1216 2391 ιι
1234 2366 1355 2395 Sintula
1372 2388 1392 2394 ..
1415 2367 1565 2395 senatoris
1586 2371 1611 2395 et
1628 2368 1739 2404 populi
1757 2368 1886 2396 Romani
1904 2377 1994 2405 super
2015 2370 2165 2405 reforma-

1164 2429 1178 2444 »
1203 2419 1283 2447 tione
1298 2420 1385 2456 pacis
1405 2420 1486 2455 facta
1511 2421 1591 2448 inter
1616 2421 1692 2457 ipsos
1717 2425 1741 2449 el
1766 2421 1939 2449 Ecclesiam.
1966 2422 2004 2451 In
2031 2422 2164 2452 nomine

1164 2482 1177 2496 n
1202 2471 1335 2500 Domini
1356 2488 1404 2499 —.
1427 2471 1478 2500 Ad
1500 2471 1658 2501 honorem
1681 2472 1917 2510 omnipotentis
1935 2473 1995 2503 Dei
2018 2490 2066 2507 -,
2091 2482 2161 2503 uos.

1164 2534 1176 2548 n
1201 2523 1348 2561 Angelus
1376 2524 1606 2559 Malabrance,
1638 2525 1698 2555 Dei
1729 2525 1834 2561 gratia
1864 2525 1948 2556 alme
1978 2526 2079 2557 Urbis
2111 2535 2164 2556 se-

1165 2587 1178 2601 »
1203 2580 1297 2605 nator
1313 2575 1399 2614 [etc.,
1419 2585 1523 2615 usque
1544 2576 1564 2615 :]
1583 2585 1710 2615 semper
1728 2578 1857 2607 firmum
1876 2578 2062 2615 perdurct³.
2083 2590 2095 2604 »

1161 2699 1211 2723 fait
1226 2700 1298 2723 suite
1313 2700 1327 2722 ὲ
1340 2700 1366 2723 la
1379 2700 1455 2730 piece
1471 2701 1547 2724 cotee
1562 2701 1622 2731 plus
1638 2701 1703 2724 haut
1718 2700 1791 2727 3022.
1809 2704 1834 2724 et
1850 2707 1904 2724 non
1920 2700 1935 2723 ἐι
1951 2701 1976 2724 la
1989 2701 2163 2731 precedente,

1163 2742 1236 2771 302&
1253 2743 1304 2766 elle
1320 2747 1361 2767 est
1376 2743 1447 2767 donc
1463 2745 1513 2767 mal
1531 2744 1637 2774 placee,
1651 2748 1677 2768 et
1693 2745 1717 2767 le
1733 2744 1822 2767 libelle
1845 2744 1878 2767 de
1897 2745 1922 2767 la
1941 2744 2071 2775 rubrique
2087 2745 2163 2775 pre'te

1163 2786 1178 2810 ὲ
1191 2787 1375 2817 I'cquivoque.

1197 2831 1217 2855 1.
1234 2833 1283 2854 Ms.
1301 2840 1307 2854 .·
1322 2831 1420 2855 Fusco.

1193 2873 1217 2897 2.
1234 2873 1289 2898 Sur
1302 2875 1327 2897 la
1343 2875 1414 2900 date.
1431 2881 1517 2904 voyoz
1533 2874 1717 2901 Ronsxnnno,
1735 2882 1758 2904 p.
1776 2875 1829 2901 5¹25.
1844 2878 1907 2898 note
1920 2874 1942 2898 2.

1195 2917 1218 2941 3.
1235 2917 1312 2942 Cettc
1327 2918 1404 2948 piece
1421 2922 1474 2945 est,
1492 2918 1580 2941 moins
1596 2919 1620 2941 la
1637 2918 1698 2941 date
1719 2923 1744 2941 et
1765 2925 1829 2941 aree
1850 2925 1903 2941 une
1924 2923 2000 2942 autre
2018 2919 2162 2949 rubrique,

1165 2961 1231 2985 cello
1247 2968 1300 2991 que
1315 2961 1368 2985 l'on
1385 2964 1512 2985 trouver-a
1529 2961 1670 2991 imprimere
1686 2962 1745 2991 plus
1762 2962 1818 2985 loin
1834 2968 1899 2985 sous
1915 2962 1939 2985 le
1954 2966 1982 2985 n·
1995 2962 2064 2985 3032.
