2423 3487
137 321 190 351 571
858 319 1096 349 RssotsTRI-:s
1117 317 1173 348 DE
1196 311 1417 348 GREGOIRE
1439 318 1498 347 rx.
2169 319 2224 348 572

137 395 214 416 voce
227 386 265 415 ad
278 395 335 415 nos
348 386 555 415 frustratorie
573 385 802 423 appellationis
820 385 952 419 emissa,
966 394 1023 422 per
1039 393 1138 422 quos-

137 439 211 468 dam
238 438 413 467 canonicos
439 438 636 476 Bajocenses
665 438 845 467 familiares
876 446 952 467 suos
984 436 1138 475 impediri

137 491 216 520 fecit
238 490 415 528 quominus
439 490 478 518 ad
500 489 693 519 electionem
715 490 947 527 procederetur
967 489 1083 518 decani
1102 489 1136 517 in

137 542 275 573 ecclesia
291 546 481 571 memorata.
504 542 611 578 Quare
628 542 723 571 nobis
742 542 804 571 fuit
820 541 992 571 humiliter
1011 541 1137 579 suppli-

136 599 243 624 catum
260 599 293 623 ut
312 603 409 632 super
425 594 485 623 hoc
500 594 562 632 ipsi
580 594 717 623 ecclesie
734 594 904 632 providere
919 599 1055 632 paterna
1071 593 1136 623 sol-

135 647 308 676 licitudine
325 656 527 676 curaremus.
549 647 631 677 Cum
648 647 749 684 igitur
767 647 929 684 premissa.
952 646 1078 675 notoria
1100 646 1135 674 in

133 699 281 738 partibus
297 699 364 728 illis
379 708 450 728 esse
465 699 626 729 dicantur.
642 699 687 728 ita
704 699 789 737 quod
807 698 897 728 nulla
913 699 1017 736 possit
1034 698 1136 735 tergi-

133 752 318 782 versatione
338 751 448 782 celari.
469 752 548 789 quin
566 751 653 781 idem
669 752 758 781 Oddo
775 760 909 781 uxorem
929 751 1092 789 acceperit
1106 755 1136 780 et

135 805 288 834 militiam
319 804 516 839 secularem,
543 808 578 833 ut
605 804 757 842 superius
783 808 831 833 est
858 813 1047 842 expressum
1059 827 1065 839 ,
1096 804 1135 834 de

134 858 308 895 utriusque
325 857 427 895 partis
445 866 582 887 assensu
597 857 791 886 mandamus
808 862 982 895 quatenus,
997 857 1025 887 si
1041 857 1134 887 vobis

135 910 320 940 constiterit
344 910 388 938 ita
413 918 497 944 csse,
519 909 702 947 injungatis
731 909 873 947 capitulo
896 915 1076 940 memorato
1098 915 1134 940 ut

130 963 217 992 infra
233 967 297 992 tres
314 971 444 992 menses
461 962 523 992 sibi
541 962 734 1000 provideant
751 971 808 1000 per
824 962 1016 992 electionem
1035 972 1134 993 cano-

131 1016 257 1050 nicam,
279 1020 372 1054 prout
394 1015 433 1044 ad
452 1024 506 1044 eos
523 1015 681 1053 pertinet,
698 1015 736 1044 de
754 1015 885 1045 decano.
905 1015 1064 1054 Alioquin
1081 1017 1134 1046 in-

127 1069 275 1108 jungatis
297 1068 479 1098 venerabili
504 1068 598 1097 sratri
620 1073 732 1097 nostro
750 1091 767 1096 ..
788 1068 939 1106 episcopo
958 1070 1133 1108 Baj0censi

131 1122 217 1161 quod
233 1131 269 1151 ex
288 1126 363 1150 tunc
378 1122 415 1151 de
430 1130 568 1159 persona
582 1122 699 1151 idonea
713 1122 745 1150 in
762 1122 921 1151 decanum
938 1123 1133 1153 auctoritate

128 1180 241 1206 nostra
259 1179 348 1205 curet
366 1175 429 1212 ipsi
446 1174 583 1204 ecclesie
600 1175 787 1212 providere;
809 1175 1066 1206 contradictores
1082 1195 1128 1206 —.

129 1228 222 1265 Quod
236 1228 264 1257 si
282 1237 345 1257 non
363 1236 475 1257 omnes
494 1232 554 1257 etc.
578 1228 651 1257 Non
669 1227 819 1257 obstante
837 1229 1073 1259 constitutione
1093 1230 1131 1259 de

129 1280 256 1310 duabus
270 1280 367 1309 dietis
385 1280 471 1309 edita
487 1279 520 1308 in
535 1279 675 1309 concilio
688 1280 845 1317 generali,
858 1280 1032 1310 dummodo
1045 1281 1132 1311 ultra

130 1333 261 1363 tertiam
273 1332 323 1362 vel
336 1336 485 1370 quartam
498 1342 572 1370 pars
587 1332 689 1361 altera
705 1337 793 1362 extra
811 1342 903 1363 suam
915 1333 1072 1364 diocesim
1091 1335 1131 1364 ad

126 1386 290 1425 judicium
308 1394 372 1414 non
391 1385 551 1414 trahatur.
573 1386 646 1414 Dat.
664 1386 868 1421 Inter-amne,
888 1388 955 1417 IIII
970 1387 1130 1417 kalendas

124 1439 249 1475 martii,
267 1447 353 1468 anno
369 1438 506 1468 decimo.
527 1450 540 1465 »

197 1652 315 1680 352ἵ

162 1714 392 1748 Archicpiscopo
405 1714 579 1748 Viennensi,
592 1716 778 1749 Apostolicac
794 1717 878 1744 Sedis
891 1719 994 1751 leg-vato,
1008 1720 1130 1747 mandat

128 1765 287 1796 quatenus,
312 1763 504 1797 personaliter
528 1764 563 1790 ad
592 1764 724 1791 Mentem
753 1766 948 1793 pessulanum
976 1770 1128 1803 accedens,

128 1820 215 1846 super
226 1812 381 1839 haereticis
397 1812 507 1839 ibidem
521 1814 678 1847 reccptatis
692 1815 777 1841 solita
792 1816 968 1844 discretione
980 1819 1128 1852 procedat,

127 1859 320 1887 absolutionis
346 1860 485 1887 beneficio
510 1861 571 1888 illis
595 1862 645 1895 qui
670 1863 705 1889 ad
727 1865 958 1892 ecclesiasticam
982 1867 1128 1895 unitatem

128 1909 281 1941 redierint,
298 1909 350 1935 sub
367 1909 454 1936 certis
468 1910 692 1937 condicionibus
708 1911 916 1946 impendendo.
933 1929 964 1933 —
981 1916 1067 1946 (nm.
1084 1917 1128 1950 18,

127 1958 148 1983 f.
164 1957 216 1983 232
231 1960 277 1989 v⁰;
293 1966 361 1984 ann.
380 1958 418 1991 X,
433 1967 457 1984 c.
475 1958 542 1990 38-13
567 1973 599 1976 —
615 1959 747 1987 Morzi-:Au
765 1961 847 1994 1191,
864 1963 883 1989 f.
900 1963 970 1996 22ss3
992 1966 1029 1991 cf.
1051 1965 1128 1999 ibat,

127 2006 149 2032 f.
163 2005 225 2038 226,
242 2014 277 2032 ex
292 2006 470 2039 Rus-amm
483 2021 514 2025 -—
532 2008 689 2035 Porrimsr
701 2009 810 2041 10300.)

689 1653 792 1687 Terni,
809 1655 843 1681 26
859 1656 966 1683 l'evrier
979 1657 1057 1684 1237.

167 2138 180 2152 α
207 2148 226 2154 ..
243 2127 466 2164 archiepiscopo
486 2129 658 2163 Viennensi,
676 2130 840 2166 ,lposloliee
855 2132 938 2161 Sedis
956 2134 1063 2170 legato.
1083 2135 1129 2164 Ex

124 2181 217 2216 parte
235 2178 407 2207 consulum
426 2183 454 2208 et
472 2179 582 2217 populi
597 2181 718 2210 Montis
733 2182 889 2212 Pesulani
906 2185 969 2214 fuit
985 2188 1129 2225 proposi-

125 2234 195 2259 tum
212 2239 319 2259 coram
337 2231 431 2260 nobis
447 2232 532 2270 quod
552 2232 615 2270 ipsi
634 2237 789 2271 tanquam
806 2236 869 2264 viri
894 2237 1047 2268 catholici
1072 2250 1129 2278 pro

125 2281 189 2311 fide
206 2286 355 2319 potenter
371 2287 399 2312 et
421 2283 587 2313 indefesse
607 2290 780 2319 steterunt,
799 2297 869 2317 eam
887 2294 1000 2320 contra
1018 2294 1129 2329 pravi-

127 2337 227 2364 tatem
241 2334 431 2366 hereticam.
454 2336 538 2365 sicut
558 2337 697 2366 salutent
715 2348 806 2368 suam
824 2345 854 2369 et
878 2340 1035 2373 honorem
1054 2355 1129 2382 pro-

125 2387 247 2425 prium.
266 2387 490 2418 defendentes.
510 2390 618 2423 Unde,
638 2399 710 2419 cum
736 2392 798 2429 ipsi
817 2394 983 2424 audierint
1006 2397 1129 2427 famam

126 2440 290 2478 quandam
304 2445 408 2469 ortam
425 2441 463 2471 de
480 2451 574 2477 novo,
595 2443 681 2481 quod
698 2444 730 2472 in
749 2449 834 2474 terra
852 2456 911 2475 sua
931 2453 1008 2477 sunt
1024 2449 1129 2488 aliqui

126 2500 164 2522 ex
191 2491 346 2521 hereticis
379 2494 553 2531 recept-ati,
587 2495 735 2525 dolentes
772 2498 888 2528 exinde
922 2502 1066 2535 graviter
1098 2508 1129 2533 et

123 2544 218 2574 valde
241 2545 350 2574 tristes
371 2546 496 2581 effecti,
523 2547 564 2576 ad
584 2547 756 2577 infamiam
781 2549 970 2588 hujusmodi
994 2554 1128 2585 abolen-

125 2596 199 2626 dam
225 2597 320 2626 nobis
346 2607 402 2635 per
436 2608 513 2627 suos
548 2600 682 2629 nuntios
713 2606 743 2630 et
777 2602 905 2633 litteras
938 2605 1128 2638 obtulerunt

124 2653 246 2678 terram
281 2650 385 2687 ipsam
420 2651 459 2679 al»
490 2652 579 2680 omni
608 2652 815 2683 intidtditatis
851 2658 1010 2694 spurcitia
1035 2661 1128 2699 juxta

125 2706 274 2730 nostrum
298 2702 540 2740 beneplacitum
566 2714 757 2743 expurgare.
780 2708 846 2737 Nos
873 2718 959 2747 ergo,
990 2712 1028 2741 de
1053 2723 1127 2751 per-

125 2762 204 2783 sone
243 2759 295 2783 tue
337 2756 511 2792 prudentia
546 2758 764 2789 confidentes.

124 2810 238 2839 tenus.

811 2763 1003 2792 mandamus
1045 2776 1127 2804 qua-

278 2809 495 2844 1›··rsonalitcr
524 2811 682 2839 accedeus
712 2813 749 2841 ad
779 2813 903 2845 locum.
940 2826 1037 2854 super
1066 2819 1126 2849 hoc

124 2858 219 2888 solita
237 2860 434 2889 discretione
453 2863 619 2899 procedas,
639 2864 682 2893 ita
702 2866 786 2903 quod
807 2868 908 2904 pestis
934 2869 989 2898 illa
1011 2873 1125 2901 morti-

123 2912 194 2941 fera
211 2911 372 2949 impunita
396 2922 458 2941 11011
478 2918 619 2944 transcat
649 2921 678 2945 ct
705 2927 784 2954 pena
812 2928 874 2948 non
899 2925 1005 2950 teneat
1033 2923 1124 2953 inno-

125 2969 251 2999 centcs3
270 2964 387 2994 ‹lelwnt
407 2967 527 2995 etenim
549 2969 708 2998 eradicari
726 2971 846 3001 zizania
866 2978 893 3001 ct
918 2974 1015 3003 avelli
1038 2976 1124 3005 triti-

1219 392 1293 412 cum
1314 392 1378 412 non
1397 387 1554 421 oportet¹.
1572 383 1737 419 Ceterum,
1763 392 1837 413 curn
1858 383 2124 423 quibuscumque
2148 394 2224 415 vere

1219 436 1446 474 penitentibus
1462 441 1628 474 promptos
1650 436 1690 466 ad
1708 436 1842 475 pietatis
1866 437 2005 475 gratiam
2029 446 2088 467 nos
2112 437 2226 468 deceat

1219 488 1375 523 inveniri,
1393 488 1546 518 volumus
1564 493 1594 518 et
1617 489 1813 519 mandamus
1834 493 1869 519 ut
1890 489 1959 519 illis
1980 490 2053 528 qui,
2077 489 2226 520 heretica

1218 540 1380 578 pravitate
1400 541 1548 575 dimissa,
1569 546 1694 579 sponte.
1716 545 1791 571 ante
1807 541 2062 580 inquisitionem
2078 542 2225 581 aliquam

1218 593 1256 622 de
1276 593 1358 631 ipsis
1375 594 1506 629 factam,
1529 594 1567 623 ad
1585 594 1844 624 ecclesiasticam
1859 595 2031 625 redierunt
2049 595 2101 625 vel
2117 595 2225 626 redie-

1218 646 1285 674 rint
1301 646 1474 680 unitatem,
1493 646 1531 675 ab
1549 647 1901 677 excommunicationis
1921 648 2087 678 sententia
2103 657 2166 687 que
2188 648 2224 678 in

1217 698 1382 728 hereticos
1413 703 1461 728 ter
1486 699 1628 736 singulis
1656 700 1753 729 annis
1779 699 2005 738 sollempniter
2028 710 2046 730 a
2074 701 2224 730 Romano

1218 751 1377 781 Pontifice
1399 751 1642 789 promulgatur,
1664 752 1756 790 prius
1785 752 1825 782 ab
1849 753 1931 791 ipsis
1959 752 2071 783 heresi
2094 753 2225 791 publice

1218 804 1378 843 abjurata,
1398 809 1427 834 et
1445 809 1574 842 recepta
1591 814 1690 843 quam
1709 810 1856 843 prestare
1873 809 2038 844 poterunt,
2057 806 2221 841 cautione,

1217 866 1257 887 ne
1274 857 1415 886 ulterius
1431 857 1465 885 in
1482 857 1705 887 hereticorum
1722 858 1874 896 contagia
1891 858 2093 893 relabantur,
2111 863 2223 888 aucto-

1215 911 1312 940 ritate
1330 910 1507 948 apostolica
1521 911 1614 950 juxta
1631 911 1769 941 sormam
1788 911 1934 942 Ecclesie
1951 912 2148 942 beneficium
2166 912 2224 942 ah-

1217 963 1393 993 solutionis
1416 964 1607 1002 impendas,
1630 964 1755 995 eisdem
1775 965 2013 995 nichilominus
2035 965 2120 995 sicut
2142 965 2224 995 fide-

1216 1017 1304 1046 libus
1342 1021 1549 1047 sacramenta
1591 1018 1718 1047 faciens
1755 1017 1981 1048 ecclesiastica
2017 1018 2221 1054 ministrari3

1217 1069 1331 1107 sicque
1354 1070 1411 1098 fiat
1436 1069 1522 1108 quod
1547 1070 1623 1108 ipsi,
1650 1079 1687 1100 ea
1708 1079 1771 1109 que
1794 1075 1872 1100 sunt
1892 1071 2020 1106 matris,
2042 1070 2224 1109 gaudentes

1217 1123 1303 1160 apud
1322 1121 1504 1152 Ecclesiam
1528 1123 1702 1161 reperisse,
1724 1127 1892 1161 prestante
1911 1124 2063 1159 Domino,
2082 1123 2223 1154 reddan-

1217 1179 1270 1204 tur
1294 1178 1324 1204 et
1349 1175 1383 1203 in
1403 1174 1466 1205 fide
1488 1175 1625 1205 stabiles
1652 1180 1683 1206 et
1704 1176 1739 1205 in
1763 1176 1860 1206 bonis
1881 1177 2037 1215 operibus
2061 1176 2222 1206 efficaces.

1215 1229 1288 1257 Dat.
1308 1229 1509 1270 interamne,
1527 1229 1596 1258 IIII
1614 1228 1773 1259 kalendas
1791 1229 1914 1265 martii,
1934 1238 2020 1259 anno
2047 1229 2185 1259 decimo.
2207 1241 2220 1256 n

1283 1428 1404 1456 3528

1248 1491 1461 1525 Burdegalensi
1478 1494 1505 1518 et
1518 1491 1670 1518 Auxitano
1684 1491 1914 1526 archiepiscopis
1934 1494 1963 1518 et
1978 1491 2113 1526 episcopo
2125 1492 2222 1519 Vasa-

1212 1539 1289 1567 tensi
1308 1539 1412 1566 scribit
1432 1539 1467 1566 de
1483 1539 1679 1574 indulgentiis
1697 1540 1893 1567 concedendis
1909 1540 2038 1567 Henrico
2059 1540 2095 1567 de
2110 1540 2221 1567 Troba-

1212 1590 1287 1616 villa
1300 1591 1341 1622 (τ-
1353 1589 1580 1622 Trubbleville),
1599 1590 1764 1617 senescalco
1780 1590 1856 1624 regis
1872 1590 1999 1623 Angliae
2014 1590 2045 1617 in
2059 1589 2219 1622 Vaseonia,

1212 1639 1244 1665 in
1264 1639 1371 1666 Terrae
1394 1639 1520 1666 Sanctae
1545 1639 1710 1666 subsidium
1734 1639 1947 1673 proficiscenti,
1970 1641 1997 1666 et
2023 1639 2127 1665 multis
2152 1638 2221 1665 aliis

1213 1687 1324 1722 paratis
1345 1695 1412 1714 cum
1433 1687 1486 1713 illo
1506 1687 1542 1714 ad
1564 1687 1817 1714 transfretandum
1833 1687 1864 1714 in
1881 1687 2011 1721 generali
2027 1687 2170 1721 passagio.
2188 1701 2221 1705 —-

1213 1737 1299 1769 (REG.
1314 1736 1363 1769 18,
1379 1737 1399 1762 f.
1414 1736 1465 1762 233
1477 1739 1517 1766 r⁰;
1535 1744 1604 1762 ann.
1621 1736 1665 1769 X,
1681 1744 1705 1762 0.
1723 1736 1790 1768 385;
1809 1751 1840 1754 -
1859 1736 1993 1763 Moamn
2007 1735 2091 1769 1191,
2109 1736 2129 1762 f.
2145 1735 2222 1766 224.)

1784 1429 1884 1462 Terni,
1901 1429 1935 1456 25
1951 1429 2059 1455 sevrier
2071 1429 2151 1455 1237.

1255 1863 1267 1877 «
1295 1873 1314 1879 ..
1334 1850 1551 1887 Burcleyalensi
1566 1855 1592 1879 et
1610 1873 1629 1878 ..
1649 1851 1805 1879 Auoeilczno
1821 1851 2058 1887 archiepiscopis
2069 1854 2094 1878 et
2110 1872 2130 1878 ..
2148 1850 2222 1886 ep1‘s-

1212 1913 1282 1941 copo
1303 1903 1468 1931 Vasaeensi.
1486 1902 1716 1932 Intelleximus
1733 1902 1963 1940 gratulansses]
1980 1901 2067 1940 quod
2082 1901 2222 1931 dilectus

1212 1956 1302 1986 filius
1325 1955 1446 1985 nobilis
1463 1955 1514 1984 vir
1538 1955 1704 1985 Heni-icus
1727 1955 1766 1986 de
1789 1955 1987 1990 Trobavilla,
2011 1954 2222 1985 senescalcus

1212 2009 1384 2039 karissimi
1400 2009 1435 2038 in
1452 2008 1585 2039 Christo
1602 2008 1663 2038 filii
1682 2009 1787 2038 nostri
1801 2032 1820 2038 ..
1838 2009 1926 2047 regis
1942 2008 2062 2046 Anglie
2078 2007 2221 2038 illustris

1212 2063 1247 2092 111
1263 2062 1456 2095 WVasconia,
1473 2061 1540 2092 zelo
1558 2062 1633 2091 fidei
1652 2071 1689 2091 ac
1707 2062 1892 2092 devotionis
1912 2070 2083 2096 accensus,
2103 2069 2222 2100 propo-

1213 2116 1262 2145 nit
1278 2116 1312 2144 in
1331 2116 1431 2145 Terre
1451 2116 1569 2145 Sancte
1589 2115 1776 2145 subsidium
1792 2114 1970 2153 proficisci.
1987 2115 2111 2144 Verum
2129 2113 2218 2152 quia,

1213 2169 1299 2198 sicut
1319 2168 1452 2200 dicitur.
1480 2167 1575 2197 multi
1601 2167 1639 2197 de
1664 2167 1784 2205 Anglie
1808 2167 1958 2206 partibus
1983 2175 2019 2197 ac
2047 2167 2086 2196 de
2106 2166 2221 2197 Olero-

1213 2221 1310 2251 nensi
1329 2225 1359 2251 et
1374 2220 1610 2250 WVasconiensi
1626 2220 1808 2258 provinciis
1825 2223 1856 2250 et
1871 2219 2022 2258 partibus
2039 2217 2221 2258 adjacenti-

1213 2274 1274 2304 bus
1292 2274 1397 2312 parati
1414 2274 1481 2303 sint
1497 2273 1631 2310 signum
1647 2273 1755 2303 crucis
1773 2281 1953 2307 assumere,
1973 2276 2003 2302 et
2019 2280 2086 2301 una
2109 2279 2222 2302 secum

1215 2327 1254 2356 ad
1273 2326 1503 2365 Redemptor-is
1520 2326 1717 2364 obsequium
1733 2326 1768 2355 111
1781 2325 1928 2363 generali
1945 2324 2098 2363 passagio
2117 2328 2220 2354 trans·

1213 2381 1353 2415 fretai-e,
1381 2389 1455 2415 1105,
1483 2379 1631 2418 ejusdem
1658 2378 1841 2409 senescalci
1867 2378 2021 2416 precibus
2048 2376 2216 2412 inclinati,

1214 2433 1410 2462 mandamus
1438 2438 1602 2471 quatenus
1630 2432 1739 2470 ipsum
1764 2440 1801 2461 ac
1824 2440 1938 2461 omnes
1967 2430 2050 2460 alios
2074 2429 2219 2468 partium

1213 2486 1408 2520 earundem,
1433 2485 1491 2524 qui
1516 2494 1647 2514 crucem
1671 2484 1705 2513 in
1732 2484 1951 2523 succursu[m]
1972 2484 2072 2513 Terre
2100 2483 2219 2513 Sancte

1213 2539 1430 2577 susceperint,
1454 2538 1545 2567 illam
1564 2537 1807 2575 indulgentiam
1830 2537 1985 2575 idemque
2006 2535 2219 2574 privilegium

1212 2591 1333 2620 hahere
1360 2590 1490 2628 publice
1518 2590 1694 2626 nuntietis,
1728 2598 1791 2628 que
1822 2589 1898 2619 aliis
1929 2588 2169 2626 crucesignatis
2199 2595 2219 2616 a

1211 2644 1293 2673 Sede
1304 2643 1493 2681 Apostolica
1509 2647 1585 2673 sunt
1602 2652 1769 2672 concessa.
1781 2642 1946 2677 Ceterum,
1958 2646 1994 2670 ut
2006 2641 2093 2671 idem
2109 2648 2219 2670 senes-

1211 2696 1321 2725 calcus
1343 2696 1382 2725 ad
1402 2695 1632 2733 Redemptoris
1647 2695 1807 2725 honorem
1822 2694 1962 2724 liberius
1980 2694 2137 2732 perficere
2162 2701 2218 2722 va-

1209 2750 1271 2780 leat
1299 2750 1384 2788 quod
1412 2749 1565 2784 intendit,
1593 2749 1744 2778 volumus
1765 2752 1796 2778 et
1817 2747 2013 2777 mandamus
2039 2749 2228 2787 quaten-uss

1209 2812 1281 2832 cum
1301 2805 1428 2840 tempus
1445 2801 1590 2839 passagii
1603 2801 1768 2838 generalis
1785 2800 1971 2834 advenerit,
1987 2799 2025 2828 de
2041 2797 2137 2827 bonis
2153 2805 2216 2836 que

1208 2856 1246 2885 de
1265 2855 1420 2885 vicesima
1444 2859 1499 2884 aut
1524 2854 1700 2885 tricesima,
1722 2853 1773 2882 vel
1794 2861 1850 2891 pro
1873 2851 2101 2889 redemptione
2126 2854 2217 2879 voto-

1240 2987 1259 3011 1.
1279 2987 1318 3011 Ct,
1336 2987 1409 3009 MATT
1438 2986 1516 3016 XIII,
1531 2986 1569 3009 (ΖΕ).
