2519 3518
111 286 166 316 1¹7

110 353 202 386 tium,
223 353 354 387 ejusdem
377 360 526 387 processus
547 355 711 387 praetextu,
733 360 819 387 super
840 350 968 385 eligendi
989 350 1066 383 jure,
1087 348 1111 374 si

109 400 181 435 quid
195 400 333 433 habeant,
346 400 561 435 praejudicium
577 400 606 427 in
621 403 766 434 posterum
783 402 953 434 generetur;
967 405 1053 432 super
1067 396 1112 423 his

110 449 263 484 publicum
277 449 380 476 confici
401 449 492 476 faciat
511 449 754 475 instrumentum.
770 463 801 466 —
817 448 905 479 (Rae.
922 446 966 479 18,
983 447 1001 472 t.
1020 446 1051 472 51
1071 448 1111 476 r';

108 505 179 524 ann.
197 497 250 530 lx,
266 505 291 524 e.
307 496 382 529 150.)

151 622 166 637 ιι
185 633 204 639 ..
225 610 326 639 abbati
344 610 414 640 Case
432 611 526 645 Nove,
543 611 708 639 Pennensis
729 610 863 638 diocesis.
887 608 1028 639 Causam
1050 615 1113 646 que

108 662 198 692 inter
224 679 273 691 ——.
301 663 374 692 Dat.
402 662 548 697 Perusii,
577 662 638 692 XV
662 661 821 691 kalendas
850 661 1000 698 augusti,
1027 668 1112 689 anno

110 723 209 745 nono.
229 726 242 741 r>

181 938 301 966 2883
650 938 785 970 Perouse,
801 937 836 964 20
849 937 948 970 juillet
962 936 1040 962 1235.

144 999 289 1033 Magistro
312 998 422 1035 1³[etro]
441 1000 477 1027 de
497 999 692 1031 Collemedio,
716 999 809 1033 ipsius
831 1006 923 1033 papae
944 997 1112 1031 capellano,

108 1049 274 1083 praeposito
299 1048 402 1076 Sancti
422 1048 600 1081 Audomari,
623 1048 766 1080 Johanni,
788 1046 995 1083 archidiacono
1021 1045 1113 1072 Seno-

109 1096 206 1129 nensi,
220 1098 249 1123 et
267 1096 406 1130 magistro
420 1096 550 1123 Guiardo
562 1096 598 1123 de
613 1095 766 1127 Lauduno,
783 1094 923 1122 canonico
939 1093 1111 1124 Parisiensi,

109 1144 234 1171 mandat
259 1147 403 1178 quatenus
427 1152 514 1178 super
539 1144 682 1171 electione
711 1143 910 1170 thesaurariae
940 1141 1110 1168 monasterii

109 1192 238 1220 Sanctae
252 1192 366 1219 Mariae
387 1192 606 1219 Suessionensis
625 1192 656 1218 in
677 1192 807 1225 ejusdem
830 1190 1001 1217 monasterii
1021 1190 1111 1216 abba-

109 1240 228 1273 tissam,
245 1248 294 1267 seu
315 1240 426 1274 potius,
442 1243 475 1267 ut
490 1240 679 1271 referebatur,
696 1239 860 1266 intrusione
879 1238 986 1273 ipsius,
1003 1238 1111 1271 viginti

108 1296 160 1315 sex
174 1288 349 1315 monialium
368 1288 600 1322 consanguineae
614 1290 643 1314 et
656 1287 784 1322 episcopi
801 1286 1021 1313 Suessionensis
1034 1294 1112 1312 soro-

109 1337 160 1369 ris,
176 1337 340 1371 inquirant.
355 1351 386 1355 —
403 1337 488 1369 (Rae.
503 1336 547 1369 18,
563 1337 582 1363 f.
599 1337 630 1363 51
649 1339 689 1368 r⁰;
704 1344 773 1362 ann.
790 1336 842 1368 IX,
859 1344 884 1362 c.
901 1335 975 1365 151.)

150 1463 164 1478 α
181 1451 326 1488 Mayistro
340 1452 373 1480 Ρ.
391 1451 424 1480 de
439 1451 631 1485 Collemedio,
651 1451 809 1488 capellano
831 1455 947 1481 nostro,
962 1450 1113 1486 preposito

106 1504 215 1534 Sancti
230 1503 410 1539 Audomari,
428 1504 610 1532 Mor-inensis
625 1503 767 1538 diocesis,
783 1503 935 1535 Jolmnni,
952 1502 1025 1530 arch
1033 1501 1114 1530 idia-

105 1564 180 1586 cono
196 1556 373 1590 Senonensi,
391 1561 417 1585 et
432 1557 580 1593 magistro
595 1556 729 1585 Guiardo
741 1556 774 1584 cle
790 1556 947 1589 tauriano,
966 1555 1114 1583 canonico

106 1609 286 1638 Parisiensi.
315 1608 381 1638 Sua
411 1608 508 1638 nobis
534 1631 554 1637 ..
579 1608 755 1646 priorissa,
785 1630 804 1636 ..
834 1607 1057 1645 suppriorissa
1082 1611 1114 1636 et

104 1659 218 1699 plures
235 1659 299 1690 alie
314 1660 476 1690 moniales
492 1660 686 1690 monasterii
703 1660 821 1690 Sancte
839 1659 943 1689 Mal-ie
960 1659 1113 1689 Suessio-

106 1713 234 1745 nensis,
250 1712 376 1743 ordinis
390 1713 497 1743 sancti
512 1712 696 1747 Benedicti,
714 1713 872 1751 petitione
886 1716 1113 1742 monstrarunt

107 1765 210 1804 quod,
231 1774 323 1800 eum,
342 1774 447 1803 nuper
462 1765 663 1795 monasterio
680 1765 752 1803 ipso
768 1765 934 1795 abbatisse
950 1765 1112 1802 regimine

105 1817 280 1852 destituto,
297 1822 480 1848 conventus
498 1818 645 1857 ejusdem
664 1818 704 1847 ad
725 1817 911 1855 eligendam
930 1817 995 1847 sibi
1012 1817 1113 1846 abba-

106 1869 224 1900 tissam
243 1874 333 1900 certa
355 1870 407 1900 die
431 1870 465 1899 in
482 1870 626 1908 capitulo
650 1870 896 1904 convenissent,
913 1869 1113 1908 quibusdam

107 1930 146 1952 ex
162 1922 210 1952 eis
226 1926 262 1952 ut
276 1923 346 1953 vice
362 1923 510 1953 omnium
526 1923 565 1953 de
581 1923 749 1953 abbatissa
766 1923 893 1960 prefato
911 1922 1113 1951 monasterio

105 1974 328 2013 providerent,
337 1979 531 2013 potestatem
539 1975 745 2005 concorditer
753 1978 999 2004 concesserunt.
1010 1974 1113 2004 donec

107 2027 144 2057 in
161 2027 396 2058 Suessionensi
417 2028 556 2058 ecelesia
572 2028 760 2066 pulsaretur
775 2028 815 2057 ad
831 2036 985 2065 vesperas
1004 2031 1113 2065 potes-

110 2083 175 2110 tate
191 2079 383 2119 hujusmodi
399 2080 568 2110 duratura.
592 2081 631 2110 Et
650 2080 745 2118 quia,
763 2080 892 2118 pulsato
910 2080 1009 2109 nimis
1031 2084 1113 2109 tem-

108 2132 271 2171 pestivius
287 2131 384 2162 solito
399 2132 434 2161 in
448 2132 562 2162 eadem
578 2132 728 2167 ecclesia,
744 2132 801 2162 illo
815 2132 878 2166 die,
891 2132 930 2162 de
945 2132 1113 2161 abbatissa

107 2183 214 2214 eidem
241 2184 442 2214 monasterio
467 2184 632 2222 provideri
660 2194 724 2213 non
749 2185 855 2222 potuit
881 2193 938 2222 per
962 2184 1110 2214 easdem.

107 2241 361 2275 assumpserunt
383 2241 448 2267 tres
466 2237 505 2267 de
526 2237 664 2275 collegio
686 2237 726 2266 ad
743 2237 932 2266 faciendum
956 2237 1017 2266 sub
1038 2237 1112 2266 vin-

108 2288 182 2319 culo
199 2289 381 2328 juramenti
400 2280 597 2319 scrutinium
616 2289 814 2327 tidedignas:
839 2298 902 2328 que
925 2298 999 2319 cum
1020 2289 1055 2318 in
1077 2298 1112 2319 se

107 2345 303 2380 potestatem
330 2341 474 2371 faciendi
500 2342 699 2371 scrutinium
727 2342 945 2380 recepissent,
978 2346 1026 2376 et,
1053 2341 1112 2371 uni

107 2402 221 2424 earum
237 2394 379 2433 quadam
391 2394 645 2432 superveniente
659 2394 863 2429 infirmitate,
881 2403 943 2432 que
956 2395 1112 2432 frequen-

108 2451 158 2476 ter
173 2445 350 2476 invadebat
361 2446 509 2481 eandem,
526 2454 591 2475 non
603 2451 712 2484 posset
726 2446 923 2476 scrutinium
939 2446 1110 2481 celebrari,

107 2498 248 2538 quedam
272 2507 347 2536 pars
372 2498 568 2528 monialium
593 2498 740 2537 ejusdem
762 2498 841 2533 loci,
861 2498 902 2527 ab
922 2498 1113 2537 hujusmodi

104 2552 213 2582 forma
228 2551 361 2589 propria
377 2551 561 2581 temeritate
581 2550 753 2583 recedens.
770 2555 843 2588 post
859 2550 1111 2588 appellationem

105 2604 148 2634 ad
169 2603 287 2635 Sedem
313 2603 536 2642 Apostolicam
558 2603 763 2641 interjectam
786 2602 945 2640 legitime,
972 2612 1012 2632 ne
1039 2603 1111 2633 sine

108 2657 205 2688 tertia
221 2656 350 2695 relique
366 2656 428 2686 due
445 2656 486 2685 ad
501 2655 699 2686 scrutinium
716 2655 940 2693 procederent.
958 2655 993 2684 in
1013 2664 1112 2694 quarn

105 2713 345 2740 consenserant
368 2708 540 2743 universe,
566 2708 618 2737 die
641 2707 681 2737 ad
704 2707 946 2746 procedendum
969 2707 1003 2736 in
1027 2707 1112 2737 elec-

106 2761 207 2792 tionis
225 2761 357 2799 negotio
375 2760 567 2790 continuata
583 2759 752 2798 sequenti,
773 2759 808 2788 in
824 2760 918 2798 cujus
938 2759 1113 2789 continua-

106 2814 198 2845 tione
213 2823 269 2844 sex
285 2809 324 2844 de
340 2813 542 2843 monialibus
564 2813 646 2851 ipsis
665 2816 849 2850 contempte
869 2812 1004 2841 fuerunt
1025 2815 1055 2841 et
1071 2811 1112 2841 ab

105 2867 156 2897 eis
178 2871 310 2905 propter
333 2866 395 2896 hoc
417 2866 457 2896 ad
478 2869 624 2895 nostram
647 2864 850 2894 audientiam
873 2864 978 2893 extitit
1001 2863 1113 2901 appel-

105 2919 223 2955 latum,
244 2907 387 2950 exc'lusis
401 2919 562 2958 priorissa
584 2922 615 2948 et
634 2917 787 2956 pluribus
803 2916 879 2947 aliis
895 2916 1110 2954 supradictis,

948 274 1176 313 NEUVIEME
1198 273 1356 310 ANNEE.

2140 279 2194 308 1¹8

1197 354 1259 384 que
1282 350 1451 384 presentes
1478 352 1571 377 erant
1597 347 1631 376 in
1653 345 1796 384 capitulo
1823 349 1853 375 et
1874 344 2055 375 offerebant
2079 354 2114 375 se
2137 354 2195 383 per

1195 398 1281 428 viam
1298 399 1462 431 scrutinii.
1480 399 1531 429 vel
1550 399 1646 429 aliter
1661 398 1771 433 etiam,
1790 397 1819 427 si
1834 397 2001 432 deberent,
2018 397 2057 427 ad
2069 397 2195 435 eligen-

1193 450 1270 479 dum
1287 450 1461 488 procedere
1477 460 1551 480 cum
1567 451 1702 485 eisdem,
1721 450 1754 479 in
1771 454 1836 480 tres
1855 449 1894 479 de
1913 449 1994 482 suis,
2013 449 2195 480 secedendo

1195 503 1228 532 in
1247 508 1370 541 partem
1387 504 1534 542 capituli,
1553 508 1598 537 ut,
1617 504 1804 542 juramento
1826 502 1979 541 prestito,
1997 502 2036 532 de
2055 510 2195 540 persona

1194 555 1312 584 idonea
1335 555 1441 585 eidem
1464 556 1664 585 monasterio
1691 555 1916 593 providerent,
1943 563 2000 592 pro
2024 563 2082 583 sue
2105 562 2195 583 com-

1195 607 1343 645 promisit
1355 608 1491 637 arbitrio
1501 607 1678 637 voluntatis
1689 618 1694 641 ;
1708 607 1886 645 eedemque
1896 605 2192 644 compromissarie,

1195 668 1402 698 nequaquam
1422 660 1610 698 hujusmodi
1627 659 1853 697 compromissi
1876 659 1981 687 forma
1997 662 2142 691 servata,
2159 658 2194 687 in

1195 712 1377 742 continenti
1399 712 1485 750 quod
1507 712 1598 750 prius
1617 716 1844 749 conceperant,
1870 710 2098 748 adimplentes,
2121 718 2194 739 cum

1194 764 1313 802 viginti
1329 773 1384 794 sex
1407 764 1567 794 moniales
1584 764 1729 803 ejusdem
1747 763 1848 801 partis
1866 763 1932 792 sint
1950 762 2195 799 consanguinee

1194 839 1216 845 ..
1237 817 1442 846 thesaurarie
1466 817 1638 846 memorati
1661 815 1869 849 monasterii,
1894 824 1983 849 eam,
2003 815 2148 853 perjurio
2165 818 2195 844 et

1194 869 1269 898 aliis
1288 869 1401 899 multis
1420 869 1616 899 criminibus
1639 869 1815 904 irretitam,
1838 868 1931 907 cujus
1957 866 2195 904 consanguinei

1194 922 1279 951 bona
1303 922 1449 960 ejusdem
1469 922 1663 951 monasterii
1686 921 1914 959 multipliciter
1933 919 2142 950 distrahunt¹
2165 924 2195 948 et

1195 979 1407 1008 consumunt,
1426 974 1459 1002 in
1481 974 1681 1003 abbatissam
1698 973 1817 1012 prefati
1835 972 2027 1002 monasterii
2045 971 2195 1001 nomina-

1196 1031 1289 1061 runt;
1315 1035 1389 1064 que,
1416 1025 1605 1065 huiusmodi
1632 1025 1849 1055 nominationi
1869 1024 2095 1054 consentiens
2118 1033 2196 1054 con-

1195 1079 1309 1108 fractis
1325 1078 1462 1108 ecclesie
1479 1078 1626 1113 foribus,
1650 1088 1724 1108 cum
1741 1078 1898 1107 laicorum
1922 1077 2134 1107 multitudine
2155 1077 2194 1106 ad

1195 1132 1301 1170 majus
1329 1131 1430 1161 altare
1457 1131 1621 1169 deportari
1655 1140 1688 1161 se
1720 1131 1796 1161 fecit
1825 1135 1855 1160 et
1882 1130 1981 1160 etiam
2011 1129 2193 1164 installari;

1195 1188 1326 1222 propter
1347 1183 1433 1222 quod
1456 1184 1625 1221 priorissa,
1651 1183 1873 1221 suppriorissa
1895 1186 1924 1212 et
1949 1182 2012 1212 alie
2035 1182 2195 1212 moniales

1195 1235 1382 1274 supradicte
1404 1235 1600 1265 adherentes
1624 1235 1745 1269 eidem,
1771 1235 1810 1264 ad
1836 1235 1952 1265 Sedent
1975 1234 2195 1272 Apostolicam

1195 1288 1413 1326 appellarunt.
1442 1288 1505 1318 Sed
1528 1287 1728 1318 venerabilis
1754 1288 1855 1317 frater
1878 1291 2024 1316 noster..
2045 1287 2197 1317 Suessio-

1196 1340 1310 1370 nensis
1337 1340 1526 1378 episcopus,
1555 1340 1700 1378 ejusdem
1735 1339 1941 1369 thesaurarie
1973 1340 2089 1373 frater,
2121 1339 2197 1368 licet

1195 1392 1302 1422 denuo
1313 1402 1422 1422 coram
1436 1393 1506 1430 ipso
1520 1401 1556 1421 ex
1571 1401 1683 1422 earum
1698 1397 1787 1429 parte
1806 1401 1844 1421 ne
1859 1392 1897 1420 ad
1915 1391 2196 1420 ‹·onfi1·111ationem

1195 1445 1277 1483 ejus,
1298 1445 1495 1482 contemptis
1517 1444 1794 1482 appellationibus
1811 1444 1971 1481 ipsarum,
1997 1443 2196 1481 procederet,

1195 1497 1295 1527 suerit
1317 1497 1531 1535 appellatum,
1552 1497 1757 1526 carnalitatis
1781 1505 1923 1534 sequens
1940 1496 2108 1529 affectum,
2132 1504 2196 1525 non

1191 1550 1354 1589 judicium
1371 1550 1521 1584 rationis,
1540 1558 1661 1579 munus
1684 1549 1714 1579 ei
1737 1549 1997 1578 camfirmatiouis
2018 1548 2195 1586 impendit,

1195 1602 1229 1631 in
1244 1611 1309 1637 eas,
1326 1601 1375 1630 illi
1389 1601 1522 1631 obedire
1535 1601 1695 1635 nolentes,
1710 1606 1739 1630 et
1753 1600 1834 1630 alios
1849 1601 1905 1638 qui
1921 1600 1967 1630 eis
1984 1601 2016 1629 in
2033 1601 2091 1629 hac
2107 1605 2196 1638 parte

1195 1654 1370 1692 preberent.
1391 1653 1579 1688 consilium,
1604 1653 1764 1683 auxilium
1781 1657 1810 1682 et
1830 1653 1975 1682 favorem
1987 1676 1993 1681 .
2011 1662 2196 1682 excommu-

1195 1707 1373 1736 nicationis
1399 1706 1598 1736 sententiam
1628 1706 1852 1739 sulminando,
1880 1705 1913 1734 in
1941 1714 2003 1734 non
2034 1705 2196 1734 modicum

1195 1761 1313 1798 prefati
1331 1760 1524 1789 monasterii
1542 1759 1788 1789 detrimentum.
1806 1760 1914 1795 Quare
1935 1759 2018 1788 dicte
2040 1759 2197 1796 priorissa

1195 1818 1227 1843 et
1242 1813 1306 1843 alie
1320 1821 1479 1851 sequaces
1492 1812 1598 1850 ipsius
1614 1812 1708 1841 nobis
1722 1811 1894 1841 humiliter
1909 1810 2135 1849 supplicarunt
2149 1815 2195 1842 ut.

1195 1875 1294 1904 super
1311 1870 1402 1895 tanto
1422 1865 1613 1903 gravamine
1634 1865 1715 1902 ipsis
1736 1869 1767 1894 et
1789 1873 1902 1894 earum
1925 1864 2125 1893 monasterio
2140 1872 2197 1901 pa-

1195 1923 1288 1948 terna
1306 1917 1530 1947 sollicitudine
1546 1917 1766 1955 providentes,
1785 1917 1932 1947 revocari
1948 1917 1982 1945 in
2001 1921 2122 1945 statum
2140 1916 2197 1946 dc-

1193 1971 1299 2000 bitum
1336 1969 1494 2008 quicquid
1529 1974 1601 2007 post
1638 1969 1891 2007 appellationem
1928 1977 2041 1998 earum
2076 1973 2197 1998 temere

1193 2023 1295 2053 fuerit
1313 2026 1552 2060 attemptatum,
1571 2026 1601 2051 et
1619 2022 1778 2060 prefatam
1796 2021 2036 2051 thesaurariam
2051 2020 2195 2050 amoveri

1195 2076 1234 2105 ab
1251 2075 1356 2113 ipsius
1379 2075 1572 2104 monasterii
1592 2074 1753 2111 regimine
1777 2074 1824 2103 sic
1846 2074 2026 2105 intrusam,
2051 2081 2110 2102 nec
2131 2081 2195 2102 non

1194 2128 1359 2166 provideri
1376 2127 1440 2157 sibi
1451 2137 1508 2165 per
1524 2127 1717 2157 electionem
1735 2126 1927 2156 canonicam
1943 2126 1977 2155 in
1994 2125 2196 2155 abbatissam

1194 2179 1237 2210 de'
1255 2189 1395 2218 persona
1422 2180 1541 2209 idonea
1568 2180 1763 2209 faceremus.
1795 2179 1879 2215 Quia
1905 2187 1980 2207 vero
2009 2178 2103 2208 nobis
2131 2186 2196 2207 non

1194 2233 1341 2263 constitit
1356 2233 1394 2262 de
1406 2232 1588 2271 premissis,
1602 2232 1640 2262 de
1653 2232 1825 2270 utriusque
1836 2231 1937 2269 partis
1948 2235 2196 2269 procuratorum

1194 2294 1345 2318 assensu,
1361 2285 1555 2315 mandamus
1572 2289 1747 2323 quatenus.v
1764 2284 1803 2313 ad
1819 2284 1943 2313 dictum
1959 2283 2196 2313 monasterium

1193 2338 1412 2377 personaliter
1428 2338 1636 2372 accedentes,
1655 2337 1815 2376 inquisita
1839 2337 1879 2367 ab
1897 2337 1979 2375 ipsis
1995 2335 2196 2366 monialibus

1193 2401 1293 2430 super
1312 2391 1483 2421 electionis
1506 2392 1627 2424 forma,
1645 2390 1839 2432 eligentium
1863 2389 1983 2419 studiis
2003 2389 2195 2427 meritisque

1193 2453 1332 2482 persone
1347 2444 1453 2482 ipsius
1468 2443 1685 2477 thesaurarie,
1704 2447 1733 2473 et
1751 2451 1849 2480 super
1867 2442 1943 2472 aliis
1961 2441 2092 2480 plenius
2108 2440 2196 2470 veri-

1195 2502 1275 2531 tate,
1301 2497 1388 2535 quod
1412 2497 1608 2526 canonicum
1633 2496 1733 2525 fuerit
1760 2500 1820 2525 etc.
1847 2512 1896 2523 —.
1922 2494 2091 2527 Ceterum,
2118 2493 2196 2532 quia

1195 2549 1307 2579 eedem
1332 2548 1494 2578 moniales
1518 2557 1582 2577 non
1606 2547 1727 2577 habent
1751 2547 1936 2585 proprium,
1959 2551 2089 2584 propter
2110 2545 2195 2584 quod

1194 2601 1324 2631 valeant
1355 2601 1510 2639 prosequi
1539 2600 1630 2630 litem
1663 2600 1779 2637 ipsam.
1813 2604 1877 2629 tam
1907 2598 1955 2628 eis
1985 2606 2083 2636 quam
2112 2598 2195 2635 parti

1194 2653 1330 2683 adverse
1344 2653 1384 2683 ad
1400 2652 1662 2691 prosecutionem
1679 2651 1801 2689 negotii
1818 2659 1977 2688 expensas
1991 2649 2194 2680 necessarias

1193 2707 1378 2736 ministrari
1396 2706 1434 2735 de
1452 2706 1546 2735 bonis
1563 2705 1709 2743 ejusdem
1727 2703 1919 2733 monasterii
1939 2702 2081 2732 faciatis.
2103 2701 2195 2738 Quod

1195 2760 1224 2790 si
1253 2769 1318 2789 non
1346 2768 1459 2789 omnes
1488 2762 1561 2792 etc.,
1592 2757 1656 2787 duo
1683 2761 1828 2787 vestrum
1856 2760 1917 2785 etc.
1951 2755 2024 2784 Dat.
2052 2753 2193 2787 Perusii,

1194 2813 1278 2842 XIII
1292 2811 1451 2841 kalendas
1468 2809 1611 2848 augusti.
1630 2817 1716 2838 anno
1733 2816 1829 2837 nono.
1849 2820 1861 2833 n

1227 2924 1248 2947 l.
1265 2926 1315 2947 Ms.
1330 2932 1336 2947 .·
1353 2923 1514 2946 distrahant.
