2423 3487
165 241 223 269 ‘215

169 306 261 336 Sedis
280 303 462 342 Apostolice
480 302 628 331 sulficere
645 301 770 335 debuit,
792 300 877 338 quod
898 300 931 328 in
954 297 1123 331 Sardinia,
1144 306 1160 325 a

169 357 263 387 nobis
280 355 412 385 licentia
428 364 491 383 non
507 353 617 382 habita
636 353 685 381 vel
702 352 813 390 petita,
832 349 1061 389 presumpsisti
1078 349 1162 385 lega-

170 409 267 438 tionis
281 407 422 437 officium
440 415 600 436 exercere.
614 406 746 434 Verum.
765 414 838 433 cum
855 404 886 432 id
904 412 967 432 non
985 402 1160 440 possimus.

169 462 250 490 sicut
276 469 332 489 nec
351 459 516 492 debemus,
543 458 603 486 sub
624 457 888 486 dissimulatione
914 455 1070 487 transire,
1091 462 1164 491 pre-

170 514 311 544 sentium
335 512 392 541 tibi
414 511 606 540 auctoritate
628 510 774 539 districte
798 508 1006 547 precipiendo
1029 507 1164 536 manda-

168 575 241 595 mus
266 568 428 603 quatenus
454 572 551 600 super
576 572 611 592 eo
631 562 727 601 quod,
755 562 826 591 sine
855 561 990 599 speciali
1013 559 1165 589 mandato

170 622 290 647 nostro.
309 620 420 645 contra
433 615 601 653 antiquam
615 619 643 643 et
657 614 865 652 approbatam
880 612 1163 647 consuetudinem,

169 671 203 699 in
222 669 372 699 sardinia
390 667 564 705 legationis
585 667 727 696 officium
751 666 929 704 usurpasti,
949 669 977 694 et
995 664 1166 702 premissis

170 722 303 760 injuriis
322 721 428 757 legato
444 720 588 758 predicto
607 719 719 753 illatis,
738 728 842 757 usque
866 719 905 747 ad
927 718 1061 747 initium
1080 717 1167 752 Qua-

171 774 352 811 dragesime
369 772 514 810 proximo
531 776 682 805 venture,
701 771 785 810 quod
804 771 861 799 tibi
878 780 934 808 pro
950 769 1169 808 peremptorio

173 827 312 857 termino
340 825 564 862 assignamus,
595 832 813 861 responsurus
840 828 869 852 et
895 827 1086 860 recepturus
1113 831 1169 860 pro

172 880 310 913 meritis,
330 883 439 908 nostro
457 884 484 908 te
502 877 690 915 conspectui
708 876 925 914 personaliter
941 880 1168 914 representes;

173 932 320 970 alioquin
339 935 455 960 extunc
473 940 489 959 a
506 929 685 967 pontificali
706 929 812 958 officio
837 928 967 957 noveris
985 933 1014 958 te
1031 937 1170 966 suspen-

174 994 257 1014 sum.
272 984 425 1015 Ceterum
443 982 592 1012 volumus
609 986 638 1011 et
653 982 846 1011 mandamus
861 986 895 1010 ut
913 990 1073 1019 expensas
1090 990 1171 1019 quas

174 1038 259 1067 idem
276 1036 402 1074 legatus
418 1035 504 1065 Pisis
521 1035 638 1065 fecisse
656 1035 838 1064 dinoscitur
853 1039 883 1064 et
895 1039 960 1064 tam
972 1034 1006 1063 in
1020 1033 1172 1071 passagio

175 1099 271 1128 quam
289 1090 323 1118 in
340 1088 414 1119 aliis
431 1097 534 1126 usque
551 1088 585 1117 in
603 1087 790 1117 Sardiniam
807 1091 853 1117 est
872 1088 1030 1119 facturus,
1049 1085 1174 1124 persol-

176 1152 232 1172 vas
260 1142 375 1172 eidem.
404 1141 496 1177 Quod
521 1141 548 1170 si
575 1141 696 1170 nostris
728 1150 826 1178 super
850 1140 911 1169 boc
933 1138 1174 1178 presumpseris

176 1195 339 1225 contraire
362 1193 541 1228 mandatis,
564 1193 681 1222 dilecto
702 1193 770 1222 tilio
793 1216 811 1222 ..
838 1192 1026 1230 primicerio
1044 1193 1175 1221 Lucano

178 1248 300 1278 nostris
325 1247 445 1276 litteris
471 1246 676 1285 injungimus
702 1250 735 1275 ut
764 1250 793 1275 te
817 1245 856 1275 ad
878 1244 912 1274 id
933 1262 970 1265 —
991 1243 1175 1282 compellat.

178 1302 251 1331 Dat.
269 1299 420 1334 Yiterbii,
441 1299 550 1329 idibus
567 1298 760 1332 deceml‘iris,
780 1307 865 1327 anno
882 1307 979 1327 nono.
997 1310 1009 1323 »

251 1511 367 1540 2866

219 1574 388 1608 Praeposito
413 1574 620 1600 Terraconensi
651 1573 772 1599 mandat
796 1576 939 1606 quatenus
962 1573 1129 1606 episcopum
1153 1575 1181 1599 et

183 1623 337 1650 ecclesiam
355 1622 606 1649 Barchinonenses
626 1630 712 1655 super
732 1621 932 1655 spiritualium
952 1621 1131 1655 possessione
1151 1621 1181 1647 in

184 1673 282 1699 insula
297 1671 506 1705 Majoricarum
522 1679 578 1697 non
595 1672 729 1697 molestet
742 1679 747 1702 ς
765 1670 888 1697 ulterius
902 1671 985 1697 nulla
997 1671 1061 1704 jura
1072 1670 1184 1704 episeo-

185 1721 263 1755 palia
277 1721 307 1747 in
320 1720 420 1746 eadem
438 1720 534 1746 insula
548 1722 689 1746 exerceat.
704 1734 734 1737 -
746 1720 831 1751 (Rae.
846 1719 890 1751 18,
904 1720 923 1745 f.
936 1718 969 1745 89
981 1722 1025 1750 v⁰;
1043 1727 1112 1745 ann.
1130 1719 1182 1752 lx,

185 1777 209 1796 c.
227 1769 300 1799 308.)

668 1511 799 1544 Viterbe,
816 1511 848 1537 15
864 1510 1017 1537 decembre
1029 1511 1107 1537 1235.

229 1894 240 1907 ιι
260 1904 280 1909 ..
297 1882 444 1918 preposito
464 1882 689 1910 Terraconcnsi.
709 1881 898 1910 Venerabili
916 1881 1016 1910 fratre
1034 1885 1145 1910 nostro
1163 1904 1184 1909 ..

187 1933 450 1963 Barebinonensi
481 1934 631 1971 episcopo
661 1934 847 1971 accepimus
878 1934 1052 1963 intimante
1079 1934 1184 1972 quod,

188 1996 260 2015 cum
278 1995 381 2024 nuper
398 1986 455 2015 tibi
473 1986 660 2016 ‹ilederimus
678 1986 710 2014 in
728 1986 890 2015 mandatis
907 1991 952 2018 ut,
970 1987 1188 2024 personaliter

189 2039 227 2068 ad
244 2038 386 2068 insulam
400 2039 630 2077 Majoricarum
644 2039 812 2069 accedens.
831 2039 949 2074 dotem,
968 2040 1188 2069 dominicatu-

189 2100 242 2120 ras
261 2095 291 2120 et
310 2091 372 2119 alia
386 2091 471 2129 jura,
493 2100 549 2128 per
566 2091 720 2121 dilectum
738 2091 842 2120 filium
866 2115 885 2120 ..
909 2093 1188 2122 Terraconensem

190 2143 329 2173 electum
355 2144 553 2179 assignanda
576 2144 646 2178 tibi,
675 2144 713 2173 ad
738 2154 818 2182 opus
843 2145 980 2175 ecclesie
1004 2145 1087 2174 inibi
1112 2155 1189 2175 con-

190 2196 356 2227 strueude,
374 2196 442 2225 vice
461 2201 571 2226 nostra
588 2197 766 2234 recipiens,
791 2207 825 2227 ea
847 2198 1039 2235 diligentius
1057 2207 1189 2228 conser-

191 2257 296 2282 vares,
324 2249 455 2277 inb-rim
481 2259 517 2278 ea
542 2259 603 2287 que
629 2250 667 2278 ad
691 2250 839 2279 divinum
863 2250 985 2279 cultum
1012 2247 1189 2288 pertinent,

193 2304 402 2335 tractaturus,
419 2305 463 2335 tu,
482 2302 652 2331 occasione
664 2302 847 2331 litterarum
860 2302 1060 2341 hujusmodi,
1077 2304 1110 2333 in
1128 2308 1192 2334 tota

193 2353 303 2382 insula
330 2353 517 2391 supradicta
540 2354 806 2392 jurisdictionem
835 2355 1017 2393 plenariam
1042 2366 1192 2388 exercerc

194 2405 406 2437 contendens,
417 2406 522 2443 ipsum
534 2411 564 2435 et
573 2407 876 2437 Bai-chinonensem
887 2408 1058 2437 ecclesiam
1068 2418 1192 2447 posscs-

195 2458 298 2492 sione,
321 2459 427 2496 quoad
451 2459 647 2497 episcopalia
668 2460 742 2497 jura
766 2465 796 2489 et
821 2464 927 2490 cetera
949 2461 1135 2498 spiritualia
1158 2462 1193 2491 in

194 2510 338 2548 predicta
357 2511 466 2540 insula
478 2511 676 2546 obtinentes,
696 2512 812 2541 niteris
825 2512 976 2550 spoliare.
990 2514 1072 2543 Cum
1085 2518 1193 2543 autem

195 2563 391 2592 intentionis
412 2569 520 2593 nostre,
542 2573 605 2593 nou
629 2565 739 2594 fuerit.
763 2575 818 2602 per
838 2565 897 2594 bo<-
919 2566 1003 2603 quod
1023 2566 1079 2594 tibi
1098 2576 1195 2604 super

197 2616 287 2645 cultu
304 2616 414 2646 divino
433 2618 674 2653 mandavimus,
702 2618 760 2647 tibi
786 2618 963 2648 concedere
981 2619 1076 2648 talem
1093 2620 1196 2658 juris-

196 2669 373 2698 dictionem
394 2669 532 2701 ibidem,
553 2670 747 2699 mandamus
767 2675 943 2709 quatenus,
962 2670 1017 2699 tali
1036 2676 1194 2709 pretextu,

197 2722 439 2759 possessiouem
459 2723 576 2760 prefati
594 2723 737 2761 episcopi
757 2723 806 2753 vel
824 2723 961 2752 ecclesie
983 2732 1080 2761 super
1100 2724 1197 2762 spiri-

197 2774 342 2803 tualibus
358 2784 421 2803 non
434 2775 616 2812 perturbes,
634 2785 691 2805 nee
705 2776 823 2805 debeas
836 2775 1061 2814 ulteriusjura
1076 2776 1196 2814 episco-

199 2826 285 2863 palia
316 2827 349 2855 in
384 2833 561 2857 memorata
596 2829 705 2857 insula
738 2838 899 2858 exercerc.
934 2829 1004 2857 Dat.
1036 2829 1196 2865 viterbii,

200 2878 311 2908 XVIII
328 2879 485 2909 kalendas
498 2881 656 2919 januarii.
676 2890 761 2909 anno
779 2890 873 2909 nono.
895 2894 906 2906 n

886 231 1122 264 nnoisrnsss
1145 230 1199 259 DE
1222 222 1442 259 Gnssoomn
1467 230 1525 259 ιχ.
2188 232 2244 264 215

1315 296 1430 323 288?

1280 357 1389 384 Abbati
1406 356 1613 383 Virziliaeensi
1634 355 1782 389 significat
1803 363 1832 382 se
1850 355 2067 389 indulgentiam
2085 358 2243 388 Alexandri

1246 414 1338 439 papae
1356 406 1410 437 111,
1427 413 1513 439 super
1528 403 1844 431 excommunicationis
1864 404 1912 430 vet
1932 403 2083 432 interdicti
2103 408 2246 436 sententia.

1246 453 1277 480 in
1294 453 1505 480 Virziliacense
1524 452 1735 479 monasterium
1758 460 1815 478 non
1836 451 1999 484 inferenda,
2021 456 2136 488 propter
2155 455 2244 489 ipsius

1247 504 1425 529 vetustatem
1447 502 1603 532 innovare,
1620 501 1730 527 inserto
1753 499 1807 527 sub
1827 509 1879 527 sua
1899 500 1981 528 bulla
2002 501 2131 535 ejusdem
2148 503 2247 533 indul—

1248 551 1364 584 gentiae
1378 554 1486 577 tenore.
1504 564 1535 568 —
1548 550 1634 581 (Rae.
1651 549 1699 582 18,
1715 550 1735 576 f.
1750 549 1784 576 89
1797 552 1841 581 v⁰;
1856 557 1925 576 ann.
1941 550 1997 582 IX,
2014 558 2038 577 o.
2054 550 2126 582 309.)

1733 293 1866 326 Viterbe,
1883 294 1916 321 17
1930 294 2082 323 decembre
2097 297 2173 326 1235.

1292 663 1305 677 α
1325 673 1344 679 ..
1364 651 1465 679 abbati
1487 651 1713 679 l'irzz'liacensi.
1733 650 1771 679 In
1788 649 1996 687 indulgentia
2014 650 2096 681 bone
2112 669 2158 681 —.
2176 653 2249 684 Dat.

1250 702 1404 736 viterbii,
1425 703 1502 732 xvt
1520 702 1678 732 kalendas
1694 702 1854 741 januarii,
1873 711 1959 732 anno
1977 712 2072 733 nono.
2093 717 2105 730 »

1325 891 1467 929 [2868]

1290 955 1470 990 [Alexander
1486 963 1562 989 papa
1575 955 1614 982 III
1630 955 1798 987 &Villelnim
1812 954 2019 981 virziliacensi
2035 955 2148 989 abbati,
2163 957 2253 992 signi-

1694 894 1858 926 Benevent‚
1875 893 1891 920 9
1907 893 2013 920 sevrier
2026 894 2184 922 1168-1170.

1255 1005 1323 1031 ficat
1338 1012 1367 1030 se
1384 1003 1538 1038 prohibere
1554 1011 1590 1030 ne
1604 1003 1650 1030 cui
1665 1003 1763 1035 liceat,
1780 1003 1902 1030 obtentu
1916 1003 2070 1037 legationis
2085 1003 2121 1031 ab
2133 1005 2254 1040 Aposto-
2276 1036 2277 1039 Ἴ

1256 1053 1314 1079 lica.
1337 1052 1412 1079 Sede
1435 1052 1584 1083 indultae,
1606 1051 1719 1085 ipsum,
1743 1053 1791 1079 vel
1812 1051 1906 1086 ipsius
1928 1060 2115 1084 successores,
2131 1061 2180 1080 seu
2195 1062 2256 1082 mo-

1256 1101 1430 1133 nasterium,
1453 1101 1516 1127 ulla
1536 1100 1689 1127 interdicti
1710 1101 1758 1127 vel
1774 1100 2090 1127 excommunicationis
2112 1102 2256 1131 sententia.

1257 1158 1458 1184 praegravare,
1471 1150 1519 1176 vel
1533 1157 1620 1183 super
1634 1149 1711 1183 ipsos
1722 1149 1959 1182 jurisdictionem
1973 1149 2102 1183 aliquam
2116 1158 2255 1185 exercere,

1258 1198 1315 1224 nisi
1330 1207 1346 1224 a
1360 1198 1450 1224 latere
1465 1197 1591 1224 Romani
1604 1197 1759 1224 Pontificis
1773 1197 1862 1224 fuerit
1873 1197 2038 1224 destinatus
2051 1199 2108 1224 ¹.-—
2119 1198 2202 1230 (Rue.
2213 1198 2257 1232 18,

1258 1248 1278 1273 f.
1297 1246 1330 1273 89
1346 1244 1410 1280 v⁰.)]

1303 1360 1315 1374 α
1334 1348 1504 1376 Alei-ander
1520 1349 1688 1385 episcopus.
1704 1356 1808 1376 servus
1824 1356 1981 1376 servorum
1998 1348 2062 1383 Dei,
2082 1348 2261 1386 dilectofilio

1264 1413 1276 1427 »
1309 1402 1469 1432 lt'illelmo,
1496 1402 1722 1430 ll'irzz'liacensi
1738 1401 1855 1435 abbati,
1879 1402 2005 1430 salutem
2027 1406 2052 1430 et
2071 1402 2258 1438 apostolicam

1264 1465 1277 1480 n
1302 1454 1548 1483 benedictionem.
1564 1453 1781 1483 Attendentes
1794 1453 1955 1491 quomodo
1967 1453 2200 1483 monasterium
2213 1470 2261 1483 -—-.

1266 1518 1279 1532 ι)
1304 1507 1376 1536 Dat.
1397 1506 1615 1544 Benevent[i].
1634 1507 1662 1536 V
1680 1506 1754 1535 idus
1771 1505 1944 1535 februarii.
1961 1517 1974 1531 ι)

1339 1698 1456 1726 2869
1761 1699 1894 1732 Viterbe,
1909 1699 1942 1725 15
1957 1698 2109 1725 decembre
2119 1698 2195 1725 1235.

1302 1761 1412 1788 Abbati
1428 1764 1453 1788 et
1467 1761 1625 1788 conventui
1642 1761 1744 1788 Sancti
1757 1761 1896 1795 Dionysii
1909 1761 1940 1788 in
1955 1761 2080 1788 Francia
2091 1760 2222 1795 indulget
2234 1763 2266 1788 ut

1269 1817 1319 1843 per
1335 1809 1448 1836 litteras
1465 1810 1640 1843 apostolicas
1653 1810 1783 1843 aliquem
1798 1809 1983 1836 visitatorem
1997 1809 2027 1836 in
2042 1810 2187 1844 posterum
2198 1808 2267 1836 reci-

1269 1866 1336 1892 pere
1353 1866 1409 1884 non
1431 1860 1600 1891 teneantur,
1618 1858 1676 1885 nisi
1692 1858 1727 1885 de
1748 1858 1869 1892 speciali
1892 1858 2031 1885 mandato
2047 1857 2131 1885 Sedis
2150 1858 2268 1892 Aposto-

1270 1906 1344 1933 licae
1366 1906 1401 1933 ad
1425 1907 1554 1940 ipsorum
1580 1906 1792 1933 monasterium
1818 1906 2011 1933 destinatum.
2041 1920 2071 1924 —
2101 1906 2192 1938 (Rm.
2219 1904 2267 1938 18,

1270 1955 1290 1981 f.
1307 1954 1341 1981 89
1357 1958 1401 1986 v”;
1419 1963 1488 1981 ann.
1508 1955 1560 1987 tx,
1578 1963 1602 1981 e.
1620 1954 1695 1986 310.)

1313 2069 1325 2082 α
1347 2057 1484 2085 ..abbati
1503 2061 1527 2085 ιί
1548 2058 1713 2085 conventui
1728 2057 1834 2086 Sancti
1855 2056 1987 2085 Dionisii
2008 2057 2042 2084 in
2066 2055 2207 2089 Francia,
2226 2062 2277 2083 ⁰²¹³

1271 2109 1355 2137 dinis
1369 2110 1469 2138 sancei
1484 2109 1648 2143 Benedicti,
1672 2110 1855 2138 Parisiensis
1873 2109 2007 2138 diocesis.
2031 2108 2076 2137 Ex
2092 2111 2182 2146 parte
2200 2114 2272 2136 ves-

1274 2167 1324 2191 tra
1349 2162 1470 2191 nostris
1496 2162 1558 2191 fuit
1584 2162 1721 2192 auribus
1744 2162 1935 2192 intimatum
1957 2161 2057 2200 quod,
2079 2169 2151 2190 cum
2171 2166 2272 2198 nuper

1273 2215 1497 2245 visitationem
1525 2215 1802 2245 monasteriorum
1828 2218 2050 2253 exemptorum
2075 2211 2272 2244 senonensis

1274 2268 1443 2306 provincie
1464 2268 1622 2305 magist-ro
1645 2268 1807 2303 Johanni,
1832 2266 2092 2298 Catbalaunensi
2113 2264 2274 2295 archidia-

1275 2330 1367 2355 cono,
1384 2326 1413 2350 et
1430 2320 1565 2358 collegis
1583 2321 1652 2351 suis
1667 2321 1858 2351 duxerimus
1870 2319 2147 2353 committendam,
2164 2317 2272 2352 iidem,

1276 2373 1316 2403 ad
1345 2378 1492 2403 vestrum
1522 2374 1761 2403 monasterium
1788 2372 2006 2411 personaliter
2035 2361 2222 2402 accedentes
2244 2371 2276 2399 et

1278 2426 1384 2455 eidem
1407 2426 1609 2455 visitationis
1632 2426 1861 2464 impendentes
1886 2425 2046 2460 officium,
2069 2425 2276 2454 correxerunt

1279 2487 1315 2507 ac
1343 2479 1564 2508 reformarunt
1593 2479 1726 2513 ibidem,
1753 2488 1815 2517 que
1833 2477 2046 2508 correctionis
2064 2478 2223 2506 noverunt
2246 2478 2277 2504 et

1279 2532 1525 2562 reformationis
1548 2532 1654 2561 officio
1679 2532 1839 2570 indigere,
1866 2535 1896 2561 et
1919 2531 2058 2570 quedam
2078 2529 2124 2559 ibi
2145 2531 2275 2562 statuta,

1279 2584 1400 2622 quibus
1420 2589 1524 2614 status
1542 2585 1713 2622 religionis
1732 2584 1906 2614 roboratur
1927 2588 1958 2613 et
1976 2582 2117 2618 ordinis,
2137 2584 2278 2620 postmo-

1280 2637 1357 2666 dum
1381 2638 1420 2667 ad
1446 2642 1587 2667 vestram
1616 2637 1810 2667 instantiam
1836 2646 1894 2675 per
1921 2636 2039 2666 Sedem
2065 2634 2279 2665 confirmata²

1282 2690 1515 2728 Apostolicam,
1532 2690 1716 2720 ediderunt.
1735 2690 1842 2726 Quare
1857 2679 1952 2719 nohis
1970 2687 2140 2718 humiliter
2156 2684 2280 2724 suppli-

1315 2807 1335 2830 1.
1359 2802 1436 2831 Cettc
1452 2809 1525 2831 bulle
1542 2808 1610 2831 n'est
1626 2815 1673 2838 pas
1693 2806 1824 2838 indiquee
1844 2807 1911 2830 dans
1935 2807 1973 2830 lcs
1996 2808 2108 2836 Reyesta
2129 2805 2162 2828 de
2180 2800 2280 2828 JAFrt-i-

1282 2852 1483 2876 heu-mmm.

1313 2897 1335 2920 ¹2.
1354 2899 1401 2920 Ms.
1419 2906 1424 2920 .·
1442 2897 1618 2920 confirmatis.
