2423 3487
113 278 169 307 835
835 275 1070 305 neeisrasss
1093 272 1146 301 ni«)
1170 264 1391 302 onssoomss
1417 273 1473 303 lx.
2144 272 2202 302 856

118 343 268 372 inlirmis.
287 352 423 380 :piorum
449 347 519 370 vota
552 343 678 371 t'uerant
701 342 732 370 in
750 341 911 370 scrutinio
938 339 1108 378 inquisita,

117 394 303 432 quindecim
330 394 362 422 in
392 394 592 432 prepositum
620 398 855 423 consenserant
884 397 1110 422 memoratum.

115 456 187 475 cum
218 446 464 485 quatuordecim
498 455 649 484 expresse
681 445 908 475 nominassent
941 452 1110 482 personam

115 500 230 537 ipsius,
250 504 277 527 et
297 508 381 527 nnus
398 498 534 527 dixisset
551 498 636 536 quod
654 507 748 527 sunm
768 497 920 535 prebebat
939 504 1111 525 assensum

115 553 147 581 in
165 561 260 590 quem
279 552 380 587 major
397 560 470 588 pars
486 555 515 579 et
533 550 644 579 sanior
657 550 869 580 consentiretv
884 549 1021 587 reliquis
1037 548 1112 576 ‹luo-

114 605 216 633 decim
243 613 300 632 sna
331 603 493 632 desideria
522 602 742 639 dirigentibus
765 602 796 631 in
815 601 972 631 diversos.
996 601 1112 639 prefati

114 656 313 695 quindecim.
331 656 453 684 decano
472 660 500 685 ct
518 655 581 683 sibi
599 655 848 690 adherentibus,
866 654 989 692 pluries
1007 653 1112 691 requi-

114 710 198 739 sitis.
228 708 444 738 renuentilms
476 708 685 737 collationem
713 709 820 737 facere
843 712 873 737 et
894 707 1015 744 eligere
1039 716 1111 736 cum

113 762 245 791 eisdem.
277 771 312 790 ac
338 761 448 790 eodem
480 761 602 789 decano
628 760 756 789 dicente
787 759 871 798 quod
899 759 1111 789 manifestum

114 820 179 845 erat
204 815 357 851 majorem
390 817 512 850 partem
544 822 680 841 numero
708 813 739 841 in
772 813 878 850 ipsum
910 812 1112 850 prepositum

113 867 332 897 consensisse.
351 865 525 895 collatione
548 865 660 894 habita
681 864 833 901 diligenti
854 865 1001 894 videntes
1027 864 1112 903 quod

116 920 175 958 ipsi
203 919 357 957 majorem
384 923 412 947 et
440 918 604 947 saniorem
625 922 748 955 partem
772 917 906 955 capituli
934 917 1111 946 faciehant.

113 973 242 1002 cuidam
259 981 296 1001 ex
318 971 410 1009 ipsis,
428 969 639 1008 ἎᾞΙΙρΙιῃῡ]1
659 970 809 999 videlicet
830 970 867 999 dc
888 969 973 1000 Malo
990 971 1112 1005 Monte

113 1025 344 1056 archidiacono
356 1023 1111 1062 ecclesiepredicte.communiterinjunxerunt

114 1083 146 1108 ut
165 1078 303 1107 eundem
322 1076 535 1114 prepositum,
551 1076 621 1105 vice
638 1076 785 1105 omnium
804 1076 960 1114 ipsorum,
978 1076 1112 1113 eligeret

114 1132 148 1160 in
169 1139 280 1161 eorum
306 1129 493 1167 episcopum
518 1133 548 1157 et
574 1132 753 1166 pastorem:
782 1129 838 1167 qni
864 1137 937 1158 cum
961 1128 1112 1167 elegisset

113 1183 265 1217 eundem,
288 1188 317 1212 et
335 1183 404 1221 ejus
422 1182 540 1211 suisset
559 1181 675 1211 electio
692 1181 918 1220 sollempniter
935 1181 1112 1220 publicata.

114 1237 200 1267 idem
217 1236 413 1274 prepositus,
433 1235 472 1264 ad
490 1234 624 1264 multam
638 1244 772 1264 snorum
790 1234 967 1264 electorum
985 1235 1114 1264 instan-

114 1291 205 1321 tiam,
232 1288 292 1317 sul)
317 1288 435 1317 fidncia
457 1287 568 1316 divine
599 1287 703 1324 gratie
729 1287 882 1317 electioni
910 1287 948 1317 de
971 1297 1004 1317 se
1031 1288 1113 1317 facte

114 1341 292 1371 consensit.
311 1340 418 1376 Quare
436 1340 606 1378 petebatur
626 1350 643 1369 a
663 1339 755 1369 nobis
775 1344 807 1368 nt
825 1340 1012 1369 confirmari
1029 1340 1114 1370 elec-

115 1395 236 1424 tionem
264 1393 452 1432 hujusmodi
476 1397 506 1422 et
528 1393 674 1430 impendi
705 1402 825 1422 munus
855 1393 1113 1423 consecrationis

115 1446 277 1479 clecto‚de
294 1446 497 1482 benignitate
515 1445 608 1475 Sedis
626 1445 810 1483 Apostolice
828 1446 1022 1479 faceremus,
1041 1455 1114 1484 pre-

115 1500 226 1529 sertim
245 1508 317 1528 cnm
343 1508 360 1527 a
381 1497 531 1536 pluribus
549 1498 610 1527 tide
627 1498 736 1534 dignis
755 1498 792 1527 de
812 1498 995 1533 honestate,
1014 1499 1114 1527 mori—

114 1554 174 1582 bus
191 1557 218 1581 et
237 1551 387 1586 scientia,
406 1560 462 1588 per
484 1551 696 1580 transmissas
720 1550 814 1580 nobis
840 1550 977 1581 litteras.
1001 1551 1113 1580 multi—

113 1605 242 1643 pliciter
267 1603 524 1633 conninrndetnr.
552 1604 691 1632 Ecoutra
716 1612 791 1633 vero
816 1603 1015 1641 Stephanus,
1039 1614 1112 1642 pro-

112 1662 242 1686 curator
278 1657 412 1686 adverse
453 1657 573 1694 partis.
615 1656 670 1686 lite
701 1661 882 1686 contestata
912 1661 942 1685 et
976 1657 1113 1695 prestito

110 1712 297 1747 juramento
321 1718 338 1738 a
362 1709 509 1746 partibus
539 1709 577 1737 de
603 1709 740 1739 veritate
768 1709 917 1743 dicenda,
945 1709 1111 1747 respondit

113 1762 209 1801 qnod,
238 1762 322 1791 sacto
339 1761 499 1790 scrutinio
515 1761 553 1790 de
580 1761 746 1791 voluntate
769 1762 916 1791 omnium
937 1762 1112 1792 canonico-

114 1823 184 1843 rum
213 1814 268 1852 qni
295 1818 387 1843 erant
410 1814 443 1842 in
469 1813 627 1851 capitulo,
649 1818 679 1843 et
699 1814 903 1851 postmodum
928 1814 1110 1852 publicato.

112 1867 189 1905 qnia
204 1866 451 1904 quatuordecim
468 1866 506 1895 de
524 1866 606 1904 ipsis
625 1867 805 1901 canonicis,
824 1868 1021 1905 computatis
1039 1877 1112 1906 pre-

113 1919 209 1949 dictis
225 1919 352 1948 dnobns
370 1918 522 1948 intirmis.
542 1919 703 1956 prefatum
723 1920 925 1957 prepositum
941 1920 974 1948 in
992 1921 1112 1950 scruti-

114 1973 168 2002 nio
187 1977 306 2001 temere
324 1972 545 2004 nominarant,
564 1982 600 2002 ex
622 1977 713 2010 parte
729 1973 844 2002 decani
862 1977 891 2003 et
921 1974 983 2003 sibi
1011 1974 1112 2005 adhe-

113 2025 254 2055 rentium
274 2033 345 2053 mox
375 2034 414 2053 ne
442 2025 481 2054 ad
512 2025 706 2055 electionem
737 2026 968 2063 procederetur
992 2027 1109 2065 ipsius.

113 2087 186 2107 cuin
203 2077 350 2106 diversas
376 2086 472 2106 curas
497 2077 682 2107 animarum
704 2077 839 2108 haberet
862 2083 891 2108 et
919 2079 1002 2109 alias
1025 2086 1108 2110 esset

113 2128 319 2164 ineligiliilis.
350 2128 557 2165 exigentibus
581 2129 687 2167 culpis
710 2130 791 2164 suis,
816 2130 855 2159 ad
879 2136 1023 2161 nostram
1049 2133 1112 2162 fuit

113 2181 315 2211 audientiam
348 2180 562 2218 appellatuin2
599 2181 655 2211 sed
689 2181 750 2211 illi.
785 2183 1004 2220 appellatione
1034 2194 1111 2214 con-

114 2237 234 2271 tempta
266 2237 295 2262 et
328 2232 437 2262 debita
467 2233 641 2263 collatione
676 2243 740 2264 non
778 2236 873 2264 sacta.
910 2238 1111 2274 prepositum

114 2287 220 2324 ipsum
237 2285 274 2315 de
299 2285 394 2317 facto,
417 2294 491 2313 cum
513 2285 551 2315 de
573 2286 647 2324 jure
673 2287 894 2325 nequiverint.
923 2289 1110 2326 olef-fernum

114 2343 243 2377 propter
260 2338 345 2376 quod
360 2338 438 2367 dicti
455 2338 599 2367 decanus
616 2344 645 2369 et
663 2339 858 2370 adherentes
870 2341 986 2377 eidem,
1007 2345 1112 2382 appel-

113 2392 269 2421 lationem
288 2391 516 2428 interpositani
538 2391 876 2426 innovantes,ite1·nm
894 2395 1110 2433 appellarunt.

115 2444 248 2474 Petebat
267 2443 368 2480 igitur
393 2448 582 2481 procurator
613 2444 682 2482 ipse
714 2450 745 2474 ut
782 2445 975 2477 electionem
1008 2449 1111 2487 ipsam

113 2496 237 2525 irritari
261 2494 310 2525 vel
332 2495 459 2524 irritam
482 2495 630 2525 nuntiari
659 2496 767 2533 potius
789 2497 984 2535 faceremus,
1009 2501 1112 2537 primo

114 2548 276 2587 siquidem
302 2547 378 2585 quia
407 2547 469 2577 suit
497 2557 512 2576 a
545 2548 665 2577 minori
692 2553 783 2587 parte
802 2556 999 2589 presumpta.
1030 2553 1110 2583 Cum

113 2601 213 2630 enim.
231 2599 362 2629 excluso
387 2601 482 2630 Petro
499 2601 537 2630 de
561 2601 702 2631 Peirato.
725 2602 862 2640 quijuri
884 2612 942 2633 suo
963 2606 1061 2635 cessit
1079 2606 1110 2635 in

113 2652 256 2691 capitulo
277 2661 335 2682 nec
358 2652 512 2682 electioni
545 2653 648 2683 voluit
678 2653 852 2689 interesse,
879 2656 946 2685 sint
977 2658 1110 2695 triginta

113 2714 249 2735 numero
272 2705 312 2734 ad
332 2713 413 2743 qnos
434 2705 618 2742 pertinebat
640 2705 785 2743 eligendi
806 2711 962 2745 potestas,
980 2718 1113 2748 compu-

115 2758 190 2788 tatis
206 2757 325 2795 viginti
347 2762 471 2795 septem
492 2758 660 2788 canonicis
677 2768 817 2797 quorum
841 2766 913 2790 vota
929 2761 1061 2793 fuerunt
1079 2764 1110 2793 in

113 2810 273 2841 scrutinio
294 2809 470 2847 inquisita,
495 2818 553 2840 nec
575 2819 639 2839 non
668 2812 724 2846 A.‚
750 2812 781 2841 S.
809 2816 839 2841 et
865 2813 1009 2850 Ameho,
1038 2817 1111 2855 qui,

146 2923 166 2945 l.
183 2922 224 2946 Cf.
243 2922 324 2949 infra,
342 2924 369 2943 ιίο
385 2920 454 2944 4038.

1198 342 1340 375 [empore
1357 338 1529 368 electionis
1546 343 1576 368 et
1599 343 1685 373 ante,
1704 348 1761 377 per
1780 339 2028 378 quatuordecim
2047 338 2129 373 dies.
2146 347 2203 377 pu-

1197 389 1291 420 lnlice.
1314 391 1438 420 sciente
1464 391 1624 429 capitulo,
1647 391 1680 420 in
1708 391 1976 422 Lemovicensem
2006 391 2203 421 canonicum

1195 443 1353 471 canonice
1371 443 1556 479 institutus,
1573 448 1636 473 tam
1654 444 1693 474 de
1706 444 1780 483 jure
1797 453 1895 483 quam
1907 444 1945 474 de
1961 443 2202 474 consuetudine

1197 495 1424 525 Lemovicensi
1439 496 1547 526 suerat
1563 496 1761 531 evocandus,
1781 501 1811 526 et
1829 496 1995 535 predictus
2016 496 2202 535 prepositus

1196 556 1211 575 a
1240 548 1489 585 quatum-decim
1508 552 1647 583 tantum,
1676 549 1874 587 computatis
1895 549 2051 587 predictis
2073 548 2202 579 duobus

1196 599 1349 634 infirmis,
1362 600 1396 629 in
1409 601 1570 631 scrutinio
1585 602 1897 638 fueritnorninatus‚
1914 602 2078 632 inserebat
2089 611 2202 640 procu-

1196 656 1283 681 rator
1299 652 1369 690 ipse
1386 653 1472 692 quod
1491 654 1562 693 ejus
1580 653 1697 684 electio
1713 663 1778 684 non
1804 664 1820 684 a
1838 655 1955 694 majori
1972 655 2029 684 sed
2045 664 2063 684 a
2079 654 2200 684 minori

1197 709 1286 743 parte
1311 705 1410 735 totius
1431 706 1567 744 capituli
1592 706 1700 736 fuerat
1727 707 1909 743 celebrata;
1941 707 2090 737 adiciens
2115 707 2201 746 quod

1197 766 1254 787 nec
1274 758 1356 796 parti
1374 759 1581 788 accrescebat
1599 759 1736 790 adverse
1752 759 1839 798 quod
1855 761 1904 794 P.,
1923 760 2012 798 prior
2029 760 2202 790 Beneven-

1197 815 1304 839 tanus.
1335 811 1580 841 Lemovicensis
1617 812 1771 845 diocesis,
1800 812 1833 842 in
1864 812 1959 842 illum
1991 822 2025 842 se
2054 812 2136 841 dixit
2166 812 2200 841 in

1196 864 1356 893 scrutinio
1381 864 1516 902 prebere
1543 873 1753 899 consensum,
1783 865 1817 894 in
1839 874 1936 904 quem
1960 874 2035 904 pars
2052 865 2156 904 major
2172 869 2200 895 el

1196 916 1309 946 sanior
1324 917 1538 951 consentiret,
1556 917 1635 956 qnia
1656 926 1713 956 per
1731 918 1876 956 predicta
1899 918 2071 948 constabat
2091 921 2201 956 aperte

1196 969 1282 1008 quod
1300 979 1375 1008 pars
1392 970 1488 1000 electi
1503 979 1567 1000 non
1589 971 1692 1010 maj0r
1709 977 1739 1001 et
1754 971 1876 1006 sanior,
1896 971 1951 1001 sed
1969 972 2077 1001 minor
2092 971 2202 1009 potius

1196 1022 1392 1060 apparebat;
1418 1028 1628 1061 procuratore
1657 1024 1753 1054 electi
1778 1025 1812 1053 in
1832 1025 2035 1054 contrarium
2066 1033 2203 1063 respon-

1196 1074 1292 1105 dente
1309 1075 1406 1114 quod,
1418 1085 1492 1105 cuni
1510 1076 1616 1106 dictus
1633 1077 1794 1112 Amelius,
1807 1077 1979 1107 electionis
1997 1082 2152 1116 tempore⁷
2166 1077 2199 1106 in

1198 1128 1425 1157 Leniovicensi
1443 1128 1581 1159 ecclesia
1595 1130 1650 1168 Jus
1665 1130 1816 1160 canonici
1835 1139 1899 1159 non
1914 1130 2062 1165 haberet,
2082 1135 2113 1160 et
2129 1139 2202 1168 pre-

1196 1180 1274 1209 dicti
1291 1182 1328 1210 A.
1348 1185 1378 1211 et
1395 1183 1441 1215 8.,
1462 1182 1560 1211 etiam
1581 1183 1608 1212 si
1632 1188 1743 1213 essent
1759 1183 1922 1217 canonici,
1941 1183 2032 1213 nullo
2051 1183 2145 1213 modo
2162 1183 2201 1213 ad

1196 1232 1390 1263 electionem
1408 1234 1533 1264 suerint
1546 1235 1715 1270 evocandi,
1733 1236 1822 1274 quia.
1837 1241 1968 1274 propter
1984 1236 2080 1266 etatis
2096 1236 2201 1266 defec-

1198 1290 1276 1315 tum.
1303 1295 1360 1316 nec
1382 1295 1493 1317 vocem
1513 1287 1546 1316 in
1567 1287 1710 1326 capitulo
1730 1297 1789 1318 nec
1813 1288 1945 1318 stallum
1969 1289 2002 1318 in
2033 1288 2143 1324 choro,
2162 1289 2200 1319 de

1196 1339 1435 1369 consuetudine
1475 1340 1721 1370 Leniovieensis
1753 1341 1901 1377 ecclesie,
1935 1341 2140 1377 obtinebant.
2170 1345 2198 1372 et

1196 1391 1273 1429 quia
1297 1392 1441 1421 nondum
1461 1402 1571 1423 sacros
1587 1393 1720 1424 ordines
1737 1400 1940 1432 receperant,
1960 1404 2033 1424 cum
2062 1404 2200 1425 venera—

1197 1444 1273 1473 bilis
1296 1445 1398 1475 frater
1426 1450 1537 1476 noster
1567 1469 1586 1475 .,
1618 1447 1791 1485 episcopus
1816 1448 2048 1484 Tornacensis,
2071 1453 2149 1478 tunc
2165 1448 2198 1478 in

1197 1497 1344 1534 partibus
1361 1498 1428 1528 illis
1442 1499 1629 1537 Apostolice
1649 1500 1743 1530 Sedis
1757 1500 1896 1539 legatus.
1911 1501 2039 1531 duxerit
2057 1506 2202 1531 statuen-

1195 1550 1271 1579 dum
1287 1551 1372 1589 quod
1395 1552 1547 1581 canonici
1571 1562 1633 1582 non
1666 1553 1809 1583 habeant
1836 1563 1946 1583 vocem
1980 1555 2014 1583 in
2045 1554 2200 1593 capitulo,

1197 1603 1262 1632 nisi
1277 1604 1343 1633 sint
1356 1604 1390 1633 in
1408 1604 1532 1635 eisdem
1548 1605 1722 1635 ordinibus
1739 1607 1922 1642 constituti,
1939 1607 2022 1645 ipsis
2045 1607 2200 1642 exclusis.

1196 1661 1329 1694 apparet
1345 1658 1430 1696 quod
1448 1657 1638 1697 hujusmodi
1655 1658 1772 1689 electio
1788 1664 1857 1689 erat
1874 1669 1891 1689 a
1908 1660 2024 1699 majori
2042 1664 2132 1698 parte
2149 1669 2203 1690 ca-

1196 1709 1292 1747 pituli
1327 1709 1502 1740 celebrata.
1540 1711 1681 1741 Econtra
1710 1720 1786 1741 vcro
1818 1712 1984 1750 predictus
2014 1712 2202 1751 Stephanus

1195 1763 1393 1801 proponebat
1414 1763 1500 1802 quod
1517 1773 1554 1794 ex
1570 1763 1635 1794 alia
1652 1773 1752 1794 causa
1775 1770 1845 1795 erat
1872 1775 1886 1795 a
1919 1766 2041 1796 minori
2063 1767 2202 1805 capituli

1195 1820 1285 1853 parte
1307 1821 1508 1854 presumpta,
1535 1817 1689 1847 videlicet
1716 1818 1795 1856 quia
1820 1818 1953 1856 quidam
1982 1828 2019 1848 ex
2043 1819 2200 1857 predictis

1195 1869 1444 1906 quatuordecim
1462 1869 1518 1907 qni
1536 1869 1761 1908 supradictum
1781 1871 2000 1910 D[urandum]
2027 1872 2061 1901 in
2081 1872 2203 1902 scruti-

1196 1921 1250 1950 nio
1267 1921 1492 1956 nominarunt,
1513 1921 1686 1952 electionis
1709 1927 1853 1961 tempore
1882 1929 1976 1954 erant
1998 1933 2034 1954 ex
2059 1924 2201 1955 diversis

1195 1973 1304 2003 causis
1322 1974 1702 2004 excommunicationum
1722 1976 1910 2011 sententiis,
1944 1986 2026 2015 quas
2057 1982 2089 2007 et
2111 1977 2200 2016 ipso-

1195 2035 1266 2055 rum
1282 2026 1417 2056 nomina
1434 2027 1493 2056 tibi
1511 2027 1572 2056 sub
1586 2026 1677 2057 bulla
1693 2027 1874 2058 interclusa
1890 2029 2053 2059 mittimus
2070 2030 2091 2064 ¹,
2107 2029 2201 2060 inno-

1194 2078 1277 2114 dati;
1310 2079 1431 2118 quibus
1459 2089 1496 2109 ex
1526 2079 1718 2119 hujusmodi
1746 2089 1845 2110 causa
1877 2080 2059 2116 subductis,
2089 2086 2200 2120 aperte

1195 2136 1345 2162 constare
1361 2132 1555 2170 proponitur
1573 2132 1659 2171 qnod
1677 2132 1793 2163 electio
1811 2132 1907 2171 longe
1936 2143 1952 2162 a
1971 2134 2092 2164 minori
2109 2139 2200 2172 parte

1194 2184 1331 2222 capituli
1354 2185 1463 2214 fuerat
1490 2189 1698 2223 attemptata;
1730 2191 1822 2224 parte
1854 2186 1957 2216 altera
1982 2188 2201 2226 respondente

1195 2237 1281 2275 quod
1297 2246 1362 2267 non
1381 2238 1534 2267 credebat
1549 2247 1605 2268 eos
1624 2247 1696 2268 esse
1715 2239 1872 2277 predictis
1888 2241 2201 2271 excommunicatio-

1196 2299 1273 2319 num
1307 2291 1482 2320 sententiis
1512 2291 1698 2325 innodatos,
1729 2296 1760 2321 et
1791 2291 1930 2322 addente
1960 2292 2200 2324 nichilominus

1195 2343 1291 2381 quod,
1305 2344 1388 2373 sicut
1407 2349 1478 2382 post
1491 2343 1686 2374 electionem
1700 2344 1738 2374 de
1751 2353 1834 2374 novo
1851 2345 2006 2384 percepit.
2018 2350 2061 2375 tot
2074 2346 2113 2376 de
2125 2346 2201 2377 aliis

1195 2396 1363 2425 canonicis
1411 2397 1703 2427 Lemovicensibus
1744 2397 1780 2426 in
1824 2399 2200 2430 excommunicationum

1195 2449 1378 2478 sententias
1394 2449 1603 2484 incidissent,
1622 2459 1762 2488 quorum
1779 2450 1914 2481 nomina
1930 2455 1960 2480 et
1977 2452 2202 2482 excommuni-

1194 2501 1360 2531 cationum
1378 2511 1475 2532 cause
1488 2502 1548 2531 tibi
1565 2502 1626 2532 sub
1643 2503 1755 2533 eadem
1774 2503 1864 2533 bulla
1880 2501 2086 2540 mittuntur²,
2102 2505 2201 2544 quod,

1195 2554 1242 2584 eis
1260 2554 1430 2585 subductis
1447 2555 1486 2585 de
1504 2564 1652 2589 numero,
1673 2565 1748 2594 pars
1769 2555 1865 2586 electi
1890 2557 1924 2586 in
1941 2566 2070 2587 omnem
2102 2567 2202 2588 even-

1196 2611 1262 2636 tum
1282 2607 1385 2646 major
1410 2612 1441 2637 et
1458 2608 1569 2637 sanior
1586 2608 1787 2638 remanebat.
1807 2609 1893 2645 Quid
1918 2609 2028 2640 ultra?
2054 2619 2111 2648 pro
2127 2611 2202 2650 qui-

1196 2659 1332 2688 busdam
1349 2659 1435 2694 aliis,
1458 2660 1517 2689 tibi
1534 2660 1594 2689 sub
1608 2660 1768 2699 jamdicta
1785 2660 1876 2691 bulla
1897 2663 2105 2693 transmissis
2118 2658 2140 2698 ³,
2165 2672 2201 2693 ac

1195 2721 1252 2749 pro
1278 2721 1314 2741 eo
1345 2712 1442 2750 quod,
1472 2713 1594 2742 omissa
1627 2713 1803 2743 collatione
1835 2713 1957 2750 debita,
1989 2714 2105 2746 electio
2129 2716 2201 2755 ipsa

1228 2843 1248 2866 l.
1264 2842 1305 2867 Cf,
1322 2845 1404 2870 infra,
1422 2849 1449 2866 11⁰
1466 2844 1535 2870 403⁸.
1553 2844 1573 2868 I.

1224 2887 1247 2910 2.
1265 2887 1305 2911 Cf.
1322 2889 1405 2916 infra,
1423 2893 1451 2911 n·
1467 2889 1536 2917 4038,
1554 2889 1587 2912 11.

1224 2930 1247 2953 3.
1264 2931 1306 2953 Cf.
1322 2932 1405 2959 infra.
1423 2935 1450 2954 11⁶
1466 2932 1535 2961 4035,
1554 2931 1601 2955 111.
