2423 3487
213 298 266 328 147
932 284 1169 316 REGISTRES
1192 282 1246 311 DE
1270 273 1492 311 GREGOIRE
1518 281 1576 310 IX.

282 360 398 389 2740

247 423 389 456 Episcopo
413 419 534 447 Senensi
553 417 673 445 mandat
690 420 833 450 quatenus
849 413 1026 441 sententiam
1044 421 1099 446 qua
1120 410 1213 445 S[ini-

212 468 337 503 baldusl.
355 468 436 495 tituli
459 466 560 494 Sancti
582 464 735 492 Laurentii
758 464 789 489 in
813 462 926 490 Lucina
944 460 1096 495 presbyter
1117 458 1213 485 cardi-

213 519 304 550 nalis,
324 515 579 549 Bonamgratiam,
604 513 700 540 civem
727 512 898 540 Senensem,
914 510 1161 536 condemnaverat
1183 507 1213 533 in

777 355 913 381 Perouse.
930 352 964 379 18
979 354 1046 378 aout
1062 350 1140 377 1235.

213 570 330 593 centum
348 569 374 591 ct
389 567 451 590 octo
468 562 574 589 mareis
587 561 699 595 argenti
717 561 762 592 P.,
780 558 959 594 procuratori
976 557 1090 584 abbatis
1104 559 1131 582 et
1145 563 1214 581 con-

213 619 319 642 ventus
332 614 366 640 de
381 612 515 639 Feldwar
528 610 687 641 solvendis,
703 617 790 642 quam
802 607 981 634 sententiam
993 603 1097 640 O[tto].v
1112 603 1214 630 Sancti

213 662 329 691 Nieolai
352 662 381 687 in
407 660 528 687 Carcere
549 658 686 685 Tulliano
707 657 847 683 diaeonus
871 654 1047 686 cardinalis,
1071 651 1215 686 approba-

214 714 306 739 verat.
323 707 503 736 exsecutioni
524 706 695 737 demandet,
716 708 743 731 et
765 704 949 738 praedictum
967 702 1064 728 civem
1080 701 1116 727 ad
1136 701 1215 726 solu-

214 760 324 786 tionem
345 756 476 790 ejusdem
497 754 638 788 pecuniae
662 753 830 786 compellat.
853 766 884 769 —
908 751 994 782 (Rae.
1016 749 1060 776 18.
1082 750 1102 775 f.
1122 748 1155 775 64
1175 750 1215 779 1·⁰;

214 815 283 834 anu.
299 806 350 837 lx,
366 814 390 831 c.
406 803 481 834 203.)

257 919 269 932 «
297 929 314 933 ..
335 906 467 942 episcopo
486 904 622 932 Senensi.
649 903 697 931 P..
722 899 898 933 monacho,
922 898 1087 937 quondam
1108 896 1218 926 abbati

217 960 255 989 de
272 958 384 988 Herci.
406 955 608 995 procuratori
635 978 654 983 ..
677 954 805 983 abbatis
823 957 853 982 et
871 956 1052 982 conventus
1069 951 1107 980 de
1124 949 1219 980 Feld-

217 1022 297 1042 war.
316 1016 343 1040 et
363 1009 559 1047 Bonegratic
573 1010 593 1039 ¹.
612 1008 675 1037 civi
693 1007 851 1040 Senensi,
870 1006 904 1034 in
925 1009 1036 1034 nostra
1053 1003 1219 1042 presentia

218 1063 407 1093 constitutis
419 1062 574 1091 dilectum
586 1061 692 1089 filium
705 1064 854 1089 nostrum
870 1056 1116 1098 S[inibaldum],
1133 1055 1222 1085 tituli

219 1116 329 1147 Sancti
360 1114 530 1144 Laurentii
556 1114 590 1142 in
613 1113 738 1142 Lucina
760 1111 981 1150 presbiterum
1006 1109 1219 1143 cardinalem,

218 1169 369 1199 dedimus
386 1167 584 1201 auditorem,
599 1174 707 1194 coram
724 1173 787 1203 quo
801 1164 907 1193 dictus
919 1162 1089 1201 proposuit
1104 1170 1222 1200 procu-

219 1226 308 1251 rator
337 1220 437 1259 quod,
468 1228 541 1248 cnm
570 1218 648 1247 olim
680 1217 780 1247 abbas
812 1220 841 1246 et
872 1220 1052 1245 conventus
1084 1214 1223 1253 predicti

217 1274 374 1313 jamdicto
389 1271 597 1309 Bonegratie,
613 1270 787 1308 recipienti
803 1278 861 1307 pro
878 1278 912 1299 se
930 1278 976 1303 ac,
997 1267 1223 1306 procuratorio

221 1327 366 1361 nomine,
384 1336 440 1364 pro
457 1325 687 1355 Bai-tholomeo
709 1323 841 1359 Cirioli,
865 1323 1072 1357 Crescentio,
1095 1323 1224 1351 Bonae-

222 1389 317 1411 curso
334 1384 364 1410 et
383 1388 494 1409 eorum
512 1378 621 1413 sociis,
637 1377 876 1407 mercatoribus
892 1376 1108 1409 Senensibus,
1123 1383 1224 1413 quan-

223 1434 297 1463 dam
306 1432 443 1471 pecunie
454 1440 626 1465 summam,
637 1431 670 1459 in
682 1439 746 1469 qua
756 1429 880 1460 eisdem
889 1429 1128 1459 mercatoribus
1139 1431 1226 1457 tene-

223 1487 353 1520 bantur,
365 1484 450 1523 apud
459 1484 663 1521 strigonium
672 1482 919 1521 persolvissent,
930 1482 1017 1511 idem
1027 1480 1227 1518 Bonagratia

224 1539 446 1568 instrumenta
470 1541 499 1566 et
522 1536 586 1566 alia
603 1536 725 1574 scripta
746 1544 844 1574 super
859 1535 969 1565 debito
985 1535 1056 1572 ipso
1079 1535 1227 1563 confecta

225 1591 331 1620 eidem
361 1589 584 1628 procuratori,
616 1588 748 1618 nomine
778 1588 1015 1626 premissorum
1043 1586 1171 1616 abbatis
1198 1590 1228 1615 et

226 1648 417 1678 conventus,
437 1651 471 1672 se
485 1641 647 1680 promisit,
663 1641 724 1671 sul)
740 1644 827 1670 certa
844 1650 938 1679 pena,
952 1644 1073 1670 statuto
1089 1639 1228 1669 termino

227 1696 444 1726 redditurum.
467 1695 559 1731 Quod
577 1695 683 1724 dictus
701 1694 799 1730 civis,
824 1694 907 1723 sicut
928 1693 1139 1731 promiserat,
1160 1692 1229 1721 effi-

227 1757 300 1779 cere
328 1748 531 1786 postmodum
558 1756 621 1777 non
651 1747 794 1781 curavit;
820 1749 950 1784 propter
971 1745 1057 1784 quod
1081 1745 1230 1783 prefatus

228 1801 409 1831 monachus
426 1801 533 1839 ipsum
551 1801 590 1830 ad
609 1800 745 1830 eandem
761 1809 891 1838 penam,
907 1799 947 1829 ad
963 1808 1062 1837 quam
1081 1808 1114 1828 se
1132 1807 1231 1836 spon-

228 1860 345 1884 taneus
362 1853 574 1891 obligaverat.
593 1862 652 1883 nec
671 1862 736 1882 non
762 1853 902 1890 dampna
925 1856 955 1882 et
977 1860 1135 1889 expensas
1155 1860 1229 1889 que,

230 1907 401 1937 occasione
422 1906 627 1945 hujusmodi.
648 1906 886 1935 monasterium
911 1906 1097 1934 incurrerat
1116 1913 1232 1942 supra-

229 1960 368 1990 dictum.
390 1959 454 1989 sibi
470 1959 564 1997 petiit
580 1959 823 1997 condempnari.
848 1959 1049 1988 Memoratus
1065 1967 1141 1987 vero
1161 1966 1233 1987 car-

230 2012 363 2047 dinalis,
387 2012 508 2041 auditis
532 2016 562 2041 et
589 2011 719 2049 plenius
743 2011 922 2041 intellectis
949 2020 1010 2050 que
1037 2019 1135 2048 super
1159 2019 1233 2048 pre-

230 2065 328 2094 dictis
359 2064 398 2093 ab
432 2069 571 2103 utraque
604 2069 693 2102 parte
721 2065 813 2094 suere
849 2063 1015 2102 proposita
1048 2072 1157 2092 coram
1184 2071 1232 2097 eo,

231 2118 433 2147 antedictum
450 2118 500 2151 R,
517 2118 554 2147 de
573 2117 771 2155 prudentum
790 2117 935 2146 virorum
960 2116 1115 2151 consilio,
1142 2124 1235 2154 sepe-

233 2170 318 2199 dicto
350 2170 565 2208 procuratori,
597 2170 791 2200 monasterii
820 2170 993 2208 prescripti
1024 2169 1168 2203 nomine,
1201 2169 1235 2197 in

233 2227 366 2252 centum
389 2223 508 2252 marcis
531 2223 676 2259 argenti,
700 2232 757 2261 pro
774 2232 857 2260 pena
873 2222 1035 2260 predicta,
1054 2226 1084 2251 et
1102 2222 1136 2250 in
1152 2226 1234 2255 octo,

234 2284 292 2313 pro
309 2275 472 2312 expensis,
490 2275 654 2304 taxatione
670 2275 843 2313 prehabita
859 2274 1022 2312 diligenti,
1040 2284 1098 2312 per
1114 2274 1238 2303 diffini-

236 2328 337 2357 tivam
352 2328 550 2357 sententiam
563 2326 864 2366 condempnavit.A
879 2328 973 2366 cujus
988 2328 1152 2357 sententia
1164 2336 1238 2356 cum

237 2385 438 2410 memoratus
451 2381 488 2410 B.
502 2381 710 2410 frustratorie
726 2381 766 2410 ad
778 2390 836 2409 nos
850 2380 979 2409 duxerit
993 2379 1236 2418 appellandum,

238 2441 298 2462 nos
312 2432 468 2462 dilectum
486 2432 590 2461 filium
610 2437 759 2462 nostrum
773 2433 962 2470 O[ttoncm],
982 2432 1094 2461 Sancti
1110 2431 1240 2461 Nicolai

237 2485 270 2514 in
300 2485 438 2515 Cal-cere
462 2485 614 2514 Tulliano
640 2485 814 2514 diaconum
841 2484 1056 2519 cardinalem,
1084 2485 1118 2513 in
1142 2494 1241 2514 causa

237 2538 383 2576 predicta
405 2538 554 2567 dedimus
578 2538 778 2573 auditoremg
798 2539 865 2576 qui.
884 2547 982 2575 super
998 2538 1169 2575 premissis
1187 2547 1242 2567 ve-

237 2591 335 2620 ritate
355 2591 485 2628 plenius
501 2591 686 2626 intellec-ta,
704 2591 824 2629 prefati
840 2590 1018 2620 cardinalis
1043 2591 1242 2620 sententiam

241 2643 443 2681 approbavit.
464 2644 595 2682 justitia
614 2644 775 2682 exigente.
796 2645 863 2674 Nos
884 2644 996 2681 igitur.
1015 2643 1152 2681 sepesati
1172 2653 1243 2673 car-

240 2695 361 2725 dinalis
378 2697 591 2732 sententiam,
612 2697 742 2735 justitia
763 2696 929 2726 mediante
945 2695 1120 2733 prolatam,
1140 2700 1244 2725 ratam

240 2748 399 2778 habentes
431 2753 459 2778 et
488 2749 615 2778 firmam
631 2772 636 2784 ,
668 2749 869 2778 fraternitati
899 2753 951 2778 tue
983 2757 1040 2786 per
1067 2748 1245 2785 apostolica

241 2801 361 2839 scripta
382 2802 576 2831 mandamus
595 2806 770 2841 quatenus,
789 2801 894 2840 ipsam
912 2800 1095 2830 executioni
1114 2801 1245 2830 deman-

275 2938 295 2962 1.
311 2941 358 2962 Ms.
377 2948 382 2962 s
401 2939 534 2970 Bonegre.

2250 277 2308 307 148

1296 346 1389 375 dans.
1409 346 1513 375 civem
1526 345 1746 383 prescriptum
1759 343 1799 373 ad
1815 342 2014 373 solutionem
2030 342 2136 380 ipsius
2152 342 2305 380 pecunie,

1293 399 1384 437 juxta
1402 397 1733 435 condempnationem
1750 395 1930 425 cardinalis
1947 395 2106 434 ejusdem,
2122 395 2306 426 monitione

1296 451 1468 489 premissa,
1488 458 1545 488 per
1561 458 1736 479 censuram
1759 448 2036 483 ecclesiasticam,
2055 446 2230 486 subm[ot0]
2248 456 2307 477 cu-

1293 503 1431 541 juslibet
1458 501 1684 541 0c[c.]asionis,
1710 500 1984 531 contradictionis
2013 504 2043 530 et
2073 499 2307 538 appellationis

1297 555 1570 594 impe[dimento],
1601 553 1789 591 compellas,
1822 552 1944 582 nobilis
1971 552 2033 581 viri
2059 553 2104 587 J.,
2135 552 2308 590 potestatis

1298 607 1473 641 Senensis,
1498 607 1538 636 ad
1558 606 1630 640 hoc,
1650 606 1679 635 si
1700 614 1835 636 necesse
1854 605 1972 639 fuerit,
1998 605 2122 634 auxilio
2142 605 2305 635 invocato.

1298 660 1371 689 Dat.
1391 659 1532 693 Pelusii,
1552 659 1614 688 XV
1629 657 1788 688 kalendas
1805 657 2014 696 septembris,
2035 666 2122 687 anno
2139 666 2236 687 nono.
2252 669 2265 684 n

1372 843 1484 870 22—ss

1336 905 1374 937 J.,
1391 903 1530 938 potestati
1545 903 1681 936 Senensi,
1698 903 1734 929 de
1747 903 1849 929 eadem
1866 911 1896 929 re
1912 902 2053 934 scribens,
2071 902 2192 929 mandat
2209 905 2314 937 quate-

1302 962 1367 985 nus,
1385 961 1451 979 eum
1470 952 1506 979 ab
1526 951 1661 986 episcopo
1681 951 1805 978 Senensi
1826 951 1917 978 fuerit
1932 951 2106 984 requisitus,
2121 951 2268 977 auxilium
2284 951 2312 978 ei

1302 1010 1389 1036 super
1403 1003 1455 1028 hoc
1472 1001 1636 1036 impendat.
1653 1015 1683 1019 —
1701 1001 1787 1033 (Rae.
1803 999 1847 1033 18,
1862 1001 1882 1026 f.
1900 999 1934 1026 64
1949 1002 1990 1032 1¹⁰3
2005 1008 2074 1026 ann.
2092 1000 2145 1032 IX,
2160 1008 2184 1026 e.
2201 999 2276 1031 204.)

1873 841 2011 873 Pe'rouse,
2027 840 2061 868 18
2076 843 2145 868 aout
2159 841 2238 868 1235.

1347 1115 1359 1129 t(
1376 1103 1477 1132 Nobili
1494 1103 1561 1131 viro
1576 1102 1770 1139 J.‚pozes[azi
1784 1101 1922 1130 Senensi.
1941 1101 1990 1136 P.‚
2008 1099 2168 1130 monacho
2185 1104 2244 1130 etc.
2264 1117 2313 1134 —,

1305 1156 1378 1185 Dat.
1399 1159 1559 1192 utsupra.
1581 1166 1593 1180 »

1377 1339 1494 1367 2242
1879 1338 2016 1370 Perouse‚
2032 1338 2066 1364 23
2081 1340 2150 1365 aout
2164 1337 2244 1365 1235.

1343 1401 1502 1435 Magistros
1518 1403 1546 1428 et
1560 1401 1665 1427 fratres
1679 1400 1807 1427 militiae
1822 1400 1940 1435 Templi
1954 1403 1982 1427 et
1998 1399 2164 1434 Hospitalis
2179 1399 2320 1427 Hieroso-

1308 1449 1524 1484 lymitanorum
1543 1448 1693 1483 redarguit
1709 1448 1785 1482 quod
1805 1448 1836 1475 in
1853 1457 1882 1475 se
1900 1448 1978 1483 ipsos
1998 1448 2076 1475 bella
2096 1447 2319 1480 convertebant,

1308 1497 1408 1532 eisque
1424 1497 1548 1524 mandat
1563 1499 1707 1531 quatenus
1721 1505 1812 1530 usque
1828 1496 1864 1523 ad
1880 1496 2048 1531 passagium
2068 1496 2169 1523 martii
2185 1495 2320 1530 proximo

1309 1547 1402 1574 futuri
1418 1555 1469 1581 per
1487 1549 1688 1581 procuratores
1706 1546 1867 1580 apostolico
1888 1545 2058 1580 conspectui
2074 1554 2103 1572 se
2119 1546 2320 1580 praesentent,

1310 1597 1485 1623 mandatum
1499 1595 1695 1630 apostolieum
1707 1595 1854 1630 recepturi
1866 1603 1872 1628 ;
1890 1604 1906 1622 a
1921 1595 2033 1622 mutuis
2044 1593 2321 1629 impugnationibus

1310 1645 1472 1677 desistant3
1487 1644 1620 1679 alioquin
1635 1644 1773 1671 noverint
1786 1644 1883 1678 ipsum
1898 1652 2005 1678 papam
2019 1643 2176 1670 abbatibus
2187 1642 2223 1669 de
2235 1642 2322 1670 Tem-

1310 1694 1359 1728 plo
1379 1693 1501 1720 Domini
1518 1695 1546 1720 et
1561 1692 1665 1720 Sancti
1683 1692 1832 1719 Samuelis
1851 1690 2097 1727 Aceonensi[bus]
2119 1691 2274 1719 mandasse
2288 1692 2323 1718 ut

1311 1743 1343 1769 in
1359 1751 1406 1769 eos
1422 1741 1740 1769 excommunicationis
1756 1743 1784 1767 et
1804 1741 1836 1767 in
1855 1749 1955 1768 eorum
1976 1744 2068 1767 terras
2087 1739 2239 1767 interdicti
2255 1748 2324 1767 sen-

1312 1792 1422 1818 tentias
1449 1799 1506 1818 non
1534 1791 1673 1817 differant
1703 1791 1900 1825 promulgare.
1927 1805 1958 1808 —
1984 1790 2075 1822 (Rae.
2097 1789 2141 1822 18,
2169 1790 2190 1816 f.
2220 1788 2254 1816 64
2280 1791 2322 1821 r';

1312 1849 1382 1867 ann.
1397 1840 1450 1872 IX,
1463 1848 1487 1866 c.
1500 1839 1569 1872 205;
1587 1854 1619 1857 —
1632 1839 1657 1867 J.
1673 1840 1843 1866 Damvnms
1856 1839 1898 1866 LE
1913 1839 2027 1871 RouLx,
2041 1838 2200 1865 Cartuca1·re
2211 1837 2324 1870 general

1313 1889 1357 1914 cles
1372 1889 1560 1922 llosp1·talters‚
1578 1891 1598 1914 t.
1615 1888 1651 1920 II,
1669 1896 1696 1922 p.
1714 1887 1776 1920 489,
1793 1890 1823 1914 11θ
1838 1887 1931 1919 2120.)

1357 2002 1370 2016 α
1390 1990 1545 2026 ,tsaqtstrls
1561 1994 1587 2018 et
1601 1989 1752 2025 fratribus
1770 1989 1882 2017 militie
1901 1989 2014 2026 Templi
2025 1993 2050 2016 et
2066 1988 2231 2025 Hospitalis
2240 1987 2327 2016 ,18νο-

1315 2043 1579 2071 solimitanorum.
1607 2042 1729 2072 Parum
1756 2041 1850 2071 vobis
1876 2041 2016 2070 forsitan
2042 2040 2215 2070 videbatur
2239 2038 2327 2078 quod

1316 2096 1385 2125 fere
1402 2104 1459 2133 per
1476 2099 1579 2124 totum
1595 2094 1708 2124 orbem
1727 2094 1956 2125 Christianum
1968 2098 2081 2123 contra
2093 2102 2150 2123 vos
2166 2092 2327 2122 clamatur

1318 2158 1335 2178 a
1356 2148 1486 2184 multis,
1515 2148 1572 2186 qui
1594 2157 1695 2186 prava
1718 2147 1823 2177 solent
1846 2147 1946 2177 etiam
1971 2146 2134 2184 suspicari
2156 2146 2194 2176 de
2215 2145 2325 2181 rectis,

1318 2201 1385 2230 nisi
1406 2200 1522 2230 diebus
1545 2200 1612 2230 hiis
1638 2200 1864 2238 produceretis
1887 2199 1922 2228 in
1946 2203 2072 2233 actum,
2100 2198 2187 2228 unde
2209 2197 2327 2228 merito

1318 2257 1431 2283 contra
1449 2262 1505 2282 vos
1517 2253 1634 2283 debeat
1650 2251 1844 2282 scandalum
1861 2251 2027 2281 suscitari.
2042 2252 2123 2281 Ecce
2141 2251 2252 2281 tristes
2268 2259 2328 2280 au-

1320 2306 1464 2335 divimus
1495 2310 1527 2335 et
1554 2305 1741 2343 accepimus
1769 2314 1843 2335 curn
1869 2304 1980 2334 dolore
2008 2304 2094 2343 quod
2122 2313 2196 2339 vos,
2228 2304 2328 2334 Terre

1321 2359 1456 2393 Sancte,
1477 2367 1539 2396 que
1560 2357 1732 2388 funiculus
1749 2362 1797 2387 est
1819 2357 2015 2387 hereditatis
2034 2356 2209 2390 dominice,
2227 2355 2330 2394 depu-

1321 2411 1380 2440 tati
1404 2411 1568 2445 custodes,
1594 2410 1635 2440 ad
1657 2410 1861 2448 perdendum
1884 2419 1954 2439 eam
1976 2409 2136 2439 videmini
2159 2408 2328 2444 anhelare,

1322 2463 1398 2492 dum
1415 2463 1479 2493 levi
1494 2463 1678 2498 occasione,
1697 2463 1916 2502 quorumdam
1933 2462 2198 2492 molendinorum
2212 2460 2331 2491 videli-

1322 2520 1382 2551 cet,
1399 2525 1498 2554 super
1514 2516 1635 2554 quibus
1655 2521 1766 2545 exorta
1782 2515 1870 2545 inter
1886 2524 1943 2545 vos
1957 2515 2182 2545 controversia
2199 2522 2257 2552 per
2274 2521 2331 2544 ve-

1323 2568 1506 2598 nerabilem
1522 2569 1660 2598 fratrem
1677 2572 1826 2598 nostrum
1845 2591 1862 2597 ..
1883 2567 2135 2606 Ravennat[em]
2153 2564 2332 2605 archiepis-

1324 2630 1451 2659 copum.
1479 2621 1667 2659 Apostolice
1691 2621 1786 2651 Sedis
1812 2621 1976 2659 legatum,
1999 2621 2120 2650 dicitur
2142 2619 2330 2654 terminata,

1324 2674 1480 2703 concitati
1512 2674 1684 2703 iracundie
1715 2674 1835 2712 spiritu
1867 2678 1897 2703 et
1930 2673 2171 2711 indignationis
2204 2673 2332 2702 fervore

1325 2727 1494 2756 succensi.
1520 2727 1554 2756 in
1573 2736 1630 2756 vos
1648 2727 1738 2765 ipsos
1761 2726 1847 2756 bella
1871 2726 2080 2761 convertitis,
2105 2725 2178 2764 qui,
2202 2731 2333 2755 crucem

1325 2779 1479 2809 tollentes
1504 2784 1575 2817 post
1597 2779 1784 2815 Christum,
1810 2787 1867 2817 pro
1892 2779 2052 2808 fratribus
2078 2783 2108 2808 et
2129 2778 2214 2808 dicte
2234 2777 2334 2807 Terre

1326 2831 1520 2861 defensione
1535 2832 1663 2862 animas
1677 2840 1799 2870 ponere
1813 2831 2008 2866 devovistis;
2025 2831 2112 2870 quod
2128 2829 2233 2860 nichil
2244 2827 2334 2859 aliud

1327 2892 1399 2913 esse
1413 2877 1560 2919 'videtum
1579 2893 1677 2923 quam
1694 2884 1838 2922 Paganis
1857 2893 2018 2922 exponere
2037 2884 2122 2914 dicte
2141 2884 2240 2913 Terre
2256 2879 2335 2911 reli-

1328 2937 1424 2975 quias
1442 2946 1504 2975 que
1521 2942 1712 2975 supersunt,
1730 2941 1759 2967 et
1778 2937 2000 2967 scandalizare
2017 2936 2213 2975 gravissime
2234 2937 2338 2964 totum
