2519 3518
137 289 211 319 1005
977 282 1197 319 1)(ἠῑκιΕΜΕ
1221 282 1376 319 ANNEE.
2151 291 2224 320 ¹006

132 356 261 384 vicensis
276 356 428 388 dioecesis,
443 356 489 383 cui
507 364 524 383 a
540 356 616 383 Sede
637 356 808 390 Apostolica
826 365 894 383 usus
916 356 1022 383 mitrae
1039 364 1072 382 ac
1088 355 1136 383 ba-

131 405 360 439 culipastoralis
375 405 434 439 jam
452 412 605 431 concessus
622 405 726 436 fuerat,
744 413 827 431 usum
845 404 949 431 annuli
967 404 1088 438 insuper
1101 404 1136 430 de

132 453 228 487 gratia
243 453 364 487 speciali
389 452 582 487 personaliter
604 452 748 479 concedit.
772 467 803 470 —
825 453 910 484 (Rae.
930 452 974 485 19,
997 453 1016 479 t.
1038 452 1071 478 15
1087 454 1136 483 v⁰;

131 510 203 528 ann.
220 501 288 534 ΧΠ,
306 509 330 528 c.
348 501 405 531 86.)

174 614 187 629 α
205 602 296 637 Helie,
315 603 413 631 abbati
431 602 592 637 Usercensi,
609 602 730 630 ordinis
744 602 843 630 sancti
858 601 1020 635 Benedicti,
1038 602 1138 630 Lemo-

130 656 263 684 m‘censis
277 655 413 684 diocesis.
430 654 480 684 Ad
496 653 713 684 ecclesiastici
733 653 860 683 decoris
881 669 927 682 —.
949 653 1021 682 Dat.
1041 653 1137 683 Late-

133 706 218 743 rani,
236 707 268 737 II
283 706 443 737 kalendas
460 706 585 745 aprilis,
604 714 690 736 anno
705 705 910 736 duodecimo.
930 718 942 731 »

202 876 320 904 4338

167 938 429 973 Archiepiscopum
449 938 624 965 Toletanum
642 941 723 972 rogat
741 941 769 965 et
791 942 889 966 monet
907 942 1051 972 quatenus
1069 947 1133 965 ma-

130 987 221 1020 gistro
236 986 375 1017 Johanni,
393 986 503 1012 decano
525 985 732 1017 Ulixbonensi,
749 986 841 1020 ipsius
863 994 954 1020 papae
970 987 1133 1020 capellano,

130 1050 164 1053 —
180 1043 266 1069 quem
283 1043 332 1061 rex
355 1034 552 1067 Portugaliae,
574 1034 704 1067 graviter
722 1038 821 1061 contra
843 1043 908 1061 eum
932 1037 1028 1061 motus
1047 1043 1081 1062 ex
1102 1044 1134 1062 eo

128 1084 206 1118 quod
218 1084 295 1111 idem
308 1084 456 1112 Johannes
469 1083 499 1110 S.
513 1083 654 1114 Gometii,
666 1083 715 1117 qui
729 1092 758 1110 se
771 1091 820 1117 pro
831 1084 924 1110 electo
938 1083 1132 1110 L'lixbonensi

128 1132 258 1166 gerebat,
275 1140 304 1158 se
322 1135 506 1166 opposuerat,
521 1134 565 1158 ter
581 1131 664 1158 bonis
680 1132 741 1158 suis
756 1131 936 1166 spoliaverat
952 1135 980 1158 et
1000 1133 1133 1158 exsulare

128 1183 271 1214 coegerat,
285 1195 315 1199 ——
332 1189 385 1207 ncc
400 1189 456 1207 non
474 1180 590 1206 clericis
603 1184 635 1213 ct,
648 1180 732 1206 laicis
752 1180 846 1207 eidem
866 1181 1004 1214 magistro
1024 1181 1133 1207 adhae-

129 1229 261 1256 rentibus
277 1232 305 1256 et
322 1229 552 1263 persecutionem
572 1229 741 1262 hujusmodi
759 1229 951 1263 patientibus,
966 1229 1055 1256 faciat
1071 1232 1130 1256 tam

126 1277 164 1305 ab
173 1277 306 1304 ecclesiis
315 1277 534 1304 cathedralibus
541 1280 569 1303 ct
577 1276 645 1303 aliis
655 1284 741 1310 quam
753 1285 769 1303 a
779 1276 966 1303 monasteriis
976 1285 1130 1311 regnorum

127 1326 275 1354 Castellae
298 1329 326 1352 et
345 1325 498 1358 Legionis,
524 1325 630 1354 donec,
655 1325 856 1359 persecutione
879 1328 1025 1357 cessante,
1051 1325 1132 1359 paci-

127 1375 212 1402 ficam
229 1373 440 1408 possessionen]
457 1372 621 1399 ablatorum
634 1373 801 1404 habuerint,
815 1373 1012 1407 provisionem
1025 1373 1132 1399 decen—

125 1426 184 1451 tem
203 1426 231 1450 et
244 1430 401 1456 congruam
416 1421 572 1455 assignari,
587 1424 615 1448 ct
631 1422 761 1455 ejusdem
778 1421 881 1448 decani
903 1422 1083 1455 procuratori
1100 1422 1131 1448 in

124 1471 262 1506 expensis
276 1471 448 1498 necessariis
462 1470 622 1504 provideri.
634 1485 665 1488 —
678 1471 765 1501 (Rso.
780 1470 824 1503 19,
840 1471 859 1496 f.
876 1471 908 1496 15
922 1473 1047 1502 v⁰;vann.
1064 1471 1130 1504 XII,

123 1529 149 1547 c.
162 1520 210 1552 87;
226 1535 258 1538 —
272 1520 404 1547 MOREAU
415 1519 495 1551 1192,
508 1520 527 1545 f.
542 1519 590 1550 43;
605 1533 635 1537 -
652 1518 968 1549 PorTaAsr10593;—
983 1520 1020 1544 cf.
1035 1525 1130 1551 supra,

125 1578 154 1595 n.
169 1568 236 1596 3811
254 1571 282 1595 et
295 1567 387 1598 3853.)
427 1569 429 1571 ’

740 877 860 909 Latran,
878 877 894 903 6
910 877 968 903 mai
983 877 1061 903 1238.

166 1681 179 1697 «
198 1692 219 1699 ..
238 1669 463 1706 archiepiscopo
487 1668 637 1697 Toletano.
661 1667 876 1697 Tirannidem
895 1676 993 1706 quam
1012 1690 1031 1696 ..
1051 1668 1131 1697 Por-

123 1721 248 1761 tugalie
267 1730 323 1751 rex
340 1720 482 1750 illustris
502 1719 625 1750 dudum
645 1720 791 1750 exercuit
806 1720 840 1749 in
858 1719 1014 1750 ecclesias
1038 1720 1131 1758 regni

123 1776 187 1812 sui,
205 1775 331 1805 diutius
353 1773 567 1811 divulgatam,
586 1773 830 1803 fraternitatem
852 1777 943 1803 tuam
966 1773 1130 1803 credimus

125 1838 189 1860 non
205 1828 320 1858 latere.
339 1828 412 1866 Ipse
429 1827 529 1861 enim,
548 1835 622 1856 cum
639 1836 657 1856 a
671 1826 818 1864 primevo
835 1826 1056 1857 adolescentie
1073 1836 1131 1857 sue

124 1883 202 1912 flore
220 1890 255 1911 se
274 1879 494 1910 assuefecisse
511 1879 661 1909 debuerit
679 1879 789 1908 timori
810 1879 916 1908 divini
939 1879 1084 1909 nominis
1101 1883 1131 1909 et

122 1934 239 1969 amori,
270 1933 499 1962 immaturatos
528 1931 714 1970 juventutis
743 1941 801 1961 sue
831 1932 958 1962 fructus
989 1932 1023 1961 in
1053 1932 1130 1962 flore

122 1995 349 2024 corrumpens,
364 1994 401 2015 ac
414 1985 555 2022 vestigia
568 1984 671 2022 patris
693 1984 745 2013 sui
762 1984 943 2014 deserenda
958 1993 1022 2014 non
1042 1985 1130 2014 dese-

125 2049 212 2075 rens,
244 2039 301 2078 qui
333 2038 491 2068 ecclesias
523 2041 554 2068 et
584 2045 742 2075 personas
776 2036 1017 2067 ecclesiasticas
1048 2046 1130 2076 pene

123 2091 391 2131 importabilibus
416 2089 687 2128 oppressionibus
715 2089 896 2124 tribulavit,
925 2098 942 2119 a
967 2089 1131 2128 principio

124 2146 218 2185 regni
237 2145 300 2178 sui,
319 2143 405 2183 quod
422 2152 439 2173 a
455 2152 531 2180 rege
550 2151 674 2180 regum,
692 2147 786 2180 prout
802 2142 946 2172 ostendit
962 2142 1128 2180 operibus,

125 2207 190 2229 non
214 2196 373 2235 agnoscit,
397 2195 554 2226 ecclesias
579 2203 694 2224 omnes
713 2199 743 2224 et
766 2194 854 2224 viros
875 2194 1128 2228 ecclesiasticos,

124 2250 234 2290 pravis
249 2249 415 2283 inductus,
434 2252 465 2278 et
480 2248 609 2277 utinam
629 2255 694 2276 non
715 2247 881 2282 seductus,
900 2246 1061 2282 consiliis,
1083 2246 1131 2276 sic

122 2303 288 2343 oppressit
304 2306 335 2332 et
352 2300 508 2339 opprimit
525 2300 742 2334 incessanter,
763 2299 850 2337 quod
866 2299 956 2329 nulla
973 2299 1008 2328 in
1029 2308 1130 2337 regno

124 2358 196 2396 ipso
209 2355 374 2385 libertatis
391 2353 614 2383 ecclesiastice
635 2352 774 2389 vestigia
798 2356 1048 2387 remanseruntg
1071 2361 1131 2382 nec

127 2410 191 2439 hiis
215 2412 400 2441 contentus,
427 2412 586 2445 tanquam
608 2405 860 2442 ingratitudinis
885 2405 985 2439 filins,
1007 2404 1130 2434 oblitus

124 2462 360 2493 beneficiorum
379 2470 395 2490 a
417 2459 500 2490 Sede
522 2458 710 2496 Apostolica
726 2462 965 2496 perceptorum.
984 2457 1025 2486 ad
1043 2457 1130 2487 desi-

122 2514 286 2546 derabilia
303 2517 424 2548 nostra,
454 2511 637 2541 familiares
663 2515 791 2540 nostros
810 2509 975 2544 videlicet,
999 2510 1054 2548 qui
1074 2509 1130 2539 de·-

124 2568 250 2602 berent,
269 2566 308 2596 ob
326 2565 547 2595 reverentiam
566 2567 724 2597 nostram,
742 2571 814 2592 esse
832 2562 871 2592 ab
889 2562 978 2592 omni
996 2571 1130 2600 prorsus

122 2619 315 2650 incursione
341 2617 461 2651 securi,
486 2616 632 2646 extendit
656 2614 902 2654 presumptione
928 2614 1131 2652 dampnabili

124 2681 242 2703 manus
262 2672 368 2701 suas1.
386 2671 481 2705 Nam,
503 2669 599 2708 quasi
623 2669 653 2698 ei
676 2668 841 2698 modicum
858 2667 1024 2697 videretur
1045 2667 1131 2706 quod

122 2725 204 2754 olim
226 2724 383 2755 dilectum
406 2723 511 2752 filium
533 2722 729 2759 magistrum
751 2720 950 2755 Johannem,
971 2720 1130 2749 decanum

127 2776 397 2811 Ulixbonensem,
430 2774 638 2813 capellanum
669 2778 829 2808 nostrum,
859 2773 931 2811 qui,
962 2773 1046 2802 sicut
1078 2777 1132 2802 tua

122 2829 377 2868 circumspectio
389 2837 454 2858 non
464 2828 605 2866 ignorat,
619 2826 659 2856 ob
671 2825 913 2865 prerogativam
925 2825 1129 2860 meritorum,

160 2949 181 2973 l.
197 2949 238 2974 Gt.
255 2948 365 2973 Tuniza.
382 2948 402 2978 1,
421 2948 457 2972 10.

1218 354 1252 383 in
1267 355 1389 384 nostris
1406 360 1437 385 et
1452 356 1593 385 fratrum
1610 360 1796 386 nostrorum
1812 356 1916 386 oculis
1933 356 2060 386 invenit
2083 357 2220 393 gratiam

1218 412 1249 437 et
1263 407 1419 443 favorem,
1439 413 1469 438 et
1486 408 1593 438 eidem
1610 409 1679 446 regi
1697 408 1819 438 dudum
1835 409 2052 447 obsequiosus
2070 410 2177 439 suerat
2191 414 2222 439 et

1218 459 1364 494 devotus,
1382 461 1502 490 nostris
1516 461 1684 500 obsequiis
1700 461 1922 493 insistentem,
1937 462 2008 491 sine
2021 462 2110 491 omni
2127 462 2222 500 culpa

1218 512 1268 543 bis
1295 513 1493 552 spoliaverat
1518 514 1612 544 bonis
1641 515 1735 544 suis:
1760 523 1874 552 nuper,
1901 515 1987 553 quod
2008 524 2071 544 non
2098 515 2221 554 absque

1218 566 1437 596 amaritudine
1455 566 1561 596 cordis
1583 567 1771 597 aud1vimus
1790 576 1847 597 nce
1873 567 1944 597 sine
1967 568 2087 605 pudore
2108 576 2222 598 narra-

1219 626 1302 652 mus,
1320 623 1427 648 motus
1447 628 1483 648 ex
1508 628 1556 653 eo,
1582 624 1615 648 ut
1639 619 1770 654 dicitur,
1794 620 1938 657 graviter
1961 625 2074 649 contra
2098 621 2216 658 ipsum,

1217 670 1303 709 quod
1319 680 1364 700 se.
1379 671 1606 709 prosequendo
1620 672 1674 710 jus
1691 680 1799 706 suum,
1818 673 1850 702 S.
1869 672 2023 703 Gometii‚
2038 673 2093 711 qui
2111 682 2144 702 se
2163 682 2218 711 pro

1217 722 1320 752 electo
1339 722 1557 753 Ulixbonensi
1579 723 1722 761 gerebat,
1747 725 1908 762 opposuit,
1927 734 2116 763 quanquam
2133 725 2218 756 idem

1218 775 1250 804 S.
1267 774 1464 813 nichiljuris
1477 775 1612 805 haberet
1626 776 1767 813 penitus,
1784 777 1983 814 sicutpatuit
1995 786 2031 806 ex
2046 778 2215 815 postfacto.

1217 827 1356 857 eundem
1371 827 1530 857 decanum
1543 837 1600 866 per
1611 828 1838 867 Hert-andum]
1851 830 2109 868 Serpentinjum]
2121 832 2141 864 ¹,
2156 831 2216 860 fra—

1217 884 1298 909 trem
1315 880 1556 914 suum,dictum
1575 881 1794 912 Infantem,ct
1807 882 1965 920 quosdam
1984 882 2065 911 alios
2083 882 2216 920 spoliari

1217 931 1312 962 terlio
1331 933 1407 962 fecit
1424 933 1577 962 omnibus
1596 933 1690 962 bonis
1704 933 1908 967 suis,domos
1922 934 2008 963 dirui
2025 935 2214 966 decanatus.

1216 988 1247 1014 et
1264 985 1420 1014 utensilia
1436 985 1547 1015 omnia
1563 990 1594 1015 ct
1613 995 1818 1025 quecumque
1843 987 1963 1016 ibidem
1983 993 2111 1025 reperta
2128 993 2214 1018 sunt.

1215 1046 1304 1067 more
1321 1038 1512 1075 predonum,
1527 1038 1692 1068 hostiliter
1705 1040 1923 1070 concremari:
1939 1044 1966 1068 ct
1980 1040 2102 1069 addens
2117 1041 2217 1070 atllic-

1216 1089 1336 1119 tioncm
1356 1090 1483 1121 afflicto,
1500 1090 1681 1127 excogitato
1706 1100 1787 1120 novo
1812 1091 1965 1129 supplicii
1986 1101 2116 1128 genere,
2142 1093 2216 1122 uni-

1216 1150 1327 1171 versos
1353 1142 1408 1180 qui
1433 1151 1507 1172 eum
1528 1143 1817 1180 consanguinitate
1839 1143 1888 1173 vel
1911 1144 2069 1174 affinitate
2088 1146 2217 1174 contin-

1215 1199 1306 1232 gunt,
1328 1199 1399 1232 post
1421 1195 1650 1233 spoliationem
1672 1196 1829 1225 bonorum
1850 1197 1955 1233 coegit
1983 1197 2217 1227 miserabiliter

1215 1247 1358 1279 exulare,
1377 1256 1413 1277 ac
1427 1247 1502 1277 aliis
1514 1248 1655 1277 diversis
1671 1249 1936 1286 persecutionum
1955 1249 2131 1286 generibus
2143 1250 2216 1279 illos

1215 1300 1424 1338 persequitur
1440 1300 1535 1338 quasi
1552 1299 1674 1335 hostes,
1694 1301 1736 1330 ita
1756 1301 1841 1339 quod
1856 1301 1923 1339 jam
1942 1311 2003 1331 non
2022 1302 2143 1331 audent
2162 1312 2218 1340 per

1214 1361 1353 1389 regnum
1372 1352 1541 1382 ambulare
1567 1353 1600 1382 in
1628 1353 1771 1391 publico,
1791 1354 1846 1383 sed
1865 1354 1978 1389 latent,
2005 1364 2067 1383 non
2093 1355 2216 1393 absque

1215 1405 1330 1435 timore
1349 1406 1458 1443 gravis
1483 1405 1633 1443 periculi.
1657 1406 1691 1435 in
1712 1406 1858 1442 occulto,
1884 1407 1987 1445 etqui
2013 1407 2088 1436 aliis
2105 1409 2216 1437 atllue-

1215 1457 1303 1493 bant,
1329 1457 1536 1495 prohdolor!
1562 1458 1626 1488 vite
1654 1459 1841 1488 necessaria
1867 1459 2053 1489 mendicare
2080 1459 2119 1489 ab
2140 1460 2215 1489 aliis

1214 1510 1466 1548 compelluntur.
1486 1511 1536 1540 Ad
1553 1511 1687 1550 majoris
1702 1512 1800 1541 etiam
1818 1512 1924 1550 ipsius
1942 1513 2028 1549 regis
2046 1513 2215 1543 cumulum

1214 1562 1469 1601 dampnationis,
1486 1564 1611 1593 accedit
1627 1564 1724 1602 quod,
1737 1573 1810 1594 cum
1828 1565 1960 1603 quidam
1977 1565 2099 1595 decano
2115 1566 2216 1596 adhe·

1214 1621 1323 1646 rentes
1336 1616 1453 1650 eidem,
1466 1617 1707 1654 persecutionis
1724 1617 1849 1647 rabiem
1866 1618 2128 1655 fugientes,cun1
2145 1619 2214 1648 suis

1214 1675 1244 1699 et
1263 1669 1410 1708 ejusdem
1428 1669 1544 1699 decani
1560 1670 1655 1699 honis
1673 1670 1713 1699 ad
1729 1670 1893 1708 quandam
1911 1670 2083 1700 ecclesiam
2103 1672 2213 1701 coniu—

1214 1722 1350 1759 gissent,
1374 1722 1480 1752 dictus
1502 1723 1603 1752 frater
1626 1723 1709 1761 ejus,
1729 1723 1815 1761 quod
1837 1727 1885 1752 cst
1907 1723 2021 1753 auditu
2042 1723 2213 1759 horribile,

1215 1783 1279 1804 non
1301 1774 1425 1813 absque
1448 1775 1554 1812 ipsius
1580 1775 1667 1812 regis
1690 1775 1913 1809 conniventia,
1936 1785 2020 1809 cum,
2044 1785 2080 1805 eo
2103 1776 2216 1814 prohi-

1214 1827 1321 1861 bente,
1348 1827 1424 1857 talia
1447 1827 1518 1857 fieri
1543 1827 1783 1866 nequivissent,
1803 1828 2014 1859 Sarracenos,
2032 1837 2105 1857 cum
2127 1828 2213 1858 fores

1214 1884 1322 1909 essent
1345 1879 1467 1913 clause,
1495 1889 1553 1909 nec
1584 1880 1769 1910 Christiani
1794 1880 1915 1910 vellent
1938 1880 2061 1909 inferre
2089 1885 2213 1909 tantam

1213 1932 1447 1963 contumeliam
1469 1933 1628 1963 Creatori.
1651 1933 1730 1962 fecit
1749 1934 1873 1962 intrare
1903 1942 1958 1970 per
1981 1937 2119 1966 tectum;
2144 1933 2211 1970 qui.

1214 1985 1314 2015 altare
1329 1985 1612 2023 pollutis'pedibus
1622 1985 1863 2020 conculcantes,
1878 1984 1996 2014 vexillo
2008 1984 2135 2014 vivifice
2145 1993 2214 2014 cru-

1214 2037 1261 2067 cis
1277 2038 1391 2070 fracto,
1414 2042 1444 2067 et
1462 2037 1649 2068 Chi-ismate
1671 2047 1707 2067 ac
1726 2037 1937 2067 Eucharistia
1960 2037 2097 2075 pedihus
2120 2037 2214 2075 quasi

1215 2090 1281 2119 luto
1293 2090 1403 2119 viliter
1419 2090 1630 2125 conculcatis,
1644 2090 1852 2128 diripuerunt
1867 2090 1951 2119 bona
1968 2090 2169 2128 hujusmodi,
2182 2095 2213 2119 ut

1215 2143 1385 2181 predones.
1404 2143 1498 2173 Illius
1518 2144 1620 2179 igitur
1637 2143 1776 2181 vestigia
1789 2143 1921 2172 imitati.
1937 2143 1993 2181 qui
2009 2142 2163 2172 honorari
2180 2143 2213 2171 in

1215 2196 1336 2225 honore
1355 2205 1490 2225 suorum
1508 2201 1535 2225 et
1556 2196 1745 2234 contempni
1769 2204 1802 2225 se
1819 2195 1937 2225 asserit
1962 2195 1996 2224 in
2014 2199 2212 2232 contemptu.

1213 2248 1318 2278 eidem
1348 2248 1481 2279 decano,
1514 2249 1607 2287 cujus
1627 2248 1810 2286 anxietates
1833 2256 1897 2277 non
1920 2247 2118 2284 ambigimus
2143 2255 2213 2276 csse

1214 2305 1353 2331 nostras.
1379 2310 1414 2330 ac
1431 2301 1500 2330 suis
1522 2301 1631 2330 illatas
1652 2301 1746 2330 nobis
1773 2301 1934 2337 irrogatas
1958 2300 2098 2338 injurias
2118 2308 2214 2338 repu-

1214 2358 1330 2387 tantes,
1354 2358 1489 2392 paterno
1515 2354 1563 2383 eis
1588 2354 1706 2383 affectu
1729 2353 1957 2391 compatimur,
1986 2357 2015 2382 et
2038 2362 2077 2382 ne
2102 2361 2213 2390 perse-

1212 2411 1341 2436 cutores
1369 2407 1515 2444 ipsorum
1543 2407 1591 2436 eis
1620 2412 1775 2445 tanquam
1807 2405 1979 2444 penuriam
2011 2405 2213 2443 patientibus

1214 2458 1341 2488 valeant
1358 2459 1530 2488 insultare.
1550 2459 1685 2496 dignum
1703 2459 1856 2488 duximus
1878 2458 1959 2496 ipsis
1981 2466 2122 2493 cong-*rue
2144 2466 2214 2495 pro-

1214 2511 1334 2541 videre.
1358 2513 1403 2541 De
1427 2517 1480 2541 tua
1505 2521 1580 2549 ergo
1600 2512 1800 2546 sinceritate,
1826 2511 1882 2549 qui
1905 2512 2050 2540 Romane
2070 2510 2214 2540 Ecclesie

1213 2572 1248 2593 ac
1261 2573 1394 2593 suorum
1409 2564 1525 2594 zelaris
1543 2564 1710 2598 honorem,
1727 2563 1945 2592 indubitatam
1963 2562 2116 2591 fiduciam
2135 2562 2215 2591 obti-

1214 2621 1340 2646 nentes.
1360 2617 1602 2646 fraternitatem
1626 2621 1715 2645 tuam
1735 2614 1940 2653 affsectuose]
1959 2623 2124 2651 rogamus.
2147 2623 2215 2643 mo-

1215 2678 1330 2699 nemus
1347 2674 1376 2699 ct
1401 2669 1571 2698 hortamur
1589 2667 1751 2706 at[tente].
1771 2677 1806 2696 ac
1823 2677 1880 2705 per
1899 2667 2076 2704 apostolica
2096 2667 2214 2704 scripta

1214 2722 1362 2751 districte
1393 2722 1602 2760 precipiendo
1631 2721 1825 2750 mandamus
1858 2725 2036 2757 quatenus.
2069 2719 2151 2748 sicut
2179 2719 2216 2747 de

1215 2774 1319 2811 gratia
1334 2779 1444 2804 nostra
1461 2774 1609 2803 contidis.
1627 2779 1691 2802 tam
1706 2773 1745 2802 ab
1761 2772 1910 2801 eeclesiis
1928 2771 2172 2801 catlwdraliluls
2187 2776 2213 2800 et

1249 2899 1268 2922 i.
1292 2899 1328 2923 Ce
1354 2898 1424 2922 frere
1450 2900 1485 2922 du
1508 2900 1547 2922 roi
1573 2898 1678 2921 &anche
1702 2898 1725 2921 11
1746 2898 1831 2926 figure
1859 2897 1995 2926 plusieurs
2022 2896 2073 2918 fois
2101 2896 2169 2919 dans
2194 2896 2218 2918 lc

1218 2943 1338 2972 neyistre
1353 2942 1386 2966 dc
1402 2943 1426 2965 la
1443 2942 1516 2966 Xlll‘
1532 2943 1617 2965 annee
1635 2949 1699 2965 sous
1715 2942 1738 2964 le
1756 2942 1819 2964 titre
1837 2940 1962 2968 d'lnsans
1979 2941 2011 2962 tle
2028 2941 2122 2968 Ser-pa.
