2519 3518
166 239 223 270 933
1029 232 1220 269 oxzn‘zmz
1243 231 1402 268 Axxisszs.
2205 244 2261 274 931

167 310 226 334 tem
244 307 406 334 terminum
421 311 638 342 compar-eamn
657 322 688 325 —
706 308 792 339 (nm.
810 307 853 339 18,
873 309 891 333 f.
907 307 1014 336 369110:
1030 315 1099 333 ann.
1119 306 1172 336 xl,

168 363 192 381 c.
208 354 277 387 469;
294 369 326 373 --
341 356 378 382 cf.
393 362 490 387 supra,
508 363 536 381 n.
553 354 622 381 3927
638 357 666 381 et
680 354 772 386 3928.)

210 467 222 482 «
247 456 390 492 Mayllem-0
416 456 587 489 Benedicco,
611 456 755 493 scriptori
780 460 892 484 noso-0.
917 454 998 484 Cum
1021 453 1099 483 olim
1124 454 1174 482 di-

167 507 244 538 lecti
261 507 322 537 filii
352 531 370 537 ..
399 513 542 546 potestas
568 513 598 538 et
627 516 800 537 commune
824 507 1007 537 Florentini
1032 507 1175 535 fuissent

169 560 314 598 graviter
335 561 368 589 in
390 560 557 598 presentia
585 565 698 589 nostra
720 559 893 598 conquesti
921 568 1072 597 supereo
1089 559 1174 597 quod

169 613 298 643 civibus
329 613 399 642 suis
428 613 466 642 de
495 613 633 651 pecunia
653 622 750 651 quam
768 622 785 641 a
808 612 904 649 longo
929 617 1072 650 tempore
1092 621 1174 642 non-

171 665 273 696 nullis
287 666 326 696 de
343 675 444 704 regno
460 666 597 696 Francie
610 670 803 695 nmtuarunt
815 668 838 694 2.
855 674 870 694 a
885 665 1036 703 pluribus
1048 674 1172 700 eorum,

169 718 226 748 diu
244 723 312 756 post
328 719 506 748 terminum
529 718 720 756 expectatis.
744 727 808 747 non
832 719 937 747 fus-rat
954 718 1172 752 satisfactum,

169 771 368 810 quinimmo
397 781 454 810 pro
473 780 511 801 ea
535 771 759 809 recuperanda
782 771 951 800 subierant
976 771 1054 800 dicti
1086 770 1174 799 cives

169 823 298 853 labores
327 823 529 862 multiplices
553 828 583 853 et
602 832 774 861 expensas,
788 823 922 862 jamque
942 822 1175 852 intollerabili-

170 877 231 906 bus
249 881 342 906 erant
370 876 522 915 dampnis
556 877 678 906 afflicti.
711 877 756 906 ita
787 876 873 914 quod
898 876 993 905 multi
1012 885 1048 905 ex
1068 876 1116 905 eis
1136 875 1174 904 ad

170 935 348 960 extremam
365 930 511 968 inopiam
540 930 752 959 devenissent
771 939 777 958 :
799 938 868 959 nos.
888 929 1034 959 volentes
1053 929 1101 959 eis
1118 938 1175 966 pa-

172 988 263 1013 terna
281 982 506 1013 sollicitudine
523 983 706 1021 providere.
725 987 753 1012 te
771 982 808 1011 ad
827 987 935 1020 partes
953 982 1028 1011 illas
1045 986 1175 1020 propter

171 1035 230 1066 hoc
247 1035 436 1074 specialiter
453 1035 608 1064 duximus
627 1035 872 1064 destinandum.
893 1044 948 1072 per
966 1039 1094 1063 nostras
1115 1034 1174 1063 tibi

170 1078 298 1118 litteras
312 1088 580 1126 jurisdictionem
607 1087 667 1117 sub
691 1092 779 1117 certa
802 1088 905 1116 forma
924 1091 1036 1116 contra
1052 1087 1174 1116 debito-

171 1150 223 1171 res
239 1150 354 1170 omnes
370 1145 401 1170 et
419 1140 581 1177 singulos,
601 1146 665 1170 tam
692 1139 905 1169 ecclesiarum
921 1139 1062 1177 prelatos
1076 1148 1174 1178 quam

171 1194 254 1224 alios
271 1199 456 1233 spectantes
469 1194 508 1223 ad
526 1195 631 1223 forum
650 1193 807 1223 Ecclesie.
828 1192 1064 1222 concedendo?
1086 1193 1174 1222 Post-

171 1248 303 1277 modum
325 1252 446 1282 autem,
472 1247 639 1276 intellecto
656 1246 742 1284 quod
766 1245 917 1275 nonnulli
934 1245 1009 1275 laici
1030 1246 1176 1275 crucesi-

171 1299 273 1337 gnati,
292 1299 464 1328 occasione
488 1299 674 1328 litterarum
691 1298 892 1336 hujusmodi.
910 1298 1112 1335 cogebantur
1127 1297 1175 1326 in-

171 1352 298 1382 debitos
315 1351 429 1382 subire
459 1351 600 1383 labores,
631 1360 706 1380 cum
739 1359 948 1389 nequaquam
978 1350 1175 1380 intentionis

172 1409 282 1434 nostre
299 1404 418 1434 fuisset
437 1404 498 1433 sub
517 1403 708 1442 hujusmodi
727 1403 882 1432 mandato
913 1403 1002 1440 ipsos
1035 1401 1173 1436 includi,

171 1457 312 1486 maxime
326 1465 398 1486 cum
417 1455 617 1493 generaliter
633 1455 873 1493 crucesignatis
890 1455 1044 1484 omnibus
1059 1464 1077 1484 a
1092 1455 1175 1484 Sede

170 1509 359 1547 Apostolica
379 1509 422 1538 sit
439 1508 604 1538 indultum
623 1513 665 1543 ut,
687 1508 845 1546 quamdiu
856 1516 965 1537 coram
985 1507 1054 1537 suis
1071 1507 1175 1537 dioce-

170 1561 262 1591 sanis
280 1561 330 1591 vel
340 1561 519 1590 ordinariis
534 1561 641 1599 parati
657 1560 782 1590 fuerint
796 1565 882 1590 stare
896 1560 975 1598 juri.
995 1560 1033 1589 ad
1046 1560 1175 1599 judices

171 1614 450 1645 extraordinarios
480 1613 530 1643 vel
552 1613 719 1651 delegatos
743 1622 761 1642 a
788 1613 871 1643 Sede
893 1613 1083 1651 Apostolica
1110 1622 1174 1642 uon

171 1667 345 1697 trahantur
363 1677 369 1695 :
391 1667 450 1696 tibi
467 1666 620 1696 dedimus
642 1667 675 1695 in
693 1666 858 1704 preceptis
876 1671 922 1700 ut,
941 1671 1055 1695 contra
1074 1665 1176 1695 laicos

168 1721 416 1758 crucesignatos
445 1720 537 1758 regni
563 1720 702 1758 predicti
731 1719 821 1749 nulla
839 1719 965 1749 ratione
983 1719 1173 1757 procedens,

170 1773 199 1803 si
217 1773 329 1803 forsan
345 1777 459 1802 contra
487 1781 542 1802 eos
571 1773 604 1801 in
637 1772 748 1811 aliquo
768 1772 999 1810 processisses,
1026 1772 1176 1802 studeres

169 1826 241 1856 sine
270 1825 475 1855 difficultatis
503 1825 672 1855 obstaculo
703 1826 886 1855 revocare&
920 1825 1068 1863 Cumque
1098 1825 1176 1854 dicti

170 1879 259 1908 cives
275 1878 479 1908 inculcat-ent
498 1878 531 1907 in
550 1878 717 1916 presentia
735 1883 846 1907 nostra
869 1878 1049 1916 querelam.
1077 1878 1174 1916 quod,

169 1931 247 1961 licet
265 1931 444 1960 karissimo
463 1931 496 1959 in
521 1931 654 1961 Christo
678 1930 746 1960 tilio
769 1935 881 1960 nostro
903 1953 922 1959 ..
952 1930 1075 1959 illustri
1106 1931 1176 1967 regi

171 1984 374 2014 Francorum
404 1976 624 2013 direxerimus
652 1992 766 2021 preces
797 1988 937 2017 nostras.
963 1988 997 2012 ut
1027 1983 1176 2012 subditos

172 2045 250 2066 suos
277 2036 316 2066 ad
340 2036 613 2066 satisfaciembtm
645 2036 693 2065 eis
725 2036 843 2065 tradita
875 2035 939 2064 sibi
966 2035 1177 2073 compelleret-

171 2094 350 2128 potestate‚
380 2093 411 2120 et
440 2094 468 2119 tc
501 2098 557 2127 pro
587 2089 742 2125 cogendis
769 2088 974 2118 debitoribus
1002 2088 1043 2117 ad
1069 2088 1176 2116 forum

171 2142 320 2172 Ecclesie
333 2142 588 2180 pertinentibus,
608 2142 646 2171 ad
662 2146 770 2179 partes
788 2141 862 2171 illas
877 2141 1068 2171 duxerimus
1080 2141 1177 2170 desti-

173 2195 330 2229 nandum,
349 2195 440 2224 nulla
465 2200 571 2224 tamen
599 2195 647 2224 eis
671 2204 687 2223 a
710 2194 851 2223 subditis
877 2194 955 2223 dicti
978 2194 1064 2231 regis
1088 2193 1137 2223 vel
1160 2203 1177 2223 a

172 2247 413 2285 crucesignatis
432 2247 617 2277 satisfactio
647 2247 853 2284 preberetur,
886 2246 1061 2275 interdicto
1082 2246 1140 2275 tibi
1160 2257 1178 2275 a

173 2309 249 2338 rege
266 2301 393 2338 prefato
410 2309 451 2329 ne
468 2300 501 2329 in
527 2300 631 2329 nostri
659 2299 851 2337 p1·oced·‚=rcs
875 2299 1066 2329 executione
1084 2309 1177 2328 man—

171 2353 239 2383 dati
257 2363 264 2382 :
283 2353 378 2382 tertio
396 2353 455 2382 tibi
471 2352 599 2382 litteras
614 2357 743 2382 nostras
758 2352 951 2381 direximus.
970 2352 1178 2381 continentes

171 2411 219 2441 ut,
244 2406 311 2436 nisi
343 2406 505 2435 ordinarii
534 2405 694 2435 dictorum
721 2405 1036 2441 crucesignatorum,
1066 2414 1121 2442 per
1148 2409 1178 2434 te

173 2459 309 2493 moniti,
335 2459 472 2496 prefatis
503 2458 742 2487 mercatoribus
770 2457 857 2486 infra
885 2462 1026 2495 «1111111101-
1048 2466 1178 2486 menses

173 2512 434 2542 satisfactionem
459 2511 604 2541 debitam
635 2511 674 2539 ab
694 2511 741 2540 eis
765 2511 909 2539 facerent
938 2510 1096 2542 exhiberi.
1128 2520 1178 2539 ex-

174 2570 251 2595 tunc
281 2569 394 2594 contra
424 2564 672 2601 crucesignatos
706 2563 794 2601 ipsos
824 2564 917 2602 juxta
949 2563 1088 2592 formam
1119 2563 1178 2592 tibi

206 2683 226 2707 1.
243 2683 303 2707 Une
319 2683 398 2706 lettre
414 2682 557 2712 identique
576 2689 624 2712 par
640 2682 664 2704 la
683 2686 788 2710 teneur,
807 2681 874 2704 mais
886 2681 1014 2704 adressec
1031 2688 1082 2704 aux
1094 2681 1180 2703 archi-

173 2726 281 2750 diacres
292 2726 326 2750 de
343 2726 440 2750 Rouen
457 2730 483 2749 et
500 2726 532 2748 de
550 2725 695 2751 Beauvais,
712 2728 737 2748 et
754 2724 832 2747 datee
848 2725 883 2746 du
904 2725 927 2747 14
943 2732 968 2746 ax
980 2725 1019 2751 rit,
1037 2730 1066 2746 so
1082 2729 1179 2747 trouve

174 2771 235 2800 plus
250 2770 306 2793 loin
324 2770 407 2801 parmi
425 2771 464 2793 les
481 2769 568 2792 buttes
582 2769 655 2792 dela
668 2768 727 2791 Xll‘
744 2775 830 2791 anuee
848 2769 944 2797 (antico
963 2768 1022 2796 Mt,
1038 2775 1061 2790 c.
1078 2768 1127 2790 28¹.

204 2816 228 2838 ’3.
245 2816 302 2842 Sir,
319 2815 452 2844 petit—exre
469 2820 537 2844 pour
554 2815 731 2836 murnai-ant,

206 2859 229 2883 3.
243 2860 285 2883 Cf.
302 2866 401 2888 snpra,
415 2863 443 2881 ιι·
459 2858 528 2881 3534.

206 2903 228 2926 4.
245 2903 287 2927 Cf.
303 2909 402 2932 supra,
415 2906 444 2925 n‘²
460 2901 529 2925 3882.

1258 305 1363 342 primo
1393 306 1544 335 traditam
1572 307 1745 344 procede-rc.-
1766 310 1990 346 procurares¹.
2010 310 2121 347 Nuper
2151 316 2259 340 antem

1259 357 1375 394 prefati
1400 358 1498 387 cives.
1527 359 1566 387 ad
1587 364 1729 388 nostram
1752 361 1950 397 presentiam
1972 367 2188 391 res-urrentes.
2207 372 2261 391 ex-

1258 418 1378 446 ponere
1398 416 1594 440 curaverunt
1626 412 1722 450 quod.
1753 413 2106 450 cnmjurisdictioncm
2140 414 2261 444 babere

1258 470 1314 499 pcr
1333 463 1510 499 premissas
1533 463 1658 492 litteras
1679 469 1790 493 contra
1819 464 1918 493 laicos
1936 466 2181 500 crucesignatos
2199 467 2261 495 mi-

1259 515 1346 545 nime
1366 516 1518 545 videaris.
1534 517 1617 546 sicut
1636 517 1788 546 innuitur
1804 527 1840 547 ex
1859 518 2042 547 intentione
2061 520 2259 549 mandantis.

1259 576 1315 605 per
1338 568 1499 597 secundas
1523 568 1649 598 litteras
1673 570 1902 600 declaratam2.
1927 571 1965 600 de
1989 571 2069 608 ipsis
2093 578 2259 610 nequeunt

1256 621 1420 660 justitiam
1440 622 1600 651 obtinere.
1622 623 1716 652 l'nde
1735 622 1828 651 nobis
1846 623 2017 652 humiliter
2035 624 2261 662 supplic-arunt,

1260 678 1304 703 ut.
1337 683 1410 703 cum
1441 675 1539 703 etiam
1569 674 1644 704 laici
1675 676 1896 711 crucesignati
1930 676 1968 705 ad
1999 676 2259 705 ecclesiastirum

1259 727 1365 756 sorum
1385 732 1543 764 spectent.
1564 728 1734 765 providere
1751 728 1833 766 ipsis
1859 738 1909 762 ne.
1927 730 2100 759 occasione
2124 731 2258 758 secundi

1260 779 1416 813 mandati.
1437 788 1492 817 per
1509 780 1594 817 quod
1608 790 1625 809 a
1641 785 1694 809 tua
1707 780 1939 818 jurisdictione
1958 781 2110 810 videntur
2122 783 2258 820 excepti.

1259 832 1432 869 pecuniam
1455 832 1615 861 dictorum
1643 832 1764 861 civium
1784 832 1923 863 ulterius
1941 833 2062 872 injuste
2079 834 2259 863 detineant.

1259 893 1461 913 curaremus.
1482 884 1653 921 presertim
1678 894 1751 913 cum
1771 885 1910 923 dampna
1931 890 1959 915 ct
1983 895 2122 923 expenso·
2139 887 2261 915 rivium

1259 937 1479 974 predictorum
1497 938 1530 966 in
1553 942 1678 967 tantum
1696 939 1911 967 excreverint.
1935 939 2020 977 qnod
2038 940 2103 977 jam
2125 940 2261 969 credan-

1259 994 1311 1018 tur
1328 994 1474 1019 mutuatc
1491 991 1589 1019 sortis
1613 991 1767 1020 excedere
1791 992 2020 1029 quantitatem.
2044 992 2128 1021 Licet
2160 993 2261 1029 igitur

1259 1041 1498 1077 crucesignatis
1516 1042 1596 1079 ipsis
1628 1052 1699 1071 csse
1720 1042 1871 1077 velimus.
1903 1048 2062 1081 quantuni
2091 1054 2163 1072 cum
2194 1045 2261 1074 Deo

1259 1103 1445 1132 possumus.
1471 1094 1670 1123 favorabiles
1697 1099 1726 1123 ct
1759 1094 1906 1131 benigni.
1929 1096 2006 1133 qnia
2036 1102 2141 1124 tamn-n
2162 1097 2260 1126 saluti

1260 1155 1373 1176 eorum
1394 1156 1458 1175 non
1484 1146 1611 1184 expedit
1635 1147 1765 1184 propria
1793 1148 1960 1176 commoda
1980 1148 2018 1177 de
2042 1149 2192 1186 dampnis
2213 1150 2262 1178 fa-

1259 1208 1332 1229 cere
1359 1199 1602 1237 proximorum.
1632 1207 1756 1237 nosque
1795 1200 1930 1237 prefatis
1959 1200 2086 1229 civibus
2123 1210 2184 1230 non
2212 1202 2262 1230 dn·-

1259 1252 1374 1281 bemus
1404 1251 1437 1280 in
1468 1260 1527 1281 suo
1547 1252 1620 1290 jure
1645 1252 1775 1285 deesse,
1807 1262 1879 1281 cum
1911 1253 2014 1281 simus
2045 1254 2198 1283 omnibus
2229 1257 2261 1284 in

1255 1304 1388 1343 justitia
1423 1304 1600 1335 debitores,
1638 1304 1784 1334 volentes
1815 1305 1861 1333 sic
1896 1306 2135 1343 crucesignatis
2169 1307 2260 1345 ipsis.

1259 1357 1420 1387 servando
1454 1357 1517 1386 fori
1553 1356 1770 1386 ecclesiastici
1803 1358 2013 1395 privilegium
2045 1366 2262 1389 consuetum.

1260 1410 1476 1447 apostolicum
1494 1410 1658 1447 impertiri
1690 1411 1846 1439 favorem.
1875 1411 1962 1449 quod
1986 1411 2114 1449 justitia
2141 1413 2262 1441 rivium

1260 1463 1438 1492 eorundem
1468 1471 1531 1491 non
1558 1462 1775 1492 absorbeatur
1794 1463 1929 1493 omnino
1947 1473 1952 1491 :
1972 1464 2165 1493 mandamns
2182 1474 2263 1503 qua-

1258 1514 1357 1545 tenus
1386 1524 1500 1545 omnes
1515 1515 1701 1545 ordinarios
1729 1516 1889 1545 dictorum
1912 1517 2212 1553 crucesignatorum
2231 1523 2266 1547 ut.

1261 1573 1324 1597 tam
1342 1568 1443 1597 laicos
1461 1577 1558 1607 quani
1587 1568 1724 1597 clericos
1749 1569 2008 1606 crucesignatos.
2032 1570 2117 1608 quod
2140 1570 2263 1599 eisdem

1261 1621 1499 1651 mercatoribus
1512 1630 1611 1659 super
1629 1621 1749 1651 debitis
1766 1621 1799 1650 in
1818 1621 1939 1659 quibus
1957 1626 2110 1651 tenentur
2127 1622 2262 1651 eisdem.

1261 1683 1451 1711 congruam.
1472 1675 1584 1703 usuris
1601 1674 1736 1703 omnino
1755 1675 1975 1710 cessantibus,
2003 1675 2264 1705 satisfactionem

1260 1728 1464 1765 impendant.
1490 1728 1583 1766 juxta
1610 1727 1709 1757 officii
1740 1728 1792 1757 sui
1823 1727 1981 1758 debitum.
2015 1728 2101 1757 infra
2126 1733 2266 1766 quatuor

1260 1781 1425 1810 mensium
1451 1781 1593 1818 spatium
1618 1785 1689 1818 post
1710 1781 1927 1809 monitionem
1950 1786 2038 1810 tuam
2056 1780 2263 1818 compellant.

1261 1843 1395 1863 moneas
1410 1839 1438 1863 et
1459 1833 1608 1863 inducas.
1626 1833 1718 1869 Quod
1735 1833 1762 1861 si
1781 1833 1858 1861 dicti
1876 1833 2036 1862 ordinarii
2055 1842 2116 1861 non
2135 1842 2265 1870 proces-

1261 1888 1366 1917 serint
1397 1892 1509 1916 contra
1537 1896 1604 1916 eos.
1636 1891 1671 1915 tu
1703 1891 1821 1915 extunc
1854 1886 1984 1915 eosdem
2018 1886 2265 1922 crucesignatos

1261 1940 1347 1978 quod
1366 1939 1416 1969 vel
1433 1949 1542 1969 coram
1569 1944 1597 1969 te
1626 1939 1833 1969 satisfaciant
1858 1939 1995 1976 prefatis
2014 1939 2263 1968 mercatoribus.

1262 1997 1296 2022 ut
1317 1998 1481 2022 tenentur.
1499 1992 1562 2026 vel,
1584 1992 1611 2021 si
1628 1991 1819 2021 maluerint.
1840 2000 1938 2029 super
1958 1991 2023 2020 biis
2038 2001 2094 2029 per
2112 2000 2265 2028 procura-

1262 2051 1348 2075 tores
1384 2045 1519 2074 idoneos
1550 2045 1637 2074 infra
1676 2049 1914 2082 competentem
1959 2044 2134 2073 terminum
2168 2054 2265 2082 quem

1261 2099 1394 2127 duxeris
1411 2098 1635 2127 statuendum.
1653 2106 1727 2127 cum
1746 2097 1931 2126 rationibus
1959 2097 2028 2126 suis
2056 2102 2086 2126 et
2104 2097 2265 2134 processi-

1262 2151 1340 2183 bus.
1373 2151 1400 2180 si
1433 2151 1490 2189 qui
1520 2151 1706 2180 litterarum
1745 2154 1931 2179 nostrarum
1966 2150 2158 2178 aut-tortian·
2191 2154 2264 2177 sunt

1262 2204 1378 2233 habiti.
1409 2209 1618 2242 compareant
1641 2213 1750 2233 coram
1779 2203 1883 2232 nobis.
1904 2203 2022 2231 facturi
2043 2208 2072 2231 et
2105 2203 2265 2240 recepturi

1262 2257 1348 2295 quod
1364 2257 1534 2286 dictaverit
1549 2256 1627 2285 ordo
1640 2256 1784 2294 juris—.
1801 2255 1989 2293 compellas.
2007 2256 2077 2284 Dat.
2099 2255 2264 2284 Laterani.

1261 2310 1321 2339 XV
1337 2309 1495 2338 kalendas
1512 2309 1638 2346 aprilis.
1658 2317 1744 2337 anno
1762 2308 1945 2337 undecimo.
1972 2319 1984 2333 11

1331 2461 1385 2488 4¹
1395 2461 1446 2488 8¹
1493 2461 1613 2492 Latran.
1626 2460 1660 2486 28
1672 2460 1789 2491 fex-ricr,
1802 2459 1817 2485 6
1830 2467 1907 2485 mars
1918 2467 1954 2485 ou
1970 2459 2002 2484 14
2017 2467 2093 2484 mars
2108 2458 2195 2484 1238?

1298 2522 1436 2556 capituto
1451 2521 1672 2549 Constantiensi
1689 2521 1835 2554 significat
1852 2529 1881 2546 se
1898 2520 2070 2545 confirmare
2086 2519 2262 2545 creationem

1261 2571 1350 2597 officii
1366 2571 1526 2597 decanatus
1542 2579 1557 2596 a
1572 2569 1793 2596 Constantimisi
1806 2569 1940 2602 episcopo
1953 2568 1982 2594 in
1998 2568 2126 2601 ipsorum
2143 2568 2264 2593 ccclesia

1263 2620 1382 2645 factam.
1399 2633 1429 2636 ——
1447 2619 1534 2649 (Hm.
1553 2618 1595 2644 18.
1615 2619 1633 2643 s.
1650 2617 1701 2643 369
1715 2622 1758 2647 1”’;
1771 2625 1839 2642 ann.
1856 2616 1909 2643 XI.
1925 2627 1949 2641 c.
1966 2616 2040 2642 ΕΟ.)

1305 2719 1316 2731 ιε
1337 2707 1475 2743 Capituli)
1490 2705 1724 2734 Constanlicnst'.
1742 2703 1815 2732 Hiis
1833 2712 1895 2740 que
1910 2711 1967 2739 pro
1980 2701 2265 2734 —.Si5;1111‘t·>21.<iis

1296 2812 1318 2834 1.
1335 2811 1377 2834 Cf.
1394 2817 1490 2839 supra,
1507 2809 1615 2832 1102591‘5.

1294 2855 1318 2878 ζ’.
1334 2857 1389 2879 Str,
1405 2855 1440 2877 ici
1459 2853 1778 2880 01113115ΙοπᾱμὶΙιιΙιιιιι
1796 2851 1824 2874 33
1841 2850 1873 2873 de
1890 2851 1913 2872 la
1930 2850 1989 2873 XIl‘
2006 2850 2107 2874 annee,
2127 2849 2264 2878 peut-etse

1265 2905 1334 2929 pour
1347 2900 1488 2922 declarata
1502 2900 1540 2926 (se
1554 2900 1710 2926 supportant
1728 2895 1741 2917 ὲ
1757 2896 1931 2918 intentione.
