2519 3518
118 313 191 342 1245
380 315 591 344 LITTERAE
616 315 874 346 LEGATIONIS
897 316 1055 346 DOMINI
1079 314 1275 344 EPISCOPI
1301 317 1590 347 PRAENESTINI
1616 318 1660 347 IN
1687 318 1935 347 PROVINCIA.
2133 318 2206 346 124ss

114 379 232 409 comite
263 379 449 418 impetratis
479 380 719 419 multipliciter,
748 386 999 419 processerunt:
1029 386 1060 411 et
1087 384 1122 409 ut

112 431 350 470 inquisitiones
368 433 447 463 fiant
465 442 521 471 per
534 433 704 472 episcopos
719 439 804 465 terre
818 444 876 464 sue
890 434 940 463 vel
954 434 1036 464 alios
1053 443 1121 472 pre-

113 483 196 514 latos
214 494 277 514 non
296 490 478 524 suspectos,
496 487 552 524 qui
569 486 750 516 seeundum
768 488 872 516 Deum
887 492 917 516 et
932 487 1018 525 juris
1037 487 1122 516 ordi-

115 546 188 567 nem
202 537 383 575 predictum
397 538 541 568 officium
553 544 775 577 exequantur3
795 544 825 569 et
842 540 927 578 quod
942 544 1055 569 contra
1067 539 1121 577 ju-

114 589 161 619 ris
179 590 318 620 formam
337 591 459 621 Iactum
478 600 535 629 per
557 591 661 621 dictos
682 592 801 621 fratres
823 592 871 621 vel
889 592 971 622 alios
988 592 1120 621 invene-

115 642 193 677 rint.
212 644 407 673 auctoritate
426 644 605 682 apostolica
621 653 679 682 per
703 644 778 674 illos
801 645 841 673 ad
860 645 946 683 juris
972 645 1121 674 ordinem

116 696 306 730 reducatu1·;
335 701 366 725 et
386 697 472 735 quod
492 697 709 735 inquisitores
728 697 766 727 de
781 697 847 727 hiis
868 706 930 736 que
945 697 1122 727 commissa

115 749 259 779 suerint¹
283 754 358 779 ante
377 758 501 788 pacem.
523 759 586 779 non
604 750 787 788 inquirant.
806 750 856 779 vel
873 759 929 788 pro
948 750 1122 789 inquisitis

116 802 335 840 penitentiam
354 812 417 832 non
434 803 616 840 imponant.

155 856 189 885 5.
209 858 227 876 ἢ
245 868 256 881 κ
273 856 354 885 Item
372 852 581 893 sup[plicat]²
598 860 632 884 ut
652 856 909 885 transactionem
926 856 1122 893 superfacto

116 907 229 937 salarii
258 909 379 937 factam
405 912 435 938 et
463 908 674 946 approbatam
702 917 775 937 cum
807 908 976 945 magistris
1006 908 1121 938 Tolose

115 960 396 990 commorantibus
410 965 441 990 et
455 961 723 999 procuratoribus
738 960 937 990 absentium.
953 961 986 989 in
1004 970 1121 990 manus

114 1013 315 1042 venerabilis
329 1013 432 1051 patris
451 1036 469 1041 ..
489 1013 632 1051 episcopi
646 1013 812 1044 Tolosani.
826 1014 944 1043 Vestra
958 1013 1121 1042 Sanctitas

114 1066 213 1095 faciat
243 1066 422 1101 observari,
456 1071 486 1096 et
516 1075 534 1095 a
564 1066 740 1096 sententiis
769 1066 1121 1096 excommunicationis

112 1119 285 1149 occasione
303 1119 417 1148 salarii
433 1119 471 1149 de
491 1119 577 1148 facto
592 1119 669 1148 latis
688 1123 802 1149 contra
820 1128 906 1151 eum,
927 1119 1027 1148 saciat
1043 1127 1120 1148 eun-

113 1171 186 1201 dem
204 1171 341 1206 absolvi,
360 1180 432 1201 cum
453 1171 541 1201 idem
557 1180 666 1201 comes
682 1176 817 1209 paratus
834 1171 933 1201 suerit
951 1176 979 1200 et
999 1176 1044 1200 est
1066 1180 1121 1209 pe-

113 1224 246 1253 cuniam
263 1233 300 1253 ex
315 1224 538 1253 transactione
556 1229 750 1253 conventam
765 1223 915 1253 exolvere
931 1224 1002 1253 sine
1018 1233 1119 1257 mora,

113 1282 144 1307 et
165 1277 305 1307 maxime
324 1286 398 1307 cum
415 1277 617 1307 universitas
640 1277 873 1315 magistrorum
892 1277 1020 1306 litteras
1044 1286 1121 1306 suas

113 1335 263 1368 patentes
287 1331 326 1359 ad
350 1331 520 1360 dominum
545 1331 593 1370 [..]
617 1330 902 1368 archiepiscopum
925 1330 1122 1359 Narbonen-

113 1393 182 1414 sem
202 1389 233 1414 et
251 1407 270 1413 ..
289 1384 478 1422 episcopum
497 1384 788 1418 Carcasonensem,
806 1384 935 1422 judices
953 1392 969 1412 a
989 1383 1122 1412 domino

114 1446 196 1475 papa
212 1437 391 1474 delegatos,
409 1441 441 1466 et
461 1436 544 1466 alias
564 1436 604 1466 ad
620 1436 790 1465 dominum
811 1436 954 1473 legatum
975 1436 1122 1465 destina-

113 1489 210 1525 verit,
227 1494 260 1519 ut
279 1489 487 1519 absolverent
503 1489 626 1518 dictum
644 1489 796 1518 comitem
812 1498 830 1518 a
847 1488 1024 1518 sententiis
1040 1497 1122 1526 quas

114 1542 287 1572 occasione
313 1542 427 1572 salarii
450 1542 594 1571 tulerant
616 1546 729 1571 contra
756 1541 875 1579 ipsum,
907 1541 985 1579 quia
1011 1541 1059 1571 eis
1085 1541 1123 1570 de

115 1594 237 1625 salario
253 1595 292 1624 ab
309 1595 422 1624 eodem
439 1595 558 1624 comite
573 1595 682 1624 fuerat
699 1594 918 1623 satisfactum.

155 1649 188 1679 6.
207 1652 226 1671 ἐκ
245 1661 257 1675 «
279 1649 360 1678 Item
379 1648 567 1687 sup[plicat]
586 1652 621 1677 ut
642 1648 822 1678 destructio
837 1648 1007 1677 domorum
1025 1657 1125 1686 quam

115 1701 269 1732 dominus
294 1703 474 1736 Romanus,
505 1706 581 1731 tunc
609 1701 764 1739 temporis
789 1701 928 1738 legatus,
956 1701 1124 1730 mandavit

114 1754 187 1784 fieri
210 1755 244 1783 in
266 1754 419 1789 Tholosa,
445 1755 644 1789 remittatur,
670 1763 710 1784 ne
732 1754 910 1784 creditores
931 1754 981 1784 vel
1005 1763 1123 1783 uxores

114 1807 237 1846 quibus
259 1807 345 1837 dicte
367 1807 484 1837 domus
509 1812 586 1837 sunt
604 1808 678 1846 jure
700 1807 848 1845 pignoris
871 1806 1026 1844 obligate,
1053 1807 1124 1836 suis

111 1860 244 1899 juribus
268 1860 516 1896 defraudentur,
537 1865 568 1890 et
591 1860 719 1889 domini>
739 1869 756 1889 a
779 1860 900 1898 quibus
919 1864 1072 1889 tenentur
1089 1859 1123 1888 in

113 1913 259 1949 seudum,
285 1913 341 1951 jus
368 1922 465 1942 snum
486 1913 685 1946 ammittant,
714 1917 744 1942 et
770 1913 817 1942 sic
846 1912 1014 1950 contingat
1038 1912 1125 1950 quod

115 1966 198 1996 alter
215 1975 271 2004 pro
285 1965 349 1995 alio
367 1966 534 2003 puniatur7
553 1965 639 2004 quod
656 1965 728 1995 fieri
749 1974 813 1994 non
831 1965 936 1999 debet,
959 1974 1033 1994 cum
1050 1973 1124 2002 pec-

115 2023 187 2049 cata
201 2028 278 2048 suos
295 2018 436 2048 debeant
453 2023 563 2048 tenere
580 2022 707 2047 actores
724 2023 755 2047 et
773 2022 838 2046 tam
855 2017 1000 2046 nobilem
1014 2017 1126 2046 civita-

118 2077 181 2102 tem
200 2072 307 2101 ruinis
325 2080 389 2100 non
405 2071 517 2100 deceat
533 2070 723 2100 deformari.
742 2070 882 2099 maxime
899 2079 972 2099 cum
990 2078 1054 2099 non
1073 2078 1125 2099 res

115 2125 172 2155 sed
186 2125 338 2154 homines
355 2128 591 2162 peccaverunt3
608 2128 637 2153 et
654 2128 689 2152 nt
706 2132 723 2152 a
737 2123 903 2153 sententia
917 2132 979 2161 que
995 2127 1126 2160 propter

115 2178 176 2208 hoc
193 2182 307 2207 contra
325 2178 433 2215 ipsum
450 2177 515 2206 lata
533 2181 592 2210 est,
611 2176 834 2206 absolvatur³.

156 2232 189 2261 7.
211 2231 229 2249 *
249 2243 261 2257 ι(
285 2231 367 2260 Item
388 2229 575 2268 sup[plicat]
599 2233 633 2258 ut
653 2238 752 2266 super
772 2228 917 2266 querelis
941 2232 972 2257 et
995 2232 1125 2257 contro-

117 2284 236 2314 versiis
253 2292 315 2322 que
329 2287 504 2312 vertuntur
520 2282 608 2311 inter
624 2282 731 2320 ipsum
750 2286 779 2311 et
797 2281 939 2319 prelatos
953 2285 1038 2310 terre
1054 2290 1123 2316 sue,

117 2338 173 2366 fiat
187 2336 226 2366 de
241 2336 338 2374 plano
353 2335 528 2374 inquisitio
545 2340 576 2364 et
591 2335 663 2364 sine
680 2342 856 2363 causarum
872 2334 1012 2371 strepitu
1028 2343 1126 2371 super

117 2391 317 2430 proprietate
340 2395 371 2420 et
396 2389 618 2428 possessione,
643 2398 742 2427 quam
768 2389 1012 2426 possessionem
1038 2389 1125 2418 idem

116 2453 227 2474 comes
243 2443 293 2474 vel
313 2443 430 2481 prelati
447 2443 636 2472 habuerunt
653 2451 671 2470 a
692 2446 824 2471 centurn
846 2441 944 2471 annis
964 2446 1051 2471 retro
1071 2451 1126 2471 us-

117 2506 180 2536 que
207 2497 247 2526 ad
272 2496 415 2534 primum
441 2495 618 2525 adventum
643 2494 959 2532 crucesignatorum,
989 2499 1035 2524 ut.
1066 2494 1127 2523 hoc

117 2550 224 2584 modo,
243 2549 381 2579 materia
399 2547 547 2578 scandali
564 2552 595 2577 et
613 2547 788 2577 seditionis
811 2547 898 2576 inter
921 2547 1074 2576 comitem
1096 2551 1127 2576 et

151 2674 172 2699 1.
190 2676 253 2699 Plus
269 2675 336 2703 loin,
350 2674 418 2697 dans
431 2674 456 2697 la
473 2673 549 2704 pii-ce
566 2673 622 2696 4781
642 2679 647 2696 :
666 2681 677 2694 «
696 2673 812 2695 ruerant.
830 2680 841 2693 ι)

148 2721 172 2744 ῗ.
189 2720 239 2744 Cet
255 2720 349 2743 article
364 2719 404 2747 (5)
418 2726 431 2742 a
448 2718 490 2742 ete
507 2718 651 2748 roproduit
669 2717 737 2740 dans
754 2723 803 2740 son
823 2717 911 2739 entier
926 2723 975 2746 par
992 2716 1025 2739 11.
1041 2716 1128 2740 DENI-

117 2771 179 2791 ΗΞ,
197 2767 244 2788 Die
260 2765 468 2788 Universitdlen
486 2764 534 2785 des
554 2763 730 2785 Millelallers
749 2762 790 2784 bis
812 2763 880 2787 1400.
899 2764 918 2783 t.
936 2761 955 2788 Ι,
973 2761 1062 2790 (1885),
1082 2762 1129 2784 Die

118 2810 295 2838 lz'ntstehuny
310 2810 360 2831 der
377 2808 630 2835 Unine›·si!dten...,
656 2814 681 2836 p.
705 2805 758 2832 332.
787 2809 853 2828 note
876 2804 929 2833 462,
955 2808 991 2831 et.
1021 2804 1129 2834 d'apre's

118 2853 235 2879 Denisse.
251 2859 300 2883 par
314 2852 413 2875 Marcet
428 2851 587 2879 Founxnm,
602 2852 650 2873 Les
663 2852 771 2874 Statius
786 2853 809 2872 et
826 2851 978 2878 privileyes
994 2850 1042 2871 des
1059 2850 1131 2872 Uni-

120 2897 237 2921 uer-siles
253 2897 449 2925 r1·an<:aises....
465 2898 483 2918 t.
502 2895 511 2918 I
530 2894 620 2924 (¹890),
638 2902 662 2924 p.
680 2894 734 2923 447,
752 2898 780 2916 n⁰
796 2893 850 2917 515.

151 2941 173 2964 3.
191 2943 240 2964 Ms.
258 2949 264 2964 :

120 2985 256 3009 soh-atur.
273 2993 284 3006 u

295 2940 486 2963 absolvantur.
514 2952 544 2955 —
571 2938 636 2962 Plus
654 2938 720 2966 loin,
740 2937 807 2960 dans
824 2937 849 2959 la
871 2937 946 2967 pic-ce
963 2936 1021 2960 4781
1037 2944 1042 2960 :
1060 2944 1071 2958 (ι
1088 2936 1132 2958 ab·

1202 390 1359 418 personas
1385 382 1627 412 ecclesiasticas
1650 388 1733 413 terre
1755 392 1812 413 sue
1838 384 1967 421 penitus
1986 383 2203 419 abscidatur¹‚

1203 434 1343 464 maxime
1362 444 1435 463 cum
1453 435 1513 464 hoc
1530 435 1616 465 idem
1638 445 1711 464 cum
1727 436 1858 465 domino
1881 437 2039 471 Romano,
2063 441 2139 465 tunc
2160 436 2207 465 le-

1203 492 1287 523 gam,
1308 488 1456 517 Par-isius
1474 489 1575 518 suerit
1591 493 1836 526 pertractatum.

1242 539 1275 569 8.
1296 553 1308 566 «
1329 541 1422 574 Item,
1440 550 1512 570 cum
1526 541 1654 579 judices
1671 565 1689 570 ..
1709 542 1827 579 prioris
1845 542 1882 571 de
1905 543 2019 571 Mauso
2034 547 2063 571 et
2080 542 2207 579 legatus

1203 597 1234 622 et
1260 593 1317 622 alii
1345 593 1497 629 delegati.
1527 599 1597 631 post
1625 594 1861 632 appellationes
1887 604 1905 623 a
1933 595 2064 624 domino
2090 595 2207 624 comite

1202 645 1350 683 legitime
1379 646 1610 683 interpositas.
1641 647 1823 676 sententias
1856 647 2207 677 excommunicationis

1204 697 1399 736 protulerint
1417 703 1528 728 contra
1547 699 1666 736 ipsum,
1689 705 1719 728 et
1740 699 1846 729 dictus
1864 709 1972 729 comes
1998 709 2101 738 usque
2120 709 2207 729 nunc

1203 760 1258 780 cas
1275 760 1340 780 non
1355 752 1453 781 suerit
1472 757 1673 789 prosecutus.
1692 753 1769 790 quia
1784 753 1925 790 prelatos
1941 753 1989 782 vel
2007 753 2094 782 vix—os
2108 753 2207 783 ecs-le-

1203 803 1355 833 siasticos
1386 804 1426 833 ad
1458 813 1570 833 eorum
1604 805 1867 842 prosecutionem
1898 805 2043 834 mittere.
2077 810 2207 843 propter

1203 856 1461 893 prohibitionem
1485 856 1595 894 legati.
1622 866 1684 885 non
1712 857 1849 887 valebat.
1878 867 1935 887 nec
1960 858 2132 887 advocatos
2156 857 2205 887 vel

1204 908 1285 938 alios
1301 909 1388 937 viros
1403 909 1573 938 discretos.
1590 914 1720 947 proptu-r
1735 910 1861 939 viarum
1877 910 2043 948 periruIa'²
2055 915 2085 939 et
2098 911 2207 939 inimi-

1203 970 1315 991 corum
1330 962 1480 991 insidias.
1492 962 1658 992 destinare
1671 973 1677 991 z
1690 962 1876 1001 sup[plicat]
1891 963 1974 992 idem
1989 972 2096 993 comes
2109 964 2205 1002 quod,

1203 1014 1297 1052 lapsu
1315 1015 1470 1052 temporis
1488 1024 1552 1044 non
1571 1015 1732 1047 obstante,
1752 1016 1839 1044 infra
1861 1016 1946 1054 quod
1966 1016 2027 1045 suit
2045 1016 2208 1053 predictas

1204 1067 1440 1105 appellationes
1456 1068 1609 1106 prosequi
1626 1068 1825 1106 prepeditus.
1840 1078 1937 1098 cause
1952 1069 2208 1107 appellationum

1204 1120 1605 1158 predictarumjudicibus
1618 1121 1882 1150 committantur:
1898 1130 1984 1151 nunc
1997 1122 2084 1151 enim
2101 1122 2209 1151 nuntii

1203 1173 1260 1211 qui
1277 1177 1450 1205 venerunt,
1472 1173 1505 1201 in
1523 1173 1685 1202 veniendo
1709 1182 1765 1210 pro
1782 1173 1862 1210 ipso.
1883 1183 1940 1211 per
1956 1174 2002 1203 XI
2024 1174 2092 1203 fere
2110 1174 2211 1211 septi-

1204 1234 1319 1254 manas
1333 1234 1457 1254 moram
1474 1225 1636 1254 fecerunt.
1651 1234 1709 1254 nec
1727 1225 1977 1264 transi[i]ssent,
1992 1226 2057 1255 nisi
2073 1230 2117 1255 tot
2133 1226 2210 1255 honi

1204 1278 1266 1307 viri
1284 1278 1322 1307 de
1341 1287 1457 1307 securo
1474 1278 1592 1307 ducatu
1613 1279 1833 1315 providissent
1852 1279 1993 1308 eisdem:
2013 1279 2098 1317 quod
2117 1288 2212 1316 prop-

1204 1336 1253 1361 ter
1272 1331 1434 1369 predictas
1454 1340 1571 1360 causas
1587 1331 1675 1369 juste
1694 1336 1799 1369 potest
1816 1331 1961 1362 concedi.
1981 1332 2121 1361 maxime
2138 1341 2210 1361 cum

1205 1384 1442 1422 appellationes
1459 1384 1498 1413 ad
1516 1384 1686 1413 dominum
1704 1393 1819 1422 papam
1835 1389 1945 1414 essent
1962 1384 2056 1419 facte,
2079 1393 2152 1413 cum
2171 1384 2211 1413 lis

1205 1446 1267 1475 que
1291 1442 1442 1474 speratur
1465 1437 1499 1465 in
1524 1437 1721 1466 consistorio
1743 1437 1913 1475 principis,
1939 1438 2010 1466 sine
2035 1446 2122 1466 more
2144 1437 2212 1467 dis-

1204 1490 1324 1527 pendio
1342 1494 1484 1520 maneat.

1246 1543 1278 1572 9.
1304 1556 1315 1569 «
1336 1544 1418 1572 Item
1439 1543 1626 1582 s[upplicat]
1649 1548 1683 1572 ut
1704 1543 1823 1573 dentur
1840 1543 1903 1572 sibi
1921 1543 2061 1582 judices.
2083 1544 2139 1582 qui
2157 1553 2211 1573 co-

1205 1600 1363 1633 gnoscant
1377 1596 1601 1634 superiniquo
1613 1596 1926 1634 processujudicum
1941 1596 2164 1634 delegatorum
2179 1602 2208 1626 et

1205 1636 1495 1686 subdelegatorum
1513 1648 1547 1677 in
1564 1650 1647 1678 t'acto
1666 1649 1784 1686 prioris
1801 1649 1839 1678 de
1855 1650 1980 1683 Manso.
1999 1650 2208 1687 Agennensis

1205 1701 1358 1731 diocesis.
1385 1706 1498 1731 contra
1524 1702 1664 1731 eundem
1690 1702 1861 1736 comitem;
1890 1702 1946 1740 qui
1971 1702 2110 1741 judices.
2138 1702 2209 1740 ipso

1206 1754 1341 1784 absente
1365 1759 1394 1784 et
1419 1763 1482 1784 non
1505 1755 1615 1784 citato.
1641 1755 1674 1783 in
1697 1755 1809 1784 eodem
1832 1755 1972 1792 negotio,
1995 1760 2107 1784 contra
2124 1755 2210 1793 juris

1205 1807 1366 1837 ordinem.
1381 1807 1514 1845 iniquas
1529 1807 1711 1837 sententias
1729 1807 1946 1845 protulerunt,
1960 1808 2113 1846 injuriosi
2129 1807 2210 1836 alias

1206 1864 1235 1889 et
1260 1861 1404 1898 suspecti
1429 1860 1492 1889 sibi
1514 1860 1692 1898 plurimum
1716 1860 1911 1894 existente&
1933 1860 2018 1889 unde
2041 1861 2121 1898 petit
2140 1865 2172 1889 ut
2192 1870 2209 1888 a

1205 1913 1381 1942 sententiis
1409 1922 1472 1951 que
1499 1913 1538 1942 ab
1566 1913 1648 1950 ipsis
1672 1913 1841 1950 judicibus
1870 1918 1983 1942 contra
2008 1913 2117 1950 ipsum
2145 1912 2209 1942 late

1207 1971 1295 1996 sunt.
1312 1965 1513 1995 absolvat-ur.

1249 2019 1304 2048 10.
1322 2023 1340 2041 ἐξ
1363 2031 1374 2044 ι(
1398 2019 1479 2048 item
1502 2018 1689 2057 s[upplicat]
1714 2017 1956 2055 indulgentiam
1979 2018 2043 2048 sibi
2065 2018 2210 2051 concedi.

1207 2080 1246 2100 ne
1264 2076 1353 2100 extra
1378 2075 1498 2100 terram
1518 2080 1611 2100 suam
1636 2080 1692 2108 per
1711 2071 1840 2109 judices
1861 2070 2026 2107 delegatos
2045 2080 2061 2100 a
2081 2071 2213 2100 domino

1207 2133 1290 2162 papa
1306 2124 1355 2153 vel
1373 2123 1479 2161 legato
1494 2132 1553 2153 suo
1574 2123 1675 2161 possit
1694 2123 1791 2157 trahi.v
1810 2132 1882 2152 cum
1903 2132 2001 2161 super
2016 2123 2076 2153 hoc
2094 2123 2213 2153 multo-

1208 2177 1292 2207 tiens
1309 2177 1395 2206 idem
1412 2185 1520 2205 comes
1538 2176 1660 2214 injuste
1674 2181 1704 2205 et
1719 2176 1866 2206 indebite
1885 2176 1985 2205 fuerit
2003 2180 2210 2213 aggravatus.

1207 2229 1511 2259 commissionibus.
1532 2229 1559 2258 si
1581 2238 1643 2267 que
1663 2233 1740 2258 sunt
1757 2229 1853 2263 facte.
1873 2229 1906 2257 in
1933 2229 2063 2258 irritum
2081 2237 2214 2258 revoca-

1209 2283 1269 2312 tis:
1289 2287 1319 2312 et
1336 2281 1397 2311 hoc
1413 2282 1498 2311 idem
1514 2282 1593 2320 petit
1612 2290 1668 2319 pro
1685 2274 1877 2311 hominibus
1894 2286 1978 2311 terre
1998 2291 2068 2311 sue.

1249 2337 1305 2366 11.
1327 2348 1338 2361 α
1359 2336 1441 2365 Item
1461 2335 1648 2374 s[upplicat]
1666 2335 1806 2373 petendo
1822 2335 1886 2364 sibi
1903 2335 2100 2364 heneficium
2118 2335 2214 2364 abso-

1207 2388 1345 2418 lutionis
1368 2388 1401 2417 in
1426 2388 1587 2417 cautelam
1609 2388 1773 2425 impertiri
1793 2397 1811 2416 a
1833 2388 2009 2417 sententiis
2032 2392 2145 2417 contra
2163 2388 2213 2426 ip-

1208 2450 1280 2471 sum
1291 2441 1367 2470 latis
1377 2440 1416 2470 ab
1427 2463 1446 2469 ..
1459 2440 1706 2478 archiepiscopo
1715 2440 1908 2475 Viennensi,
1923 2440 2109 2477 Apostolice
2120 2440 2214 2470 Sedis

1206 2494 1325 2531 legato,
1344 2494 1516 2523 occasione
1534 2493 1648 2522 salarii
1666 2493 1908 2529 magistrorum.
1930 2497 1959 2522 et
1977 2502 2033 2530 pro
2049 2493 2134 2521 sacto
2150 2493 2216 2522 Va-

1209 2546 1326 2577 sionis.
1345 2546 1383 2574 de
1400 2554 1464 2584 quo
1478 2545 1605 2574 dicebat
1617 2546 1627 2564 ³
1643 2545 1767 2574 dictum
1783 2545 1936 2574 comitem
1948 2545 2214 2582 Vasionesnse]m

1209 2599 1400 2637 episcopum
1417 2598 1590 2636 spoliasse,
1611 2603 1641 2627 et
1658 2607 1714 2635 pro
1733 2598 1817 2626 sacto
1841 2597 2038 2631 Salviarum.
2063 2606 2144 2635 quas
2167 2597 2217 2625 di-

1210 2652 1303 2681 cebat
1319 2651 1443 2680 dictum
1460 2651 1611 2680 comitem
1631 2651 1753 2688 injuste
1774 2649 1957 2687 possidere;
1981 2658 2043 2687 que
2060 2650 2147 2678 idem
2164 2658 2217 2678 co-

1211 2713 1280 2734 mes
1310 2703 1468 2740 negabat.
1497 2708 1630 2741 paratus
1656 2702 1717 2731 sub
1743 2702 1852 2731 debito
1880 2702 2029 2731 examine
2052 2702 2217 2740 justitiam

1211 2756 1383 2787 exhibere:
1399 2760 1429 2785 et
1444 2756 1554 2785 etiam.
1571 2755 1719 2784 sentiens
1735 2764 1768 2784 se
1785 2754 1927 2791 gravari.
1946 2759 2021 2783 ante
2038 2763 2136 2792 quani
2153 2753 2217 2783 late

1247 2889 1266 2911 1.
1283 2891 1332 2911 Ms.
1349 2897 1356 2911 .-
1372 2887 1560 2910 abscidantur.

1243 2932 1266 2956 2.
1286 2932 1322 2955 Le
1338 2936 1393 2954 mot
1409 2932 1534 2960 pericula
1555 2938 1569 2953 a
1583 2930 1625 2953 ete
1642 2929 1723 2953 feerit
1740 2936 1787 2952 sur
1804 2936 1839 2951 un
1856 2933 1990 2959 grattage.

1245 2977 1268 3000 3.
1288 2975 1499 3000 Suus-entendu
1518 2981 1522 2997 z
1545 2976 1617 2997 idem
1635 2975 1876 3002 archiepiscopus.
