2519 3518
136 318 194 350 353
1000 305 1186 342 DIXIEME
1208 304 1367 341 ANNEE.
2170 318 2227 349 354

208 383 325 413 3089

174 445 317 480 Episcopo
334 443 529 479 Lingonensi,
547 458 578 461 —
599 443 665 477 qui,
682 451 716 470 ex
740 452 771 470 eo
792 444 867 478 quod
884 443 914 470 in
934 443 1042 470 litteris
1057 450 1142 476 apos-

138 493 236 522 tolicis
253 493 359 528 quibus
380 493 442 527 ipse
463 500 539 527 papa
557 491 670 519 cantori
689 491 818 519 Eduensi
836 494 1027 523 concesserat,
1044 493 1076 518 ut
1091 491 1142 517 de-

138 545 277 570 canatum
299 541 429 575 capellae
450 539 540 567 Ducis
560 540 752 567 Divionensis
773 548 839 566 eum
861 540 991 566 cantoria
1012 539 1142 566 Eduensi

138 591 250 618 valeret
271 589 412 621 retinere,
435 588 620 616 habebatur:
644 597 656 611 «ι
673 588 773 615 eadem
798 589 911 622 capella
933 588 968 614 ad
991 596 1041 614 nos
1061 588 1143 614 nullo

138 638 268 673 pertinet
293 637 469 664 mediante¹
496 646 522 669 u,
548 636 673 663 timebat
699 645 749 668 ne,
774 637 925 663 occasione
947 636 1143 663 concessionis

138 686 269 721 ejusdem
287 686 428 720 capellae,
446 693 534 719 quae,
556 687 588 712 ut
610 685 757 711 asserebat
777 685 908 718 ejusdem
932 685 1060 718 episcopi
1077 692 1144 718 pro-

139 737 264 767 curator,
290 734 385 761 cidem
408 733 544 767 episcopo
566 736 628 760 erat
651 733 714 766 jure
733 733 904 760 dioecesano
924 733 1066 766 subjecta,
1085 732 1143 766 juri

139 791 190 809 suo
206 785 234 809 et
250 782 392 809 ecclesiae
413 790 482 809 suae
503 782 533 808 in
556 784 702 815 posterum
726 781 923 815 derogaretur,
945 796 976 799 —
997 781 1144 813 signifieat

139 839 169 858 se
181 832 260 858 velle
276 831 392 858 nullum
411 839 460 865 per
477 831 624 865 praefatas
638 830 752 857 litteras
766 838 852 864 super
868 831 921 856 hoc
937 830 993 864 ipsi
1010 829 1144 863 episeopo

139 882 190 907 aut
205 879 347 906 ecclesiae
363 879 543 913 Lingonensi
560 878 775 913 praejudicium
791 879 821 905 in
839 880 985 913 posterum
1000 877 1144 911 generari,

139 927 170 954 in
187 927 324 955 omnibus
345 936 459 962 semper
481 927 566 954 Sedis
585 926 773 961 Apostolicae
788 927 851 960 jure
869 927 961 959 salvo,
978 928 1006 953 et
1026 934 1145 953 eonces-

139 977 220 1004 sione
238 976 387 1011 praedicta
403 976 431 1002 in
446 984 496 1002 suo
513 975 612 1003 robore
625 976 775 1002 duratura.
795 990 825 993 —
840 976 926 1008 (Rno.
944 975 987 1007 18,
1004 976 1023 1001 f.
1038 975 1089 1001 142
1104 977 1143 1006 r⁰;

139 1034 209 1052 ann.
226 1025 266 1059 X,
283 1034 308 1052 e.
325 1025 376 1057 27;
394 1039 425 1043 —
442 1025 574 1052 Morzi-:Au
590 1025 668 1057 1191,
688 1025 706 1051 f.
723 1024 773 1056 ‘28;
792 1039 823 1042 —
840 1025 877 1051 ct'.
895 1031 990 1056 supra,
1008 1027 1037 1050 n⁰
1053 1023 1145 1055 3000.)

699 381 832 414 Viterbe,
848 382 882 408 15
898 381 974 408 avril
991 380 1069 406 1236.

182 1138 195 1152 «
215 1150 234 1155 ..
253 1127 386 1163 episcopo
402 1126 595 1162 Lr'nqoncnsi.
618 1126 718 1159 Cum,
741 1125 826 1155 sicut
844 1124 984 1154 dilectus
1003 1142 1050 1153 —.
1069 1125 1144 1153 Dat.

139 1177 296 1212 Viterbii,
314 1178 410 1207 XVII
426 1177 585 1207 kalendas
602 1177 692 1212 maii,
711 1186 796 1206 anno
813 1176 950 1206 decimo.
971 1188 983 1203 n

210 1347 328 1376 3090
700 1347 837 1379 Viterbe,
855 1348 888 1374 17
903 1347 979 1374 avril
993 1347 1073 1374 1236.

176 1410 304 1442 Dccano,
319 1409 501 1444 praecentori
513 1411 541 1436 et
558 1409 740 1435 thesaurario
753 1407 1043 1443 Saresbir[iensibus]
1061 1417 1146 1435 man-

140 1458 191 1485 dat
205 1460 348 1492 quatenus
367 1466 484 1485 causam
501 1457 616 1484 abbatis
632 1459 660 1484 et
676 1460 838 1484 conventus
855 1458 1027 1484 monasterii
1042 1458 1146 1484 Sancti

140 1507 267 1534 Melanii
286 1506 468 1534 Redonensis
492 1509 593 1533 contra
608 1506 844 1533 Londoniensem
862 1506 1030 1541 episcopum
1055 1509 1083 1533 et
1099 1515 1147 1533 eo-

141 1555 244 1582 mitem
258 1555 402 1587 Oxoniae,
415 1563 501 1589 super
512 1555 701 1582 institutione
712 1554 818 1588 prioris
829 1555 860 1581 in
875 1555 1005 1589 prioratu
1020 1556 1147 1582 Sanctae

140 1602 254 1630 Mariae
281 1603 316 1629 de
344 1603 467 1629 Herfeld
493 1603 581 1637 Regis
602 1605 646 1635 (ε
669 1603 923 1637 Kingeshatfield,
947 1612 1025 1630 nunc
1051 1604 1147 1630 Broad

140 1650 229 1683 Oak),
246 1650 416 1678 terminent.
435 1665 466 1668 ——
483 1651 569 1683 (ΗΕΘ.
587 1650 631 1684 18,
649 1652 668 1677 f.
685 1651 737 1677 142
753 1654 796 1683 v⁰;
814 1659 883 1677 ann.
899 1651 938 1684 X,
955 1660 979 1678 e.
997 1651 1054 1682 28.)

182 1763 195 1778 «
215 1773 234 1779 ..
253 1751 375 1787 decano,
397 1774 416 1780 ..
435 1752 608 1788 precentori
624 1756 650 1780 et
670 1775 687 1780 ..
713 1752 906 1780 thesaurario
926 1752 1146 1789 δίη-0311111100-

140 1804 246 1841 sibus}
277 1803 398 1833 Dilecti
425 1803 486 1833 filii
516 1827 535 1832 ..
564 1804 665 1834 abhas
688 1808 719 1834 et
746 1808 928 1834 conventus
954 1805 1149 1835 monasterii

141 1856 255 1886 Sancti
281 1855 418 1886 Melanii
446 1856 654 1887 Redonensis
681 1857 776 1886 nobis
800 1857 945 1894 graviter
971 1862 1048 1887 sunt
1070 1867 1149 1888 con-

141 1908 251 1946 questi
280 1908 382 1947 quod,
411 1917 485 1938 cum
511 1908 679 1938 institutio
703 1909 824 1947 prioris
849 1909 883 1938 in
912 1909 1059 1947 prioratu
1090 1919 1149 1940 suo

142 1961 261 1991 Sancte
279 1961 383 1990 Marie
400 1961 438 1990 de
455 1961 592 1991 Hei-feld
609 1961 710 1999 Regis
727 1961 766 1990 ad
783 1962 891 1999 ipsum
907 1962 1057 1992 abbatem
1074 1972 1149 2000 per-

140 2013 247 2043 tinere
267 2017 434 2049 noscatur,
450 2022 565 2052 nuper,
580 2014 693 2044 eodem
705 2018 853 2049 vacante,
868 2015 1069 2045 venerabilis
1086 2015 1148 2045 fra-

142 2070 192 2096 ter
207 2070 319 2096 noster
338 2089 357 2094 ..
375 2066 619 2096 Londoniensis
643 2067 834 2105 episcopus,
854 2067 889 2096 in
912 2067 1006 2106 cujus
1025 2067 1149 2097 diocesi

141 2118 307 2156 prioratus
336 2118 405 2156 ipse
437 2119 605 2154 consistit,
635 2122 768 2149 secutus
797 2119 1000 2149 voluntatem
1027 2120 1149 2150 nobilis

143 2171 209 2200 viri
226 2194 244 2200 ..
266 2171 397 2201 comitis
413 2171 556 2207 Oxonie,
577 2172 635 2210 qui
648 2172 702 2210 jus
718 2176 912 2210 patronatus
932 2172 1030 2203 habet
1046 2173 1081 2202 in
1099 2182 1146 2209 eo,

144 2223 310 2262 quendam
339 2224 539 2254 monachum
568 2225 772 2254 forinsecum
800 2225 835 2254 in
871 2226 1014 2263 priorem
1046 2227 1150 2264 recipi

143 2275 313 2305 mandavit
337 2276 478 2312 ibidem,
505 2277 540 2306 in
566 2277 746 2307 monachos
770 2277 876 2315 ipsius
899 2277 971 2314 loci,
999 2278 1150 2309 nolentes

142 2328 334 2367 hujusmodi
346 2338 460 2367 parere
472 2330 638 2366 mandato,
651 2330 737 2360 sicut
749 2339 808 2361 nec
825 2331 925 2360 etiam
940 2331 1148 2368 tenebantur,

143 2381 304 2419 denegata
320 2381 402 2420 ipsis
420 2382 600 2418 audientia,
618 2392 769 2421 supereo
786 2384 872 2422 quod
885 2384 939 2423 jus
951 2384 1150 2414 instituendi

142 2433 287 2472 priorem
308 2434 341 2462 in
361 2434 475 2464 eodem
495 2435 643 2473 prioratu
661 2435 701 2464 ad
726 2436 849 2465 dietum
871 2436 1023 2471 abbatem
1047 2437 1150 2475 perti-

142 2494 222 2516 nere
248 2485 412 2521 dicebant,
439 2487 791 2518 excommunicationis
815 2489 1016 2519 sententiam
1040 2490 1150 2527 profe-

142 2538 265 2574 rendo;
287 2543 420 2578 propter
439 2539 526 2578 quod
542 2540 631 2570 idem
648 2540 766 2576 abbas,
785 2550 850 2571 non
868 2542 939 2572 sine
955 2542 1085 2580 magnis
1101 2542 1150 2571 la-

142 2589 280 2621 boribus
311 2595 342 2621 et
378 2592 531 2630 expensis
562 2592 602 2622 ad
634 2593 837 2631 presentiam
870 2594 941 2633 ejus
972 2595 1148 2630 accedens,

143 2643 286 2674 relaxari
305 2644 506 2674 sententiam
522 2644 628 2683 ipsam
645 2649 676 2675 et
692 2646 837 2676 amoveri
854 2647 970 2676 exinde
986 2647 1152 2685 prefatum

144 2697 313 2728 intrusum
329 2698 502 2729 humiliter
518 2699 707 2738 postulavit,
726 2701 901 2739 presertim
917 2710 990 2731 cum
1005 2701 1039 2731 in
1056 2702 1152 2732 bonis

179 2828 199 2852 1.
221 2828 263 2853 On
278 2829 323 2858 lit,
340 2836 374 2853 en
389 2830 466 2860 effct,
484 2830 551 2853 dans
567 2830 593 2853 la
607 2830 687 2854 lettre
703 2831 769 2854 dont
785 2831 916 2862 l'analysc
932 2839 961 2855 sc
978 2835 1074 2856 trouve
1091 2832 1153 2862 plus

146 2872 227 2900 haut,
247 2880 313 2897 sous
332 2873 357 2897 le
378 2874 492 2898 numero
513 2874 574 2899 3000
594 2881 599 2898 :
622 2882 635 2897 «
706 2875 868 2899 decanatum
885 2877 987 2906 capelle
1004 2876 1088 2899 Ducis
1105 2876 1153 2900 Di-

146 2916 302 2946 1110000513,
323 2917 356 2940 ad
378 2924 428 2941 nos
448 2918 605 2942 immediate
625 2919 777 2949 spectantis
838 2928 864 2946 n,
885 2927 914 2943 ce
931 2921 976 2950 qui
994 2923 1034 2944 est
1051 2921 1113 2943 bien
1129 2921 1153 2943 le

147 2959 234 2983 meme
249 2967 322 2990 sens,
337 2961 361 2984 si
377 2968 408 2985 ce
422 2968 456 2985 ne
472 2965 535 2985 sont
551 2963 590 2986 les
607 2963 707 2987 me'mes
724 2965 833 2987 termes.

271 3010 455 3042 onnoomn
473 3019 524 3047 ix,
542 3023 561 3043 t.
580 3020 616 3043 11.

1223 377 1390 416 prioratus
1412 379 1560 418 ejusdem
1578 380 1720 418 cepisset
1741 380 1885 417 graviter
1908 381 2100 419 debachari,
2126 394 2162 414 ca
2182 389 2230 414 te-

1223 439 1312 459 mere
1329 430 1553 461 distrahendo¹
1578 433 1616 462 Et
1633 433 1711 471 quia
1728 432 1835 463 dictus
1854 434 2027 473 episcopus
2045 436 2103 466 hec
2120 438 2228 467 facere

1224 482 1409 520 denegavit,
1428 492 1464 513 ae
1480 484 1655 521 procedere
1677 494 1775 522 super
1797 495 1834 515 01)
1853 487 1938 524 quod
1956 488 2103 525 prefatus
2119 498 2228 519 comes

1224 535 1382 572 quosdam
1411 535 1512 565 laicos
1538 540 1681 565 armatos
1713 537 1859 575 ejusdem
1890 539 2055 576 prioratus
2081 541 2229 571 custodie

1225 587 1407 625 deputarat,
1434 589 1491 626 qui
1514 597 1571 617 nec
1596 589 1703 627 ipsum
1726 589 1804 619 illue
1831 591 1984 622 aecem-re
2009 602 2067 623 000
2091 594 2129 622 ad
2154 603 2228 623 01101

1225 640 1313 670 exire
1331 641 1509 671 monachos
1528 642 1749 679 permittebat,
1768 643 1807 671 ad
1825 648 1970 673 nostram
1987 646 2075 675 duxit
2095 647 2229 676 audien-

1225 693 1304 721 tiam
1325 693 1567 731 appellandum.
1587 695 1650 723 Sed
1666 695 1838 734 episcopus
1857 701 1884 726 01
1903 706 2011 728 comcs
2028 700 2158 736 prefati,
2177 709 2230 738 ap-

1226 745 1402 782 pellatione
1419 751 1615 784 contempta,
1634 747 1667 776 111
1682 748 1861 785 prioratum
1879 750 2018 779 0110110111
2035 752 2101 780 W..
2121 761 2232 782 mona-

1226 797 1324 827 chum
1347 799 1541 827 monasterii
1562 800 1673 829 Sancti
1695 800 1859 830 ‚Iohannis
1885 802 2096 838 Colocestric,
2123 804 2230 833 intru-

1227 853 1358 884 serunt;
1384 856 1514 888 propter
1536 851 1622 889 quod
1647 861 1682 881 ex
1707 857 1797 889 parte
1824 858 2004 883 conventus
2033 855 2138 893 ipsius
2167 856 2230 886 1001

1226 901 1290 930 suit
1314 901 1434 931 iterum
1461 902 1500 931 ad
1529 903 1645 933 Sedent
1674 904 1896 942 Apostoliczun
1928 907 2139 944 appellatum.
2167 908 2231 938 Sed

1227 954 1399 992 episcopus
1415 964 1469 984 eos
1486 955 1593 985 (1011111)
1611 960 1641 985 01
1658 958 1940 987 conununicantcs
1958 959 2082 989 eisdem
2100 960 2231 991 vinculo

1227 1007 1579 1036 excommunicationis
1601 1009 1769 1040 astrinxit.
1795 1014 1825 1038 ct
1848 1010 1934 1040 idem
1953 1012 2133 1041 monachus
2151 1022 2233 1051 pau-

1226 1058 1320 1088 latim
1344 1060 1531 1088 necessaria
1559 1060 1716 1090 universa
1740 1062 1901 1091 subtraxit
1925 1063 2064 1099 eisdem,
2092 1069 2132 1099 et,
2161 1065 2232 1095 the-

1228 1120 1326 1141 sauro
1344 1113 1382 1140 ae·
1399 1111 1494 1141 libris
1512 1112 1650 1143 ecclesie
1668 1114 1844 1152 asportatis
1862 1115 1977 1145 exinde
1996 1116 2166 1153 violenter,
2185 1118 2233 1147 sie

1228 1164 1354 1194 firmari
1370 1165 1447 1194 fecit
1466 1165 1614 1201 eandem,
1634 1166 1720 1204 quod
1743 1167 1783 1195 ad
1805 1177 1876 1197 eam
1899 1173 2080 1199 conventus
2103 1170 2233 1208 ingredi

1228 1226 1294 1246 non
1316 1217 1461 1252 valebam
1487 1218 1609 1256 quibus
1628 1218 1703 1249 licet
1728 1229 1784 1257 per
1805 1220 1931 1259 aliquot
1955 1222 2040 1252 dics.
2064 1223 2103 1252 ad
2120 1232 2233 1261 preces

1227 1270 1399 1309 cujusdam
1423 1271 1649 1301 archidiaconi
1677 1272 1798 1302 victus.
1825 1275 2012 1304 necessaria
2034 1276 2232 1313 prebuisset,

1228 1321 1266 1351 de
1283 1321 1438 1351 mandato
1456 1326 1563 1351 tamen
1581 1323 1736 1361 episcopi,
1752 1328 1786 1353 ut
1800 1324 1939 1355 dicebat.
1954 1327 2097 1365 precepit
2115 1328 2234 1357 minis-

1228 1374 1289 1403 tris
1306 1374 1375 1403 suis
1393 1378 1428 1403 ut
1445 1375 1507 1412 [ea]
1520 1375 1602 1413 ipsis
1620 1384 1684 1405 non
1702 1377 1787 1406 sicut
1804 1378 1986 1413 monacbis,
2002 1379 2059 1408 sed
2077 1383 2233 1418 tanquam

1228 1436 1401 1465 porcorum
1427 1427 1636 1457 custodibus.
1662 1429 1909 1464 ministrarent,
1933 1431 1993 1459 sub
2015 1431 2123 1461 debito
2141 1433 2234 1470 jura-

1228 1484 1339 1509 mento
1356 1480 1443 1509 cocis
1460 1480 1603 1509 inhibito
1626 1490 1665 1510 ne
1691 1481 1803 1518 ignem
1827 1482 1877 1512 vel
1900 1492 2018 1521 aquam
2041 1484 2235 1514 exhiberent

1230 1533 1365 1567 eisdem,
1387 1537 1417 1562 et
1434 1537 1558 1562 extorto
1575 1542 1593 1562 a
1612 1534 1770 1564 fratribus
1785 1534 1880 1565 laicis
1897 1540 1927 1565 et
1944 1537 2166 1567 servientibus
2180 1538 2235 1576 ju—

1229 1590 1388 1623 ramento,
1408 1590 1444 1615 ut
1460 1595 1533 1615 eum
1551 1586 1598 1615 eis
1616 1587 1903 1625 participationem
1927 1588 2072 1627 aliquam
2095 1598 2158 1619 non
2176 1590 2236 1619 ha-

1229 1639 1357 1673 berent,
1376 1644 1405 1668 et
1423 1644 1532 1677 preter
1552 1639 1783 1669 dormitorium
1803 1641 1912 1670 claudi
1934 1642 2010 1671 lecit
2034 1652 2148 1673 omnes
2167 1653 2236 1673 mo-

1231 1692 1369 1721 nasterii
1396 1692 1563 1727 officinasg
1591 1697 1722 1730 propter
1745 1694 1829 1731 quod
1853 1694 2027 1724 monachi.
2054 1695 2236 1733 prioratum

1230 1744 1458 1783 relinquentes
1478 1745 1634 1774 eundem.
1659 1745 1699 1775 ad
1720 1746 1844 1775 dictum
1867 1748 2106 1777 monasterium
2124 1748 2235 1778 Sancti

1231 1797 1411 1836 Melaniffl,
1430 1798 1517 1827 unde
1537 1797 1615 1827 illuc
1638 1799 1733 1827 missi
1753 1799 1901 1828 fuerant.
1925 1800 2106 1830 redierunt.
2129 1802 2236 1837 Quare

1231 1851 1311 1880 dicti
1327 1851 1475 1891 abbasct
1492 1855 1674 1881 conventus
1698 1852 1793 1881 nobis
1814 1852 1987 1882 humiliter
2009 1853 2237 1892 supplicarunt

1231 1908 1266 1932 ut
1282 1903 1454 1941 providere
1475 1903 1556 1941 ipsis
1574 1913 1672 1942 super
1694 1908 1783 1934 tanto
1803 1905 1992 1942 ¹gravamine
2016 1910 2151 1943 paterna
2171 1906 2237 1935 sol-

1230 1955 1405 1985 licitudine
1428 1956 1641 1993 dignaremur
1659 1974 1707 1984 —.
1731 1957 1926 1987 Mandamus
1944 1962 2107 1995 quatenus
2128 1976 2165 1978 —
2182 1968 2236 1987 au-

1232 2008 1330 2037 diatis
1354 2017 1488 2037 causam
1515 2025 1568 2036 —-.
1600 2008 1747 2046 alioquin
1776 2009 1881 2047 ipsam
1909 2009 1949 2038 ad
1975 2018 2033 2039 nos
2059 2010 2236 2039 remittatis

1232 2060 1435 2090 sufficienter
1451 2061 1647 2090 instructam
1664 2079 1712 2089 —.
1731 2062 1804 2090 Dat.
1824 2062 1982 2097 Viterbii,
2000 2062 2062 2092 XV
2078 2062 2236 2092 kalendas

1232 2113 1323 2148 maii,
1343 2122 1428 2142 anno
1445 2113 1581 2143 decimo.
1606 2125 1618 2138 n

1302 2317 1416 2345 3091
1795 2317 1928 2351 Viterbe,
1946 2319 1979 2345 18
1995 2319 2071 2346 avril
2087 2319 2166 2346 1236.

1265 2379 1376 2406 Abbati
1397 2379 1582 2406 Arroasiensi
1604 2379 1725 2406 mandat
1735 2381 1900 2413 quatenus,
1919 2395 1950 2398 —
1965 2389 2047 2413 cnm,
2064 2381 2166 2407 ordine
2181 2382 2239 2408 Ar-

1231 2427 1372 2454 roasiensi
1385 2430 1466 2454 tanto
1478 2428 1662 2461 contemptui
1674 2428 1841 2461 commisso,
1852 2428 1927 2462 quod
1939 2429 2016 2463 apud
2028 2429 2095 2455 illos
2107 2429 2157 2462 qui
2171 2438 2238 2456 eum

1231 2476 1458 2510 profitebantur,
1481 2476 1564 2510 quasi
1588 2477 1671 2503 nulla
1691 2476 1843 2510 religionis
1865 2477 1990 2510 vestigia
2011 2478 2236 2511 remansissent,

1231 2524 1289 2559 ipsi
1305 2524 1405 2551 abbati
1422 2528 1450 2551 et
1468 2524 1616 2551 universis
1633 2524 1823 2552 coabbatibus
1840 2525 1932 2558 ipsius
1953 2525 2065 2551 ordinis
2086 2534 2161 2560 papa
2176 2526 2238 2560 ipse

1232 2573 1434 2600 mandavisset
1450 2575 1496 2605 ut,
1519 2573 1681 2599 seeundum
1707 2573 1839 2607 ejusdem
1860 2573 1972 2599 ordinis
1997 2573 2151 2608 antiquam
2169 2582 2239 2600 con-

1231 2621 1430 2654 suetudinem,
1446 2621 1588 2648 tacientes
1604 2622 1739 2655 generale
1753 2621 1917 2655 capitulum
1932 2620 2084 2654 celebrari,
2097 2630 2170 2655 quae
2187 2630 2238 2655 pro

1231 2669 1440 2696 reformatione
1454 2669 1566 2695 ordinis
1582 2672 1610 2695 et
1626 2668 1813 2695 observantia
1825 2668 1951 2701 regulari
1968 2671 2167 2695 statuerentur
2183 2669 2238 2696 ibi<

1232 2718 1311 2750 dem,
1328 2718 1386 2752 ipsi
1401 2718 1590 2745 observarent
1606 2720 1634 2743 et
1653 2718 1781 2743 tacerent
1797 2716 1960 2743 observari.
1983 2716 2117 2749 injuncto
2134 2716 2237 2743 Sancti

1232 2766 1344 2799 Jacobi,
1361 2766 1473 2793 ordinis
1490 2765 1743 2796 Praedicatorum,
1760 2767 1788 2791 et
1804 2765 1930 2791 Sanctae
1946 2764 2099 2791 Catelinae
2115 2772 2164 2790 seu
2180 2764 2238 2792 Ca-

1234 2815 1383 2848 therinae,
1407 2815 1519 2841 ordinis
1541 2814 1576 2841 de
1592 2814 1679 2840 Valle
1701 2812 1899 2841 Seliolarium.
1922 2812 2082 2846 prioribus,
2106 2815 2133 2838 et
2153 2813 2236 2838 tratri

1233 2864 1377 2897 Johauni,
1404 2863 1544 2890 canonico
1571 2862 1672 2889 Sancti
1697 2861 1826 2888 Victoris
1854 2858 2111 2894 ParisieutsibuSJ.
2134 2864 2179 2892 ut,
2201 2861 2237 2887 ad

1235 2912 1366 2946 primum
1383 2913 1549 2946 capitulum
1569 2910 1763 2945 personaliter
1783 2909 1964 2936 accedentes.
1985 2908 2095 2935 ibidem
2113 2909 2239 2941 corrige-

1235 2963 1301 2987 rent
1317 2963 1345 2987 et
1361 2962 1552 2987 reformarent
1571 2959 1739 2991 corrigenda
1755 2962 1781 2984 ct
1799 2957 2001 2988 retoriiiairla;
2020 2966 2085 2983 eum
2102 2965 2170 2983 vero
2181 2960 2238 2984 sta-

2086 3017 2115 3040 ‘23
