2519 3518
146 305 222 336 1185
989 295 1212 334 Douzinnss
1236 296 1394 332 ANNEE.
2168 307 2243 337 1185

143 371 377 410 spiritualibus
394 381 452 403 seu
469 372 508 402 de
521 371 757 411 temporalibus
772 371 970 410 respondere
983 381 988 407 ;
1003 371 1151 409 injuncto

145 424 206 454 tibi
229 433 286 463 per
302 424 384 455 alias
402 429 532 456 nostras
552 424 692 460 litteras,
716 425 745 455 si
767 424 851 455 bene
867 423 1092 457 meminimus,
1117 426 1152 452 ut

145 477 305 515 quicquid
325 481 439 507 contra
460 477 718 516 prohibitionem
738 481 895 512 nostram,
915 480 988 515 post
1008 474 1152 514 appella-

146 529 270 560 tionem
286 529 491 569 hujusmodi,
510 529 549 559 ab
570 529 682 568 aliqua
697 530 841 568 partium
858 529 959 559 fuerit
979 531 1152 566 attempta-

147 586 227 618 tum,
242 582 276 612 in
291 587 412 612 statum
428 583 605 622 pristinum
626 591 808 617 revocares,
833 585 1078 621 presumptor-es
1094 589 1152 610 seu

146 635 405 665 contradictores
434 635 600 674 quoslibet
634 635 685 665 vel
715 635 856 665 rebelles
892 643 949 673 per
977 642 1151 664 censuram

146 687 418 723 ecclesiasticam,
445 688 665 726 appellatione
687 688 878 726 postposita,
904 686 1151 725 compescendo.

147 740 211 775 Sed
229 741 316 779 quia,
332 741 418 771 sicut
431 741 629 779 accepimus,
644 740 690 780 [..]
703 741 889 779 prepositus
902 740 1080 779 Aquensis,
1096 739 1153 778 qui

147 801 165 822 a
188 793 387 832 quibusdam
401 794 439 824 de
462 794 605 832 capitulo
622 794 746 824 electus
762 794 934 828 asseritur,
952 793 992 823 ab
1011 816 1030 822 ..
1050 792 1152 823 electo

147 845 349 882 Coloniensi,
373 846 516 876 nondum
539 846 743 881 confirmato,
763 856 884 876 munus
901 846 965 877 sibi
981 846 1060 875 fecit
1075 854 1153 875 con-

149 897 348 929 firmationis
380 899 543 937 impendi,
575 899 776 930 fraternitati
804 903 856 930 tue
889 908 946 937 per
975 898 1154 937 apostolica

148 951 270 989 scripta
292 951 487 981 mandamus
510 956 686 990 quatenus,
706 952 854 990 ejusdem
870 951 1080 982 Coloniensis
1103 950 1153 980 vel

147 1003 372 1041 delegatorum
389 1004 429 1034 ab
452 1014 489 1034 eo
513 1014 577 1034 non
599 1005 750 1035 obstante
772 1013 939 1043 processu,
965 1004 998 1033 in
1023 1003 1154 1041 negotio

148 1056 209 1086 tihi
231 1057 407 1087 commisso
426 1058 606 1096 procedens
629 1058 721 1097 juxta
744 1058 891 1096 priorum
915 1056 1153 1087 continentiam

145 1109 345 1145 litterarum,
363 1111 494 1141 eosdem
511 1111 650 1145 nobiles,
669 1110 918 1145 ministeriales,
939 1109 1154 1139 communita-

149 1166 196 1192 tes
215 1171 251 1192 ac
267 1162 380 1193 fideles
398 1172 533 1193 moneas
553 1163 713 1193 attentius
732 1167 763 1193 et
783 1162 933 1197 inducas,
960 1166 1001 1196 et,
1023 1162 1051 1191 si
1073 1171 1154 1200 opus

147 1215 259 1250 fuerit,
278 1215 504 1246 ecelesiastica
514 1225 655 1246 censura
670 1215 847 1254 compellas
859 1215 899 1245 ad
911 1214 1154 1245 defendendum

147 1267 299 1298 homines
319 1272 349 1298 et
365 1268 478 1298 fideles
495 1268 601 1306 ipsius
618 1268 768 1303 ecclesie,
787 1268 844 1307 qui
864 1268 1063 1298 sententiam
1083 1276 1155 1297 nos-

148 1324 243 1355 tram,
263 1321 356 1359 juxta
378 1325 522 1351 tenorem
547 1320 695 1350 mandati
721 1320 826 1350 nostri
843 1320 882 1350 ad
901 1325 930 1350 te
946 1320 1075 1354 directi,
1099 1328 1155 1349 vo-

146 1371 272 1402 luerint
293 1377 480 1411 expectare;
501 1373 713 1411 juramentis,
732 1373 761 1402 si
777 1382 843 1411 qua
859 1381 957 1410 super
973 1371 1034 1401 hoc.
1051 1372 1091 1401 ab
1108 1372 1156 1402 eis

148 1434 204 1463 per
221 1425 412 1455 alterutram
432 1425 574 1463 partium
599 1429 676 1455 sunt
696 1429 822 1455 extorta
845 1429 959 1454 contra
980 1424 1156 1454 inhibitio-

148 1487 221 1508 nem
240 1483 397 1514 nostram,
415 1478 521 1508 irritis
539 1478 715 1508 nuntiatis.
732 1479 806 1508 Dat.
825 1478 994 1514 Laterani,
1015 1479 1060 1508 VI
1081 1477 1155 1507 idus

146 1531 341 1568 decembris,
363 1540 449 1561 anno
467 1531 673 1561 duodecimo.
694 1543 706 1558 ›>

217 1697 335 1724 4643

182 1759 413 1793 Archiepiscopo
436 1758 577 1786 Remensi
601 1761 629 1785 et
654 1759 788 1792 episcopo
810 1759 1027 1791 Cameracensi,
1052 1759 1158 1793 quibus

147 1801 297 1841 negotium
328 1807 481 1834 electionis
506 1807 535 1833 in
560 1807 716 1834 Leodiensi
739 1807 864 1834 ecclesia
884 1807 937 1834 sub
963 1812 1042 1834 certa
1065 1809 1159 1835 forma

147 1856 348 1889 commiserat,
363 1856 398 1882 de
416 1856 516 1882 eadem
535 1864 565 1882 re
581 1855 685 1882 scribit
698 1858 726 1882 et
746 1856 867 1882 mandat
881 1859 1036 1890 quatenus,
1050 1871 1085 1874 —
1101 1865 1156 1883 non

147 1905 283 1932 obstante
297 1913 432 1939 processu
448 1905 534 1931 electi
552 1904 747 1937 Coloniensi-s,
763 1905 893 1931 nondum
915 1905 1092 1937 confirmati,
1108 1906 1157 1939 qui

148 1953 313 1988 praeposito
336 1953 480 1987 Aquensi,
502 1961 519 1979 a
544 1953 719 1987 quibusdam
742 1953 777 1979 de
798 1953 928 1986 capitulo
950 1953 1104 1979 Leodiensi
1127 1954 1157 1979 in

148 2002 319 2036 episcopum
336 2001 528 2028 Leodiensem
548 2002 650 2032 electo,
670 2002 778 2027 fecerat
797 2009 904 2027 munus
925 2002 1158 2028 confirmationis

148 2050 296 2084 impendi,
315 2064 345 2067 ——
362 2049 398 2076 ad
413 2049 567 2076 ecclesiam
593 2049 796 2081 Leodiensem,
814 2050 861 2075 vel
885 2050 919 2076 ad
939 2051 1034 2076 locum
1053 2051 1157 2081 alium,

148 2099 185 2125 ad
200 2107 285 2132 quem
305 2101 401 2132 partes
416 2106 515 2125 secure
530 2098 631 2124 venire
647 2099 792 2130 valerent,
810 2099 1003 2132 personaliter
1016 2099 1159 2125 acceden-

150 2151 203 2180 tes,
216 2148 246 2174 in
260 2147 416 2174 commisso
428 2147 483 2173 sibi
496 2147 621 2180 negotio,
634 2147 751 2173 etiamsi
763 2148 906 2174 alterutra
917 2148 1058 2181 partium,
1069 2148 1160 2174 citata

150 2196 294 2229 legitime,
307 2196 342 2222 ad
356 2196 485 2230 ipsorum
503 2195 700 2229 praesentiam
718 2195 854 2221 accedere
867 2197 1039 2229 neglexerit,
1051 2197 1086 2222 de
1097 2197 1159 2230 pla-

150 2254 196 2274 no,
217 2245 302 2278 juxta
316 2244 445 2278 priorum
463 2244 499 2271 ad
516 2244 593 2278 ipsos
609 2244 788 2270 directarum
805 2245 1021 2271 continentiam
1045 2245 1160 2272 littera-

149 2302 226 2326 rum,
245 2293 413 2327 procedant.
430 2308 464 2310 —
485 2293 571 2324 (Rae.
594 2292 637 2325 19,
659 2293 679 2318 t'.
701 2292 734 2319 62
756 2295 798 2324 r⁰;
819 2301 889 2319 ann.
912 2293 978 2325 XII,
1001 2302 1024 2320 e.
1043 2293 1110 2325 331;
1128 2308 1159 2312 —

148 2342 283 2369 Momm
297 2342 376 2374 1192,
392 2343 411 2368 f.
426 2342 500 2373 228.)

666 1697 787 1730 Latran,
804 1697 819 1724 8
835 1697 989 1724 decembre
1005 1697 1084 1723 1238.

194 2456 206 2470 «
238 2467 257 2472 ..
283 2444 508 2480 archiepiscopo
531 2443 667 2471 Remensi
693 2447 718 2471 ct
744 2465 762 2470 ..
785 2443 917 2480 episcopo
939 2443 1158 2472 Camcracensi.

149 2496 233 2528 Cum
250 2495 420 2533 negotium
438 2495 610 2525 electionis
628 2512 675 2523 —.
694 2495 768 2524 Dat.
785 2498 944 2533 utsupra.
965 2507 977 2521 n

186 2724 323 2755 Sibillae,
341 2722 479 2748 dominae
500 2721 578 2748 Belli
593 2721 665 2752 Joci,
684 2721 800 2748 viduae.
818 2721 965 2754 significat
980 2731 1019 2751 se,
1035 2738 1066 2740 —
1081 2732 1159 2754 cum,

149 2772 327 2803 flamberto,
344 2771 464 2797 domiuo
487 2769 564 2796 Belli
581 2769 653 2801 Joci,
671 2769 801 2802 ejusdcm
819 2770 956 2796 dominae
974 2771 1044 2803 filio,
1062 2780 1161 2797 cruce-

654 2660 775 2692 Latrau,
791 2660 826 2686 1⁴*r
839 2660 993 2687 decembre
1009 2661 1087 2688 1233.

149 2822 275 2855 signato,
294 2828 306 2846 <‹
329 2821 357 2847 in
380 2819 499 2853 imperii
524 2818 848 2851 Constantinopolitani
869 2819 1034 2845 subsidium
1061 2828 1162 2853 proce-

150 2877 164 2895 1)
185 2870 273 2896 deute
290 2877 314 2901 ›)‚
335 2877 391 2894 11011
409 2870 483 2893 esset
502 2866 551 2900 qui
569 2866 663 2893 eidem
682 2866 819 2892 dominae
835 2874 848 2891 (t
864 2867 1000 2893 tuitionis
1020 2871 1162 2901 oportune

151 2926 164 2943 1)
186 2917 350 2944 subsidium
373 2924 387 2942 ))
409 2916 575 2949 largiretur,
598 2930 630 2933 —-
652 2924 817 2949 personam,
836 2916 982 2942 familiam
1004 2919 1031 2943 et
1053 2920 1160 2944 terram

150 2967 224 3000 ejus,
241 2974 307 2992 oum
324 2965 461 2991 omnibus
478 2964 572 2995 bonis,
598 2963 651 2991 sub
674 2963 751 2990 beati
772 2964 853 2991 Petri
870 2967 898 2991 et
914 2973 965 2990 sua
981 2965 1163 2998 protectione

275 3018 461 3049 onnoomn
480 3025 530 3053 ix,
550 3028 567 3049 t.
589 3024 622 3047 11.

1233 369 1390 403 suscipere.
1409 385 1440 388 —
1455 370 1541 402 (Rea.
1556 370 1600 403 19,
1618 371 1637 397 f.
1653 370 1686 397 62
1700 373 1738 403 r⁰;
1753 380 1822 398 ann.
1836 372 1903 405 X11,
1918 381 1942 399 c.
1958 373 2025 405 332;
2043 388 2074 392 —
2091 375 2128 400 cf.
2143 381 2240 407 supra,

1234 425 1262 443 n.
1280 417 1348 444 4219
1364 420 1392 444 ct
1408 418 1583 449 4631-4633.)

1276 530 1288 544 (ι
1306 518 1405 547 Nobili
1424 520 1551 548 mulieri
1570 520 1690 554 sibine,
1712 520 1831 548 domine
1850 521 1923 549 Belli
1941 522 2015 556 Joci,
2040 522 2141 551 vidue.
2161 523 2242 553 Pro-

1234 576 1381 600 merente
1403 575 1455 601 tue
1480 571 1623 609 puritate
1646 589 1695 602 —-.
1719 573 1791 602 Dat.
1819 573 1985 609 Laterani,
2008 574 2160 606 kalendis
2183 576 2240 606 de—

1235 623 1385 660 00100115,
1404 632 1490 654 anno
1505 624 1708 655 duodecimo.
1729 636 1741 651 r,

1306 787 1423 815 4845

1272 849 1367 875 Priori
1386 849 1488 876 Sancti
1510 850 1591 876 Petri
1608 850 1836 877 Matisconensis
1854 852 1889 878 de
1905 852 2005 878 cadem
2027 853 2148 879 (lomina
2163 854 2240 880 Belli

1236 897 1295 924 Joci
1314 897 1418 923 iisdem
1437 899 1495 924 iere
1510 899 1608 925 verbis
1624 899 1737 931 scribit,
1753 900 1836 933 eique
1848 901 1968 927 mandat
1980 903 2134 934 quatenus,
2149 902 2241 928 donec

1237 945 1272 972 de
1295 946 1438 979 praedicti
1464 946 1634 979 Humberti,
1661 948 1715 974 filii
1741 948 1871 981 ejusdem
1898 949 2046 981 dominae,
2072 950 2168 976 reditu
2193 951 2241 976 vel

1236 994 1317 1021 obitu
1334 995 1498 1021 certissime
1514 1000 1714 1029 cognoscatur,
1727 1005 1782 1022 non
1797 998 1952 1030 permittat
1966 998 2048 1024 illam
2064 1002 2163 1025 contra
2180 1007 2243 1033 pro-

1238 1043 1374 1069 tectionis
1390 1044 1567 1077 apostolieae
1590 1048 1719 1071 tenorem
1745 1046 1905 1072 molestari.
1920 1061 1950 1064 —
1963 1047 2048 1077 (Rae.
2063 1047 2106 1079 19,
2120 1048 2139 1073 f.
2157 1048 2189 1073 62
2203 1050 2242 1080 r⁰;

1237 1099 1307 1118 ann.
1325 1092 1392 1124 XII,
1410 1100 1434 1118 c.
1452 1092 1526 1123 333.)

1737 790 1856 822 Latran,
1873 791 1908 817 1'r
1920 791 2073 818 decembre
2090 792 2167 819 1238.

1243 1214 1246 1215 γ
1280 1203 1293 1218 «
1323 1215 1342 1220 ..
1364 1193 1466 1230 priori
1491 1193 1597 1221 Sancti
1622 1193 1705 1221 Petri
1728 1194 1964 1223 Matisconensis.
1991 1195 2139 1224 Puritate
2169 1195 2245 1225 fidei

1240 1243 1358 1275 dilecte
1374 1262 1422 1274 --.
1442 1246 1514 1275 Dat.
1533 1249 1567 1274 ut
1584 1254 1722 1283 supra.»

1309 1409 1428 1437 464ss

1275 1472 1383 1505 Majori
1400 1472 1608 1499 archidiacono
1626 1473 1792 1499 Redonensi
1811 1474 1932 1500 mandat
1949 1477 2091 1507 quatenus
2112 1474 2248 1501 Andreae

1240 1515 1275 1546 de
1291 1520 1425 1547 Viti-iaco
1441 1522 1486 1552 (z
1501 1521 1608 1551 Vitre),
1634 1530 1684 1555 pro
1700 1522 1867 1555 juramento
1882 1522 2037 1548 temerario
2058 1522 2197 1556 praestito
2213 1523 2248 1549 de

1242 1569 1432 1595 matrimonio
1455 1570 1655 1596 contrahendo
1678 1570 1755 1597 inter
1779 1571 1964 1605 philippam,
1992 1571 2084 1605 ipsius
2113 1571 2249 1598 Andreae

1242 1618 1346 1650 filiam,
1359 1620 1387 1644 et
1398 1617 1601 1651 XVillelmum,
1616 1618 1708 1645 filium
1726 1619 1863 1646 Gaui'ridi
1877 1620 1912 1645 de
1924 1620 2123 1650 Ρ(»0110010(Ξ
2135 1620 2249 1646 Pouan-

1241 1667 1296 1697 ce),
1313 1666 1426 1692 domini
1450 1666 1485 1693 de
1507 1666 1651 1693 Guirchia
1667 1669 1712 1699 (z
1736 1668 1778 1694 La
1801 1668 2174 1701 Guerche-de-Bretagne)‚
2199 1668 2248 1702 qui

1241 1715 1417 1742 XVillelmus
1430 1719 1530 1749 postea
1550 1715 1700 1742 Minorum
1719 1717 1852 1743 ordinem
1877 1720 1939 1743 erat
1960 1717 2117 1750 ingresst1S,
2144 1717 2249 1751 paeni-

1242 1764 1366 1791 tentiam
1395 1764 1540 1798 imponat,
1564 1764 1648 1797 eique
1675 1765 1814 1791 concedat
1836 1768 1867 1791 ut
1888 1766 2049 1799 praefatam
2074 1766 2245 1799 Pliilippam

1241 1813 1331 1839 alicui
1349 1813 1398 1846 qui
1422 1812 1557 1839 eumdem
1575 1813 1751 1839 Gaufridum
1775 1822 1830 1839 nou
1848 1814 1986 1847 attingat,
2002 1814 2030 1840 in
2047 1822 2164 1840 uxorem
2181 1814 2249 1840 dare

1241 1862 1350 1888 valeat.
1368 1876 1398 1879 —
1414 1862 1501 1891 (nm.
1519 1861 1562 1893 19,
1578 1862 1598 1887 t.
1616 1861 1649 1887 62
1664 1864 1708 1893 v“;
1729 1869 1799 1888 ann.
1818 1862 1885 1893 xli,
1907 1871 1931 1888 c.
1954 1862 2021 1891 334:
2039 1877 2071 1880 —
2093 1863 2250 1889 POT‘rnAsT

1241 1909 1351 1941 10681.)

1741 1411 1862 1444 Latran,
1879 1412 1912 1438 15
1927 1411 2081 1438 decembre
2097 1412 2175 1439 1238.

1284 2023 1296 2037 «
1327 2034 1346 2039 ..
1371 2012 1484 2048 majori
1503 2012 1719 2040 archidiacono
1739 2012 1913 2041 Iledouensi,
1933 2012 1998 2041 Sua
2015 2011 2110 2041 nobis
2127 2011 2249 2041 nobilis

1242 2064 1292 2093 vir
1317 2064 1466 2093 Andreas
1497 2064 1535 2094 de
1560 2064 1707 2094 Vitriaco
1734 2065 1894 2102 petitione
1924 2064 2120 2094 monstravit
2151 2064 2247 2102 quod,

1242 2125 1316 2146 eum
1335 2116 1413 2145 olim
1437 2117 1507 2154 ipse
1527 2117 1725 2155 Philippam,
1745 2117 1846 2146 liliam
1869 2126 1960 2146 suam
1982 2117 2248 2154 primogenitam,

1244 2169 1388 2198 nondum
1413 2174 1617 2207 septennem,
1635 2170 1817 2200 XVillelmo.
1837 2170 1904 2199 filio
1924 2170 2045 2199 nobilis
2066 2170 2127 2199 viri
2148 2170 2250 2209 G[au-

1243 2221 1333 2260 tridt]
1358 2222 1396 2251 de
1417 2223 1589 2257 Poeneeio,
1609 2223 1733 2252 domini
1757 2223 1795 2252 de
1819 2222 1991 2257 Guirchia,
2016 2221 2249 2260 Redonen[sis]

1243 2274 1396 2309 diocesis,
1411 2275 1499 2304 infra
1516 2274 1713 2304 decennium
1728 2275 1894 2308 existenti,
1908 2275 1941 2304 in
1955 2284 2087 2305 uxorem
2101 2275 2177 2305 dare
2192 2275 2250 2312 sic,

1242 2328 1381 2365 prestito
1395 2328 1593 2366 juramento,
1616 2329 1817 2366 promiserit.
1836 2328 1922 2367 quod
1936 2337 2008 2358 cum
2026 2328 2129 2358 altero
2146 2329 2251 2366 ipsius

1244 2380 1367 2409 nobilis
1386 2380 1455 2410 filio
1478 2381 1698 2415 contraheret,
1723 2381 1870 2419 ipsorum
1890 2381 1992 2411 altero
2010 2389 2074 2410 non
2092 2380 2251 2418 completo

1244 2433 1455 2463 matrimonio
1468 2434 1656 2468 decedente,
1675 2443 1711 2463 ac
1729 2434 1773 2463 ita
1788 2443 1844 2471 per
1860 2442 2066 2472 consequens
2083 2433 2120 2462 de
2137 2433 2205 2462 filio
2217 2433 2250 2461 in

1245 2485 1361 2517 filium,
1383 2485 1540 2524 quamdiu
1560 2486 1720 2520 viverent,
1746 2486 1931 2515 successive
1954 2486 2056 2515 fieret.
2078 2485 2252 2514 dummodo

1244 2538 1277 2567 id
1288 2538 1435 2568 Ecclesia
1448 2538 1610 2574 toleraret,
1625 2543 1719 2576 prout
1732 2539 1764 2567 in
1778 2539 1898 2568 litteris
1912 2547 2009 2576 super
2022 2538 2080 2567 hoc
2093 2538 2251 2567 confectis

1244 2591 1366 2621 dicitur
1386 2591 1517 2629 plenius
1543 2592 1706 2621 contineri
1734 2602 1739 2620 :
1762 2592 1893 2621 tandein
1920 2592 2026 2620 dictus
2047 2590 2249 2620 Wittetmus.

1245 2644 1297 2673 cui
1315 2644 1490 2682 promissio
1510 2644 1547 2673 de
1572 2645 1791 2682 primogenita
1817 2644 1886 2673 lilia
1913 2644 2087 2673 [ευ-1011111.
2112 2644 2250 2671 fratrum

1246 2696 1412 2725 Minorum
1443 2697 1591 2726 ordinem
1622 2701 1669 2726 est
1701 2698 1879 2735 professus.
1910 2705 2073 2725 consensu
2103 2695 2251 2731 legitimo

1244 2749 1332 2779 inter
1349 2758 1403 2779 eos
1420 2749 1524 2779 adhuc
1543 2750 1678 2779 minime
1697 2749 1884 2778 subsecuto.
1904 2750 2010 2785 Quare
2033 2749 2138 2777 dictus
2157 2747 2251 2776 nobi-

1245 2801 1287 2831 tis
1311 2802 1406 2832 nohis
1429 2802 1601 2831 humiliter
1631 2802 1825 2839 supplicavit
1857 2806 1889 2830 ut
1922 2801 1951 2830 ei
1977 2801 2062 2839 quod
2090 2800 2250 2837 prefatam

1247 2854 1433 2892 Philippam
1456 2854 1555 2883 alicui
1577 2855 1633 2892 qui
1653 2855 1775 2883 dictum
1798 2853 2019 2892 G[ausridum]
2040 2852 2150 2890 aliqua
2174 2861 2251 2881 con-

1247 2907 1485 2944 sanguinitatis
1510 2906 1597 2936 linea
1626 2916 1690 2936 non
1719 2907 1868 2943 attingat.
1898 2905 2050 2943 copulare
2080 2905 2251 2934 matrimo-

1249 2960 1383 2989 nialiter
1407 2960 1522 2994 valeat,
1544 2959 1713 2989 licentiam
1737 2959 1912 2989 concedere
1937 2966 2140 2987 curaremus.
2165 2958 2252 2993 Quo-

2101 3023 2131 3046 75
