2423 3487
223 278 278 308 139
943 270 1180 302 REGISTRES
1202 268 1257 298 DE
1280 259 1501 297 GREGOIRE
1524 268 1583 297 lx.
2254 264 2311 294 140

221 342 279 380 qui
295 340 625 371 amministrationem
648 340 807 368 bonorum
830 338 1056 377 temporalium
1071 333 1220 375 jamdicti

222 393 415 423 monasterii
427 401 539 429 gerere
551 391 778 425 dinoscuntur,
794 396 827 419 ut
844 390 1031 427 Angelerio,
1046 387 1218 421 Massario,

221 444 343 475 Jacobo
360 443 458 477 Petri,
476 443 619 473 Guidoni
636 442 863 480 Cazacont[ri],
886 441 1081 474 Goncberio,
1101 439 1221 469 Frede-

222 497 300 531 rico,
319 496 465 525 Rolando
482 504 659 533 corumque
679 495 788 529 sociis,
810 494 1046 524 mercatoribus
1063 491 1221 522 Senensi-

222 549 297 579 bus.
317 548 373 586 qui
396 547 532 585 prefatis
554 546 725 576 monachis
742 551 771 576 et
793 546 995 584 procuratori
1011 546 1131 574 dictam
1148 553 1221 573 mu-

222 604 355 630 tuarunt
376 599 513 637 pecunie
539 600 774 637 quantitatem,
793 600 827 628 in
846 599 986 629 termino
1003 608 1020 627 a
1041 600 1220 626 memorato

221 652 380 682 cardinali
397 652 517 689 prefixo
535 652 742 681 satisfaciant
758 652 796 681 de
812 651 936 685 eadem,
954 650 1135 680 monitione
1152 658 1220 686 pre-

221 704 334 738 missa,
347 714 404 742 per
416 704 614 733 sententiam
628 703 988 738 excommunicationis,
1001 701 1220 740 appellatione

221 760 360 789 remota,
379 756 593 793 compellens,
616 756 868 790 nichilominus,
895 755 922 784 si
947 763 1088 787 necesse,
1103 754 1219 787 fuerit,

221 813 347 838 tantum
366 808 403 837 de
424 808 587 837 fructibus
604 808 742 846 predicti
763 808 956 838 monasterii
973 807 1083 844 colligi
1100 807 1218 841 facias,

218 861 304 899 quod
320 860 435 889 exinde
451 860 548 898 plena
566 869 623 898 pro
640 860 752 889 eodem
767 864 880 889 mutuo
898 860 1081 889 satisfactio
1097 859 1221 897 predic-

219 914 262 943 tis
280 913 380 952 possit
404 913 656 948 mercatoribus,
675 922 775 943 usura
793 913 927 942 omnino
945 917 1110 947 cessante,
1129 911 1222 942 exhi-

218 966 307 1001 beri3
326 965 581 995 contradictores
597 983 643 994 —.
666 967 739 995 Dat.
756 966 898 1001 Perusii,
921 966 969 995 III
985 965 1143 995 kalendas
1163 974 1222 994 au-

218 1019 316 1057 gusti,
336 1027 421 1048 anno
437 1027 533 1048 nono.
554 1030 566 1044 »

289 1189 405 1216 2728

255 1251 437 1278 Viterbiensi
453 1253 481 1277 et
496 1251 676 1278 Tuscanensi
692 1251 826 1285 episcopo
841 1251 961 1277 mandat
976 1254 1118 1284 quatenus
1134 1251 1222 1278 Tem-

220 1300 334 1334 plariis,
350 1299 559 1333 Hospitalariis
574 1302 602 1325 et
614 1299 681 1326 aliis
695 1299 839 1333 religiosis
855 1308 923 1326 suae
935 1300 1075 1326 dioecesis
1089 1299 1223 1326 inhibeat

222 1356 257 1374 ne
278 1351 425 1382 suspectos
445 1348 480 1374 de
501 1348 612 1374 haeresi
638 1349 685 1374 vel
706 1348 795 1374 etiam
819 1348 992 1381 infamatos,
1018 1357 1067 1375 seu
1090 1348 1223 1382 publicos

221 1396 383 1428 usurarios,
409 1397 625 1423 ecclesiasticae
648 1397 816 1430 sepulturae
840 1396 967 1423 tradant.
995 1411 1026 1415 —
1053 1397 1144 1429 (Rm.
1171 1396 1204 1423 18
1215 1419 1221 1429 ,

220 1446 240 1471 f.
258 1444 289 1471 61
306 1448 346 1477 r⁰;
363 1453 432 1471 ann.
448 1445 500 1477 IX,
516 1454 539 1471 c.
557 1445 631 1476 191.)

785 1190 921 1221 Perouse,
938 1189 971 1215 13
987 1191 1055 1216 aout
1071 1189 1148 1215 1235.

261 1558 274 1573 α
293 1569 312 1575 ..
335 1547 511 1575 Vilerbiensi
528 1551 553 1575 et
576 1547 759 1575 Tuscanensi
779 1547 922 1583 episcopo.
946 1547 1116 1584 Serpentis
1135 1547 1221 1576 anti-

219 1599 276 1638 qui
291 1599 429 1637 perfidia
444 1617 492 1627 —.
513 1599 597 1628 Hinc
617 1603 666 1628 est
684 1599 780 1637 quod,
799 1608 872 1628 cum
889 1599 1021 1638 quidam
1040 1599 1109 1638 lupi
1127 1610 1222 1638 rapa-

220 1660 274 1681 ces
295 1651 540 1681 Viterbicnsem
562 1655 592 1680 et
613 1652 859 1681 Tuscanensem
886 1652 1036 1682 civitates
1063 1656 1093 1682 et
1113 1653 1222 1683 dioce-

221 1704 286 1734 sim
322 1703 382 1733 sub
415 1704 525 1733 ovium
556 1704 764 1734 vestimentis
798 1704 1006 1740 intraverint,
1037 1710 1068 1735 et
1098 1706 1223 1735 ibidem

220 1757 352 1786 vineam
374 1757 507 1786 Domini
532 1757 672 1795 quedam
693 1757 839 1795 ceperint
862 1757 1033 1796 vulpecule
1053 1758 1220 1794 demoliri,

218 1809 422 1839 fraternitati
445 1813 498 1839 tue
518 1818 576 1847 per
594 1809 771 1847 apostolica
788 1810 909 1848 scripta
927 1811 1121 1841 mandamus
1139 1821 1222 1850 qua-

217 1865 325 1896 tenus,
344 1865 411 1891 tani
425 1866 644 1900 receptatores
661 1862 883 1893 hereticorum
898 1873 996 1902 quani
1011 1863 1093 1894 alios
1109 1865 1146 1894 de
1163 1865 1222 1895 lie-

218 1914 286 1944 resi
305 1914 436 1952 publice
460 1915 637 1945 infamatos
662 1915 793 1954 plenius
818 1916 852 1945 in
878 1917 1069 1947 civitatibus
1096 1922 1126 1947 et
1152 1918 1222 1948 dio-

219 1968 312 2005 ces[i]
342 1968 499 2005 predictis
531 1969 722 2007 inquirens,
752 1974 865 1999 contra
894 1979 949 2000 eos
977 1970 1070 2009 juxta
1101 1975 1223 2001 statuta

221 2029 320 2058 super
344 2020 405 2050 hoc
432 2021 519 2050 edita
546 2021 667 2050 dudum
693 2031 711 2051 a
738 2022 833 2052 nobis
858 2023 1027 2060 procedas.
1056 2023 1221 2059 Ceterum,

221 2074 310 2112 quia,
327 2074 411 2103 sicut
426 2078 480 2103 tua
493 2074 588 2104 nobis
602 2075 794 2104 fraternitas
810 2075 989 2111 intimavit,
1001 2077 1121 2110 fratres
1138 2079 1224 2108 Hos-

219 2125 332 2164 pitalis
350 2127 543 2156 Sanctorum
563 2127 727 2157 ¹Iohannis
749 2132 779 2157 et
795 2128 940 2158 Victoris
956 2128 1223 2160 Ildibrandinum

221 2178 382 2215 Citadini,
408 2180 446 2209 de
469 2179 578 2210 heresi
604 2180 735 2218 publice
760 2181 972 2217 infamatum,
999 2182 1033 2211 in
1060 2183 1223 2215 cimiterio

221 2240 295 2266 suo,
314 2236 349 2261 ut
365 2241 383 2261 a
405 2232 554 2270 pluribus
574 2233 744 2269 asseritur,
768 2242 831 2263 non
856 2239 932 2264 sunt
948 2236 1046 2265 veriti
1066 2237 1220 2275 sepelire,

221 2284 372 2315 volumus
390 2290 420 2314 et
440 2286 634 2316 mandamus
654 2291 687 2316 ut
704 2287 900 2325 Teniplariis
925 2293 955 2317 et
974 2290 1222 2328 Hospitalariis,

221 2347 258 2367 ac
275 2338 350 2368 aliis
367 2338 547 2376 religiosis,
574 2344 638 2369 tam
661 2341 819 2379 exemptis
841 2350 939 2380 quam
966 2351 1030 2372 non
1052 2344 1222 2382 exemptis,

222 2391 411 2421 earumdem
429 2392 598 2421 civitatum
617 2397 645 2422 et
665 2393 846 2431 dioces[is],
866 2404 907 2424 ne
927 2395 1072 2434 aliquem
1090 2406 1224 2435 suspec-

221 2447 291 2473 tum
308 2444 345 2473 de
363 2443 472 2474 heresi
486 2445 536 2474 vel
553 2446 650 2475 etiam
663 2446 871 2482 infamatum,
890 2456 947 2477 seu
960 2448 1129 2486 publicum
1144 2459 1225 2479 usu-

221 2496 359 2531 rarium,
384 2497 449 2526 nisi
466 2498 619 2535 primitus
637 2499 676 2528 ad
692 2500 882 2529 mandatum
901 2504 992 2530 tuum
1011 2503 1155 2539 suspecti
1175 2503 1225 2533 vel

221 2549 374 2578 infamati
392 2549 430 2579 de
446 2549 555 2579 heresi
573 2548 753 2581 secundum
772 2552 911 2582 formam
930 2554 1126 2591 predictam,
1145 2566 1225 2585 usu-

221 2602 303 2631 rarii
322 2611 398 2631 vero
413 2603 506 2641 juxta
523 2604 756 2634 Latet-anensis
778 2610 899 2635 statuta
914 2606 1062 2641 concilii,
1081 2607 1225 2638 debitam

221 2663 321 2693 super
347 2655 408 2685 hoc
434 2657 693 2687 satisfactionem
718 2658 926 2696 impendant,
954 2659 994 2688 ad
1021 2661 1224 2698 sepulturam

221 2707 384 2745 incipiant
401 2708 607 2746 [deportare]
623 2710 807 2740 districtius
823 2711 976 2741 inhibere
992 2721 1158 2749 procures,
1182 2718 1223 2749 et,

222 2759 252 2789 si
275 2768 356 2798 quos
387 2760 467 2790 tales
495 2762 718 2792 ecclesiastice
750 2763 947 2793 tradiderint
977 2765 1160 2802 sepulture,
1191 2772 1226 2797 ut

222 2820 336 2841 eorum
358 2814 516 2843 cadavera
539 2815 655 2845 exinde
678 2815 854 2853 proiciant,
879 2820 909 2845 et
930 2817 1107 2846 restituant
1132 2820 1225 2857 quic-

223 2864 303 2902 quid
329 2866 445 2895 exinde
469 2867 655 2905 percepisse
673 2873 864 2903 noscuntur,
883 2868 1065 2907 injung[a]s
1082 2870 1224 2907 eisdem3

223 2916 312 2953 ipsos
333 2917 373 2946 ad
392 2918 435 2953 id,
453 2919 481 2948 si
498 2928 632 2949 necesse
648 2921 759 2956 fuerit,
778 2921 960 2950 monitione
977 2922 1151 2959 premissa,
1170 2933 1226 2961 per

1303 341 1477 362 censuram
1504 332 1779 365 ecclesiasticam,
1807 330 2026 369 appellatione
2049 334 2189 364 remota,
2221 339 2310 373 com-

1303 385 1476 423 pescendo.
1490 385 1562 414 Dat.
1582 383 1725 418 Perusii,
1743 383 1854 412 idibus
1871 382 2014 420 augusti,
2034 391 2120 412 anno
2136 390 2232 412 nono.
2253 393 2267 408 ι)

1374 567 1491 595 2ἵ29
1875 567 2012 600 Perouse,
2028 566 2062 593 27
2077 568 2145 593 aot'it
2158 566 2238 593 1235.

1339 629 1482 656 potestati
1503 631 1532 655 et
1551 629 1658 662 populo
1673 628 1913 655 Viterbiensibus
1935 628 1971 654 de
1993 628 2094 654 eadem
2117 636 2147 654 re
2167 627 2310 661 scribens,

1303 686 1350 704 eos
1363 680 1444 710 rogat
1461 679 1620 710 quatenus,
1637 676 1673 703 ad
1692 676 1916 710 exstirpandam
1937 676 1973 702 de
1988 675 2171 703 Viterbiensi
2187 675 2312 703 civitate

1303 735 1337 753 ac
1363 726 1500 752 districtu
1529 725 1708 759 pravitatem
1742 725 1922 752 haereticam
1952 724 2082 751 viriliter
2108 726 2309 758 assurgentes,

1304 774 1453 808 praedicto
1477 773 1611 807 episcopo
1632 781 1718 807 super
1741 774 1795 799 hoc
1817 774 1919 799 efficax
1943 773 2081 799 studeant
2101 772 2260 799 consilium
2283 775 2312 799 et>

1304 822 1451 849 auxilium
1468 821 1626 855 impertiri.
1645 836 1676 839 —
1694 822 1779 854 (Hm.
1797 821 1840 854 18,
1858 822 1878 848 f.
1894 821 1925 848 61
1942 824 1987 853 v⁰;
2004 829 2073 848 ann.
2092 821 2144 854 IX,
2162 830 2186 848 e.
2201 821 2275 852 192.)

1347 936 1359 950 «
1380 946 1399 951 ..
1414 923 1555 960 potestati
1571 927 1596 951 et
1609 923 1721 960 populo
1742 923 1986 951 t'iterbiensibus.
2002 921 2172 960 Serpentis
2187 925 2248 951 etcz
2260 939 2310 951 —.

1304 976 1377 1005 Dat.
1396 975 1539 1010 Perusii,
1552 975 1598 1004 VI
1614 973 1773 1004 kalendas
1792 974 2004 1012 septembris,
2026 982 2112 1004 anno
2129 982 2226 1004 nono.
2246 985 2260 1000 ι)

1375 1159 1493 1187 2730

1339 1222 1457 1248 Decano
1474 1221 1670 1251 Nivernensi,
1689 1236 1720 1239 —
1737 1221 1804 1255 qui,
1822 1223 1939 1255 propter
1953 1220 2157 1254 juramentum
2174 1228 2244 1254 quo,
2265 1227 2314 1247 ra-

1304 1270 1384 1296 tione
1400 1270 1559 1296 decanatus
1576 1270 1631 1299 sui,
1647 1269 1802 1296 tenebatur
1818 1269 1854 1296 ad
1871 1269 2054 1303 personalem
2071 1268 2264 1295 residentiam
2280 1268 2311 1296 in

1304 1318 1486 1345 Nix-ernensi
1503 1319 1638 1350 eeclesia,
1660 1318 1717 1345 nisi
1737 1326 1825 1344 causa
1838 1317 2085 1351 peregrinationis
2101 1317 2198 1351 ipsum
2213 1316 2313 1344 abesse

1305 1367 1499 1400 contingeret,
1515 1367 1693 1399 faciendam,
1709 1367 1878 1400 injunctum
1893 1366 1950 1393 sibi
1962 1374 1978 1392 a
1992 1374 2068 1400 papa
2083 1366 2114 1393 in
2131 1366 2313 1393 Bituricensi

1304 1416 1460 1450 provincia
1486 1415 1716 1450 praedicationis
1738 1415 1868 1442 officium
1895 1423 1946 1449 pro
1968 1415 2074 1442 Terrae
2098 1415 2225 1442 Sanctae
2246 1423 2313 1442 suc-

1305 1473 1391 1491 cursu
1411 1465 1574 1498 adimplere
1596 1473 1653 1490 non
1676 1466 1804 1498 poterat,
1827 1478 1858 1482 —
1879 1463 2013 1497 indulget
2033 1467 2081 1496 ut,
2104 1472 2160 1490 non
2179 1463 2314 1490 obstante

1305 1513 1455 1547 praedicto
1470 1514 1647 1547 juramento,
1667 1513 1762 1540 eidem
1780 1513 1874 1539 officio
1894 1513 2049 1545 insistenffi
2072 1515 2230 1546 prox-entus
2248 1520 2314 1539 suos

1305 1563 1392 1596 plene
1408 1562 1567 1596 percipiat,
1589 1570 1622 1588 ac
1643 1562 1667 1588 si
1683 1561 1878 1596 personaliter
1892 1561 1924 1588 in
1946 1561 2047 1588 eadem
2067 1561 2191 1587 ecclesia
2204 1561 2314 1588 reside-

1304 1615 1358 1638 ret.
1377 1626 1408 1629 -
1422 1612 1508 1642 (Rae.
1526 1610 1570 1643 18,
1588 1612 1607 1637 f.
1625 1611 1656 1637 61
1674 1614 1718 1643 v⁰;
1732 1619 1802 1637 ann.
1820 1610 1877 1643 IX,
1894 1618 1919 1636 e.
1936 1610 2011 1641 193.)

1899 1159 2036 1191 Perouse‚
2048 1158 2064 1184 5
2079 1160 2147 1185 aosit
2160 1158 2240 1185 1235.

1348 1725 1360 1739 «
1383 1736 1402 1741 ..
1421 1713 1533 1742 decano
1548 1713 1742 1741 Niverncnsi.
1761 1711 1825 1748 Qui
1842 1710 2013 1749 obsequiis
2032 1710 2155 1740 divinis
2172 1728 2220 1739 —.
2239 1710 2312 1740 Dat.

1306 1766 1455 1799 Perusii,
1475 1765 1572 1795 nonis
1589 1765 1733 1802 augusti,
1751 1773 1838 1794 anno
1855 1772 1953 1793 nono.
1975 1776 1988 1790 n

1329 1948 1333 1950 ’
1377 1951 1490 1979 2231
1880 1950 2017 1983 Pe'rouse‚
2031 1949 2065 1976 18
2080 1951 2148 1977 aout
2163 1949 2242 1976 1235.

1340 2011 1451 2039 Abbati
1471 2012 1507 2038 de
1522 2010 1734 2047 &ValedenUaL
1754 2011 1971 2039 Londoniensis
1993 2011 2145 2044 dioecesis,
2167 2010 2257 2045 priori
2279 2011 2315 2038 de

1306 2059 1488 2096 Mert0n[ia],
1505 2061 1727 2088 XVintoniensis
1743 2061 1895 2093 dioecesis,
1912 2063 1940 2087 et
1955 2060 2164 2087 archidiacono
2184 2060 2220 2086 de
2238 2059 2315 2086 Nor-

1306 2108 1486 2145 hantun[ia],
1499 2108 1742 2145 Li[n]colniensis
1754 2110 1905 2143 dioecesis,
1918 2109 2081 2136 committit
2093 2108 2313 2136 terminandum

1306 2160 1456 2193 negotium
1473 2159 1627 2186 electionis
1645 2159 1681 2186 de
1696 2159 1840 2186 Hic-cardo
1852 2181 1858 2192 ,
1874 2162 1985 2186 rectore
2001 2158 2141 2185 ecclesiae
2156 2158 2192 2185 de
2209 2158 2315 2185 Brom-

1306 2208 1380 2241 blee,
1399 2208 1544 2235 Roffeusis
1558 2208 1709 2240 dioecesis,
1725 2208 1755 2235 in
1770 2208 1939 2243 episcopum
1955 2207 2134 2240 Roffensem,
2149 2215 2166 2234 a
2178 2206 2274 2241 priore
2286 2208 2315 2233 et

1306 2259 1454 2284 conventu
1469 2256 1655 2283 Roffensibus
1672 2258 1792 2289 factam,
1809 2265 1897 2290 quam
1913 2264 1981 2283 vero
1998 2256 2171 2282 electionem
2187 2255 2315 2283 Cantua-

1306 2306 1412 2333 riensis
1431 2306 1684 2340 archiepiscopus,
1709 2305 1759 2340 qui
1783 2305 1923 2332 ecclesiae
1946 2304 2092 2332 Roffensis
2117 2313 2147 2330 se
2168 2302 2316 2331 asserebat

1307 2358 1463 2389 patronum
1474 2376 1480 2387 ‚
1511 2355 1684 2381 confirmare
1712 2354 1865 2381 renuebat.
1897 2369 1928 2372 —
1959 2355 2045 2385 (Res.
2074 2353 2122 2386 18,
2153 2353 2173 2380 f.
2205 2352 2237 2379 61
2268 2354 2315 2384 v⁰;

1307 2412 1376 2430 ann.
1397 2404 1453 2435 lx,
1469 2403 1585 2435 (2194.)

1352 2517 1363 2530 α
1383 2527 1401 2532 ..
1420 2505 1521 2533 abbati
1537 2504 1571 2533 cle
1594 2505 1755 2539 Halesum,
1776 2527 1795 2532 ..
1810 2505 1914 2541 priori
1929 2503 1962 2532 de
1984 2504 2109 2532 Μενιοη,
2127 2507 2152 2531 et
2170 2525 2187 2531 ..
2209 2502 2315 2531 archi-

1309 2558 1437 2586 diacono
1455 2558 1488 2586 (Ic
1503 2558 1714 2591 N01·l1antttn.,
1736 2557 1970 2591 Londont'ensis,
1994 2556 2209 2585 li'inloniensis
2224 2559 2250 2584 et
2266 2555 2316 2583 Li—

1309 2611 1472 2639 colaiensis
1501 2610 1663 2639 diocesani.
1696 2611 1742 2639 Ex
1776 2613 1869 2647 parte
1899 2608 2093 2638 dilectorum
2121 2608 2266 2637 filiorum
2294 2629 2314 2635 ..

1308 2663 1429 2701 prioris
1446 2667 1475 2692 et
1488 2667 1670 2692 conventus
1688 2663 1896 2693 Roffensium
1911 2662 1975 2691 suit
1990 2662 2194 2700 propositum
2207 2668 2315 2690 coram

1309 2715 1405 2744 nobis
1422 2715 1517 2753 quod,
1533 2724 1617 2750 cum⁷
1636 2724 1741 2753 nuper
1755 2723 1869 2744 eorum
1885 2713 2025 2744 ecclesia
2040 2713 2182 2752 pastoris
2199 2711 2317 2742 solatio

1309 2768 1477 2803 destituta,
1502 2769 1581 2806 ipsi,
1607 2768 1647 2797 ad
1668 2777 1760 2806 quos,
1782 2772 1849 2797 tarn
1871 2767 1909 2797 de
1932 2767 2008 2806 jure
2029 2766 2196 2797 communi
2217 2773 2315 2804 quam

1307 2821 1435 2850 ratione
1453 2821 1686 2858 possessionis,
1706 2820 1756 2849 vel
1773 2820 1880 2858 quasi,
1899 2820 1934 2849 in
1951 2829 2015 2858 qua
2030 2823 2123 2850 erant
2141 2823 2217 2848 tunc
2233 2822 2316 2848 tem-

1308 2873 1414 2911 poris,
1431 2873 1547 2903 electio
1568 2873 1770 2912 pertinebat,
1796 2882 1814 2902 a
1837 2872 2021 2902 venerabili
2039 2873 2141 2902 fratre
2164 2875 2276 2901 nostro
2294 2892 2312 2898 ..

1309 2926 1558 2964 archiepiscopo
1574 2925 1821 2961 Cantuariensi,
1837 2925 1893 2963 qui
1910 2925 2059 2964 ejusdem
2076 2924 2214 2955 ecclesie
2230 2931 2316 2953 asse-
