2519 3518
174 289 247 319 1229
1014 285 1236 323 nouzlnME
1259 287 1418 324 ANNEE.
2190 302 2263 332 1230

241 357 355 384 474¹
767 359 887 390 Latran.
901 360 917 386 9
934 368 1011 387 mars
1027 360 1106 387 1239.

210 419 280 452 Regi
298 419 460 452 Navarrae,
477 420 544 446 duci
566 420 767 454 Burgundiae,
784 421 943 448 comitibus
955 421 1051 453 Barri,
1066 421 1179 448 Montis

172 467 268 493 Fortis
293 471 321 494 et
346 468 572 500 Vindocinensi,
599 477 652 495 nec
677 477 733 495 non
754 472 782 496 et
806 469 875 496 aliis
897 470 1108 503 crucesignatis
1130 478 1179 503 per

172 523 293 548 regnum
306 516 447 543 Franciae
458 517 628 544 constitutis
638 520 740 543 notum
754 517 825 544 facit
836 526 866 544 se
880 518 975 552 ipsum
987 519 1048 549 cogi
1060 518 1178 552 imperii

173 564 346 596 Romaniae,
368 565 451 598 cujus
474 565 503 592 in
528 566 661 599 proximo
685 566 842 593 imminere
859 567 996 593 videatur
1016 567 1177 599 excidium,

172 614 200 638 et
216 612 245 638 in
263 621 318 646 quo
335 613 440 640 Terrae
462 614 588 640 Sanctae
607 614 778 641 omnimode
800 615 964 641 subsidium
987 615 1177 649 impediatur,

172 661 322 688 succursui
347 661 510 693 intendere,
527 665 556 689 et
575 662 611 689 de
633 663 763 689 subsidio
783 663 877 689 eidem
899 664 1004 690 Terrae
1027 664 1177 698 deputato,

172 708 266 735 eidem
292 709 416 743 imperio
439 711 606 744 providere;
633 719 679 737 eos
703 714 802 738 monet
827 714 855 738 et
877 712 1010 739 hortatur
1034 715 1177 745 quatenus

171 756 279 783 exinde
295 766 352 784 non
374 758 540 790 turbentur,
560 759 608 785 sed
625 759 661 785 ad
678 760 812 792 generale
833 760 998 793 passagium
1017 769 1046 786 se
1063 764 1175 794 parent,

171 806 247 839 quod
271 806 301 832 iu
327 806 451 834 instanti
474 808 546 834 festo
562 807 640 834 beati
655 808 799 835 ,Iohannis
822 808 974 842 Baptistae
995 809 1055 835 fieri
1072 809 1177 835 debere

171 854 233 887 ipse
246 862 325 888 *papa
336 855 506 882 denuntiari
522 855 654 882 mandat.
671 871 705 873 —
719 857 805 887 (Rae.
823 856 866 888 19,
883 858 902 883 f,
919 857 952 883 73
966 860 1010 889 v⁰;
1025 865 1094 883 ann.
1108 857 1175 889 XII,

171 910 195 928 o.
218 902 286 934 399;
307 917 337 921 —
356 903 488 930 MonnAU
505 903 584 936 1192,
602 904 621 930 f.
638 903 700 933 280,
718 912 753 930 ex
770 905 951 936 Rumtnm
983 919 1004 923 —
1021 906 1177 932 Porrnnsr

169 949 279 981 10709.)

210 1062 224 1077 «
243 1074 261 1079 ..
282 1053 346 1088 reyi
363 1052 508 1087 Navarre,
532 1057 558 1080 et
580 1053 729 1081 nobilibus
753 1054 830 1082 viris
853 1076 873 1082 ..
898 1054 968 1082 duci
986 1055 1171 1091 Buryundz'e,

171 1126 190 1132 ..
205 1105 295 1133 Burri
311 1109 336 1133 et
354 1127 371 1132 ..
389 1105 498 1133 Montis
517 1105 614 1134 Fortis
629 1110 655 1134 et
673 1128 692 1133 ..
716 1106 926 1135 t'mdocinensi
949 1108 1121 1142 comitibus,
1141 1116 1176 1136 ac

167 1156 240 1184 aliis
256 1156 475 1192 crucesiynatis
489 1165 542 1193 per
559 1165 685 1192 requam
700 1157 829 1185 Fraucie
840 1157 1024 1185 constitutis.
1041 1157 1175 1187 Litteris

169 1208 288 1237 vestris
305 1216 368 1246 quo
385 1207 560 1237 debuimus
573 1207 691 1237 affectu
708 1208 860 1245 receptis,
878 1217 913 1237 ex
932 1217 1043 1237 earum
1062 1213 1174 1238 tenore

168 1260 362 1298 collegimus
379 1264 445 1289 tam
461 1260 709 1297 crucesignatos
726 1269 824 1298 quam
842 1260 925 1290 alios
942 1261 1174 1291 ammiratione

168 1313 244 1341 duci
261 1321 325 1342 non
343 1313 481 1346 modica,
495 1321 531 1342 ex
552 1321 589 1342 eo
608 1313 694 1350 quod
713 1313 881 1350 negotium
899 1314 1006 1342 crucis
1024 1323 1174 1351 proroga-

168 1365 269 1395 tionis
305 1365 478 1403 dispendio
508 1366 733 1403 postposuisse
763 1365 924 1395 videmur.
963 1366 1037 1396 Hiis
1075 1367 1173 1396 etiam

170 1423 262 1448 tenor
282 1418 401 1456 adjecit
422 1418 508 1456 quod
535 1417 642 1455 legata
665 1422 696 1447 et
723 1417 788 1447 alio
813 1418 908 1447 modo
933 1419 1032 1448 Terre
1056 1420 1174 1449 Sancte

167 1479 335 1505 concessa,
360 1479 423 1509 que
451 1470 612 1500 hactenus
642 1470 735 1500 vobis
761 1471 906 1500 conferri
929 1472 1172 1506 mandavimus,

167 1532 224 1561 pro
242 1527 334 1561 parte
357 1522 552 1552 subtrahere
575 1523 809 1557 intendamus3
839 1528 970 1561 propter
992 1525 1078 1562 quod
1102 1525 1174 1554 ani-

167 1584 236 1605 mos
255 1580 379 1605 vestros
398 1575 519 1606 nebula
542 1575 743 1605 turbationis
762 1575 911 1605 involvit.
938 1577 1072 1611 Verum,
1100 1587 1173 1607 cum

164 1629 264 1658 Terre
293 1628 439 1666 predicte
467 1628 638 1665 negotium
668 1632 825 1667 tanquam
859 1629 954 1659 Sedis
985 1630 1174 1667 Apostolice

165 1681 307 1719 speciale
325 1681 478 1719 precipue
499 1681 623 1719 pectori
647 1686 759 1710 nostro
780 1681 935 1711 resideat.
962 1682 1056 1711 firma
1078 1683 1174 1713 debet

163 1733 358 1763 credulitate
372 1733 488 1764 teneri.
507 1742 566 1763 nec
581 1738 630 1763 est
644 1733 734 1763 aliud
747 1735 993 1772 presumptione
1008 1736 1174 1765 contraria

164 1786 387 1819 sentiendum,
410 1786 496 1824 quod
520 1786 603 1815 illud
625 1791 691 1816 toto
715 1787 836 1816 mentis
859 1787 976 1816 affectu
1000 1789 1170 1826 prosequi-

164 1847 248 1873 mur,
282 1839 479 1876 promotioni
507 1839 578 1877 ejus
603 1839 780 1876 vigilanter
802 1840 1020 1874 intendimus,
1047 1841 1086 1869 ad
1110 1841 1171 1870 hoc

165 1895 313 1920 nostrum
330 1891 554 1928 impendimus
571 1891 730 1927 studium,
748 1892 864 1921 damus
881 1902 978 1930 quam
995 1902 1171 1930 possumus

163 1953 307 1982 operam,
335 1944 475 1973 aliorum
503 1953 597 1982 opem
626 1945 864 1975 nichilominus
892 1946 1106 1983 postulantes.
1134 1948 1172 1977 Et

164 1996 309 2035 quidem,
328 2006 401 2026 cum
419 2005 482 2026 non
498 1997 673 2034 patiamur,
687 1998 892 2035 quantumin
910 1998 1004 2027 nohis
1017 2003 1076 2032 est,
1091 1999 1172 2029 alio-

165 2059 237 2078 rum
256 2050 387 2087 negotia
404 2050 584 2087 prorogari,
603 2050 785 2079 verisimile
805 2059 868 2080 non
886 2051 1017 2080 videtur
1035 2052 1120 2090 quod
1137 2052 1170 2081 in

165 2111 265 2131 causa
295 2102 420 2132 Christi
448 2101 619 2131 dilationis
646 2102 793 2140 pericula
827 2112 891 2132 non
917 2104 1075 2139 viten1us3
1098 2113 1172 2133 cum

165 2155 253 2185 circa
270 2164 386 2184 causas
406 2154 488 2184 alias
511 2154 677 2184 solvamus
699 2155 795 2185 solite
821 2155 1057 2186 sollicitudinis
1081 2157 1172 2186 debi-

167 2214 246 2243 tum,
266 2208 388 2238 recedit
404 2218 422 2238 a
438 2217 514 2238 vero
531 2208 616 2246 quod
638 2208 786 2238 crucifixi
807 2209 975 2245 negotium
993 2215 1064 2247 post
1083 2214 1173 2247 terga

167 2270 339 2300 ponamus.
366 2263 477 2295 Porro,
502 2261 579 2299 quia
606 2261 641 2289 in
675 2261 822 2298 proximo
851 2261 983 2299 imperii
1012 2263 1173 2292 Romanie

166 2315 342 2344 imminere
374 2314 503 2344 videtur
534 2313 711 2356 excidium,
749 2314 783 2342 in
821 2323 885 2352 quo
918 2315 1017 2344 Terre
1055 2315 1173 2345 Sancte

165 2367 354 2397 omnimode
372 2366 560 2396 subsidium
577 2366 768 2404 impeditur,
784 2368 957 2396 succursui
974 2368 1045 2405 ejus
1062 2367 1172 2397 soller-

167 2425 215 2450 ter
234 2420 407 2449 intendere
429 2419 598 2456 cogimur3
624 2423 654 2448 et
675 2427 711 2448 eo
739 2419 843 2456 magis
871 2419 911 2448 ad
941 2419 1000 2448 hoc
1028 2421 1173 2458 suscepti

165 2473 339 2511 regiminis
352 2482 411 2502 nos
428 2481 506 2501 cura
522 2471 690 2506 sollicitat,
704 2481 768 2510 quo
780 2472 897 2509 magis,
911 2472 1057 2502 Ecclesie
1074 2482 1173 2502 mem·

166 2526 301 2555 hrotam
317 2525 420 2555 nobili
437 2525 684 2554 adversantium
702 2533 780 2554 ense
797 2525 936 2560 succiso,
951 2534 1068 2563 corpus
1081 2525 1172 2555 debi-

165 2579 318 2608 litaretur
344 2578 459 2616 ipsius.
489 2577 524 2607 Si
554 2577 641 2606 enim
675 2577 784 2614 ipsum
813 2581 918 2606 mater
948 2577 1095 2607 Ecclesia
1125 2578 1173 2607 sic

166 2631 376 2661 ammissioni
400 2630 584 2668 proximum
613 2629 816 2659 destitueret.
845 2629 1047 2667 negligentie
1070 2630 1173 2659 relin-

166 2684 308 2723 quendo.
324 2683 418 2722 cujus
439 2682 658 2721 patrocinium
683 2681 935 2719 expectaretur?
958 2682 991 2711 Si
1011 2683 1081 2720 ejus
1108 2691 1172 2712 non

166 2741 409 2775 compateretur
444 2735 626 2773 angustiis,
662 2734 737 2772 quis
774 2734 880 2772 ipsius
915 2734 1172 2764 adversitatibus

166 2790 353 2820 condoleret
371 2790 384 2818 ἱ)
423 2789 457 2819 Si
496 2788 641 2818 desolato
679 2787 915 2817 consolationis
955 2788 1173 2825 supprimeret

166 2843 279 2878 ubera,
299 2843 393 2881 cujus
411 2842 569 2879 suffragio
582 2840 780 2880 juvaretur?
800 2840 886 2870 Huic
902 2840 1014 2878 itaque
1034 2841 1175 2869 instanti

167 2895 314 2933 periculo
330 2895 430 2925 celeri
447 2894 592 2925 remedio
612 2893 760 2923 volentes
777 2901 958 2923 occurrere.
978 2892 1091 2921 habito
1108 2893 1175 2921 fra-

169 2953 255 2977 trum
279 2952 466 2977 nostrorum
488 2946 639 2980 consilio,
667 2946 705 2975 de
729 2945 878 2975 subsidio
900 2946 999 2974 Terre
1022 2945 1175 2982 deputato

1261 359 1406 397 predicte
1422 362 1561 400 imperio
1576 363 1681 394 eidem
1702 366 1850 401 cogimur
1871 367 2051 404 providere,
2076 368 2162 406 quia,
2189 377 2261 398 cum

1262 421 1364 441 uuum
1383 414 1455 444 sine
1472 414 1575 445 altero
1594 422 1735 455 nequeat
1749 418 1782 446 in
1800 418 1961 448 catholica
1984 420 2045 449 fide
2068 421 2260 450 subsistere.

1257 464 1403 502 juvando
1420 466 1572 502 alterum,
1593 469 1719 507 reliquo
1736 470 1766 498 vi
1786 471 1924 500 rationis
1942 472 2169 510 compellimur
2185 473 2263 501 sul]-

1262 517 1386 547 venire.
1409 519 1514 550 Unde.
1538 521 1617 559 quia
1635 523 1759 559 prefate
1783 524 1881 553 Terre
1906 525 2086 561 profectum
2110 525 2260 561 diligitis.

1261 571 1344 599 ratio
1358 571 1447 601 nulla
1458 574 1618 610 permittit
1629 575 1714 612 quod
1730 575 1860 613 imperii
1874 578 2040 612 negotium
2055 588 2117 607 non
2133 579 2261 608 ametis.

1260 623 1332 652 Non
1351 624 1453 661 igitur
1466 625 1585 655 dehent
1602 626 1660 656 hec
1676 636 1747 657 csse
1760 638 1857 658 causa
1868 630 2097 659 commotionis
2110 631 2142 659 in
2159 631 2260 661 vobis.

1260 676 1348 713 quia.
1363 676 1438 705 dum
1457 677 1545 706 circa
1559 678 1645 708 idem
1665 680 1841 717 imperium
1858 690 1970 710 curam
1989 683 2134 719 gerimus
2152 683 2262 713 defen-

1259 728 1354 758 soris.
1389 729 1421 757 in
1455 730 1562 759 crucis
1592 732 1721 767 neg-'otio
1750 734 1970 770 procuratoris
1998 734 2169 770 diligentia
2199 745 2261 765 non

1258 789 1426 813 caremus:
1446 782 1525 820 quin
1543 783 1654 813 immo.
1675 785 1778 814 eidem
1798 786 1967 823 potissime
1989 787 2103 817 auxilii
2128 789 2262 825 porrici-

1259 841 1332 861 mus
1351 833 1528 868 dexteram,
1549 844 1623 864 cum
1641 837 1680 865 ad
1694 837 1776 866 illud
1793 847 1926 867 manum
1945 840 2152 869 extendimus
2169 841 2262 879 adju-

1259 885 1385 914 tricem.
1419 888 1581 922 Quocirca
1617 889 1822 920 devotionem
1856 896 1996 921 vestram
2030 902 2200 922 monemus
2231 900 2260 923 et

1258 936 1428 967 hortamur
1452 944 1586 976 attente,
1618 950 1674 978 per
1703 943 1882 979 apostolica
1907 944 1998 973 vobis
2021 945 2142 983 scripta
2169 955 2260 975 man-

1258 990 1373 1020 dantes
1390 997 1565 1029 quatenus,
1586 994 1620 1022 in
1639 998 1703 1022 tam
1718 1000 1830 1024 sancto
1847 997 2011 1033 proposito
2033 998 2258 1035 persistentes.

1258 1043 1298 1071 ad
1324 1044 1476 1080 generale
1499 1046 1687 1083 passagium
1712 1056 1767 1076 vos
1794 1049 1926 1085 paretis.
1951 1050 2035 1087 quod
2062 1050 2093 1079 in
2122 1050 2258 1080 instanti

1257 1095 1341 1124 festo
1381 1096 1468 1126 beati
1500 1097 1665 1127 Johannis
1696 1100 1843 1137 Baptiste
1883 1101 1953 1129 ficri
1984 1102 2101 1131 debere
2130 1104 2258 1140 publice

1257 1147 1448 1178 denuntiari
1462 1150 1669 1180 mandamus.
1688 1152 1759 1181 Dat.
1781 1153 1944 1183 Laterani.
1967 1155 2028 1183 VII
2048 1155 2121 1183 idus
2138 1157 2257 1185 martii.

1258 1209 1345 1230 anno
1361 1201 1566 1232 duodecimo.
1587 1216 1599 1229 »

1328 1380 1444 1406 4742
1837 1384 1956 1412 Latran.
1972 1386 2007 1411 1⁸
2021 1395 2097 1412 mars
2114 1387 2191 1413 1239.

1293 1440 1523 1475 Archiepiscopo
1549 1441 1726 1470 Eboracensi
1751 1445 1885 1472 concedit
1909 1450 1954 1477 ut,
1982 1461 2012 1464 —
2036 1456 2100 1474 ‹1·um
2128 1450 2262 1476 nonnulli

1259 1488 1358 1519 clerici
1373 1489 1510 1522 Angliae,
1528 1490 1645 1523 quibus,
1662 1491 1697 1517 ad
1710 1491 1806 1525 ipsum
1822 1494 2074 1528 archiepiscopum
2090 1498 2264 1530 apostolicas

1259 1536 1373 1563 litteras
1393 1537 1604 1566 deferentibus,
1621 1540 1697 1572 quod
1714 1540 1776 1574 ipse
1792 1543 2029 1577 archiepiscopus
2046 1544 2086 1570 eis
2102 1545 2131 1571 in
2147 1555 2264 1580 compe-

1259 1585 1334 1611 tenti
1355 1586 1554 1613 ecclesiastico
1578 1587 1718 1614 beneficio
1740 1590 1903 1622 provideat,
1925 1591 2001 1617 idem
2027 1594 2264 1628 archiepiscopus

1258 1640 1272 1658 (t
1292 1633 1323 1659 in
1341 1639 1482 1667 perpetua
1495 1635 1607 1662 vicaria
1626 1637 1673 1662 vel
1690 1637 1748 1663 alio
1768 1637 1909 1665 beneficio
1926 1648 1950 1671 υ,
1969 1640 2075 1673 viginti
2094 1650 2205 1669 marcas
2221 1651 2264 1669 ar-

1257 1682 1337 1715 genti
1363 1683 1518 1709 annuatim
1546 1685 1670 1717 valenti,
1699 1687 1852 1719 prox-idere
1879 1688 2007 1719 volebat,
2036 1689 2110 1715 illud
2136 1691 2263 1725 recipere

1255 1735 1494 1764 aspernarentur,
1521 1733 1694 1760 mandatum
1721 1736 1914 1768 apostolicum
1942 1745 1955 1761 «
1976 1737 2011 1763 de
2037 1738 2192 1771 prebendis
2213 1741 2260 1766 vet

1256 1787 1269 1804 ›)
1291 1780 1495 1812 personatibus
1506 1781 1649 1814 majorum
1661 1783 1850 1809 ecclesiarum
1864 1785 1909 1810 vel
1925 1786 2056 1812 rector-iis
2068 1788 2256 1814 ecclesiarum

1256 1835 1269 1853 ›)
1290 1828 1520 1862 parrochialium
1545 1829 1701 1857 dumtaxat
1724 1831 1827 1858 debere
1849 1832 1977 1867 intelligi
1996 1840 2156 1861 asserentes
2176 1845 2199 1862 n,
2225 1851 2255 1855 —

1255 1876 1365 1902 eisdem
1387 1877 1513 1909 clericis,
1534 1878 1557 1904 si
1579 1885 1593 1903 (t
1610 1880 1715 1905 nolunt
1730 1888 1791 1906 esse
1809 1881 1976 1914 hujusmodi
2000 1884 2165 1916 provisione
2188 1894 2256 1911 con-

1255 1932 1268 1949 »
1290 1925 1375 1954 tenti.
1398 1933 1448 1958 per
1468 1926 1562 1952 dictas
1579 1927 1693 1953 litteras
1713 1928 1748 1954 ad
1770 1929 1909 1962 majorem
1932 1931 2127 1964 provisionem
2147 1934 2258 1959 facien-

1256 1981 1269 1997 »
1290 1973 1357 1999 dam
1376 1981 1389 1998 ι)
1412 1982 1467 2000 non
1492 1977 1636 2007 teneatur,
1662 1984 1675 2001 (t
1693 1977 1750 2003 nisi
1776 1978 1849 2004 forte
1868 1978 1896 2004 id
1919 1979 1947 2004 in
1965 1981 2133 2013 apostolicis
2150 1982 2257 2008 litteris

1256 2029 1269 2046 n
1291 2021 1329 2047 sit
1345 2030 1514 2055 expressum
1534 2031 1557 2049 ι).
1574 2038 1605 2041 -
1621 2024 1708 2054 (Rau.
1726 2025 1769 2057 19,
1785 2026 1805 2051 f.
1820 2027 1853 2052 74
1867 2030 1904 2057 r“;
1920 2036 1989 2053 ann.
2006 2028 2072 2060 ΧΠ,
2089 2038 2113 2055 c.
2132 2030 2205 2058 400.)

1297 2134 1308 2147 α
1338 2145 1356 2150 ..
1381 2124 1607 2161 archiepiscopo
1632 2126 1821 2154 Eborocenxi.
1852 2128 1895 2156 Ex
1924 2133 2013 2165 parte
2041 2134 2093 2157 tua
2112 2147 2158 2158 —.
2186 2131 2258 2159 Dat.

1257 2175 1422 2209 Laterani,
1444 2176 1595 2207 kalendis
1615 2178 1736 2207 martii.
1759 2188 1845 2209 anno
1862 2180 2065 2210 duodecimo.
2088 2194 2099 2207 ι)

1324 2354 1442 2381 4ἵ43

1289 2415 1398 2442 Abbati
1424 2416 1551 2443 Sanctae
1572 2419 1740 2445 (jetmvefae
1761 2420 1938 2447 Parisiensis
1964 2422 2084 2449 mandat
2104 2427 2257 2456 quatenus,

1255 2478 1286 2481 —
1305 2472 1370 2490 cum
1392 2472 1405 2488 (t
1424 2465 1587 2497 Benacum,
1603 2467 1726 2494 Jacobus
1740 2471 1767 2494 et
1785 2468 1895 2495 Paulus
1913 2469 2089 2499 Subectarii.
2107 2471 2185 2497 cives
2203 2472 2259 2497 Ro-

1255 2519 1269 2536 »
1292 2513 1382 2543 mani,
1406 2511 1572 2548 B[runoni]‚
1595 2516 1740 2548 preposito
1766 2517 1934 2546 Lubicensi,
1960 2519 2036 2551 apud
2058 2520 2258 2553 Ap‹:›stoliea1n

1256 2567 1269 2585 »
1291 2560 1395 2587 Sedem
1420 2569 1469 2594 pro
1490 2562 1688 2595 scabinorum,
1709 2564 1871 2597 juratorum
1895 2570 1921 2591 et
1941 2567 2107 2593 communis
2128 2568 2259 2594 civitatis

1256 2616 1269 2633 »
1290 2608 1564 2642 Magdeburgensis,
1580 2619 1702 2644 quorum
1718 2613 1840 2639 nuntius
1857 2618 1885 2640 et
1901 2619 2070 2647 procuratur
2083 2624 2095 2639 ι)
2108 2621 2178 2642 erat.
2194 2624 2260 2649 pro-

1255 2658 1393 2684 curandis
1417 2659 1541 2692 negotiis
1562 2660 1731 2689 constituto,
1753 2664 1897 2688 trecentas
1914 2663 2128 2696 quinquaginta
2149 2673 2260 2691 marcas

1255 2706 1496 2740 sterlinguorum.
1518 2708 1606 2734 certis
1622 2709 1678 2735 sibi
1696 2710 1756 2735 loco
1773 2714 1800 2736 et
1817 2711 1944 2737 termino
1961 2713 2178 2745 persolvendas,
2196 2722 2260 2739 niu-

1834 2358 1953 2388 Latran,
1972 2360 2004 2384 1‘*
2021 2368 2096 2386 mars
2112 2361 2188 2387 1239.

1257 2757 1306 2780 tuo
1322 2754 1525 2787 tradidissent,
1548 2764 1561 2780 (t
1577 2760 1636 2782 tani
1657 2757 1757 2782 eodem
1776 2758 1923 2791 preposito
1939 2768 2026 2792 quam
2047 2761 2261 2787 communitate

1257 2812 1270 2829 t)
1292 2805 1425 2838 predicta
1441 2806 1611 2832 insolidum
1627 2807 1765 2840 obligatis
1779 2816 1803 2839 n,
1818 2823 1848 2825 —
1863 2809 1886 2834 si
1899 2809 1934 2835 dc
1949 2810 2071 2842 pecunia
2085 2811 2136 2836 illa
2150 2811 2260 2838 eisdem

1257 2853 1373 2879 civibus
1390 2862 1446 2879 non
1462 2854 1549 2880 fuerit
1562 2855 1681 2881 statutis
1695 2856 1731 2881 ad
1746 2857 1798 2882 hoc
1813 2857 1874 2883 loco
1886 2861 1913 2883 et
1926 2858 2052 2883 termino
2064 2859 2260 2887 satisfactum.

1257 2902 1472 2935 praepositum,
1503 2903 1652 2934 scabinos,
1681 2905 1792 2937 juratos
1817 2909 1845 2931 et·
1874 2914 1935 2931 com
1943 2915 2030 2932 mune
2057 2909 2201 2941 praefatos
2231 2915 2261 2935 ut

1258 2950 1416 2983 praedictis
1433 2950 1550 2977 civibus
1566 2951 1601 2977 de
1617 2952 1718 2978 eadem
1736 2953 1859 2985 pecunia
1880 2954 2076 2984 satisfaciant.
2094 2964 2144 2989 per
2160 2965 2263 2983 censu·
