2423 3487
116 282 175 312 375
842 272 1082 305 REGISTRES
1104 271 1160 301 DE
1182 264 1404 321 GREGorRE
1426 275 1486 305 lx.
2157 271 2216 302 375

121 355 195 376 cum
207 344 308 384 justis
326 347 356 373 et
370 342 548 372 moderatis
563 341 716 380 expensis
729 345 760 370 et
773 340 884 370 debita
898 337 1127 369 satisfactione

121 399 357 435 dampnorum,
379 393 507 432 usur[a]
530 394 666 424 omnino
690 396 862 427 cessante,
888 395 925 421 ut
944 390 1124 426 tenemini,

121 450 315 480 satisfacere
331 447 526 486 procuretis,
545 446 598 476 vel
614 450 658 481 tu,
677 446 781 475 frat-er
794 445 956 483 episcope,
974 451 1128 482 persona-

119 502 197 532 liter
212 505 243 531 et
261 509 328 535 vos,
346 499 408 528 filii
423 498 618 537 capitulum,
635 507 693 536 per
708 501 957 536 procuratorem
972 496 1129 525 idoneum

121 558 233 584 nostro
252 553 335 590 [vos]
358 551 549 590 conspectui
567 551 778 589 presentetis‚
799 549 921 580 facturi
945 557 1043 587 super
1061 548 1129 577 hiis

121 606 247 637 eisdem
272 604 526 639 mercatoribus,
548 604 637 642 quod
661 603 739 633 ordo
766 602 951 641 poposcerit
975 600 1126 631 rationis.

120 660 189 689 Nos
219 658 309 688 enim
336 657 444 688 eidem
471 657 624 695 episcopo
652 656 768 685 damus
795 654 918 685 nostris
945 653 1067 684 litteris
1093 653 1130 682 in

121 712 287 741 mandatis
310 715 347 740 ut
373 719 430 740 vos
454 709 494 739 ad
519 709 661 739 alterum
683 708 922 746 premissorum
943 706 1127 745 compellat.

121 766 193 794 Dat.
213 763 367 798 Viterbii,
386 763 433 792 VI
450 771 554 792 nonas
573 761 664 796 maii,
684 769 770 790 anno
786 760 924 790 decimo.
945 772 957 786 »

158 887 262 910 3125.
277 898 308 901 —
326 882 478 916 Scriptum
495 883 539 908 est
554 889 640 914 super
655 881 708 906 hoc
719 880 804 905 eidem
816 880 935 912 episcopo
947 876 1129 913 [liminensi]

193 1049 312 1077 3126

160 1111 384 1148 [Raymundum
399 1108 478 1144 Vm,
496 1109 634 1136 comitem
649 1108 860 1139 Tholosanum,
875 1107 1068 1133 vehementer
1085 1105 1133 1131 in—

125 1163 225 1196 crepat
246 1160 322 1194 quod
338 1167 440 1194 pacem
457 1159 535 1185 inter
553 1157 717 1185 Ecclesiam
735 1159 763 1183 et
783 1155 968 1182 Ludovicum
986 1152 1066 1189 [IX],
1087 1162 1133 1180 re—

124 1219 189 1245 gem
207 1211 402 1240 Francorum,
419 1216 455 1234 ex
474 1216 533 1234 una
550 1210 646 1241 parte,
667 1209 695 1233 et
709 1205 805 1239 ipsum
816 1226 822 1237 ‚
839 1213 874 1231 ex
890 1205 997 1236 altera,
1012 1203 1132 1235 initam,

124 1263 153 1288 et
173 1262 283 1286 statuta
308 1260 409 1284 contra
429 1256 592 1283 haereticos
608 1255 687 1281 edita
710 1253 884 1286 violaverit,
904 1253 989 1286 eique
1011 1252 1134 1278 mandat

125 1311 270 1343 quatenus
286 1307 357 1333 hacc
369 1305 496 1338 corrigat
507 1307 535 1331 et
546 1303 682 1338 proximo
694 1310 794 1328 mense
806 1301 913 1328 martio
924 1301 955 1327 in
967 1300 1133 1327 subsidium

123 1357 231 1384 Terrae
248 1355 376 1382 Sanctae
389 1354 575 1385 transfretet,
591 1352 702 1378 ibidem
718 1359 768 1385 per
784 1344 1022 1384 quinquennium
1038 1356 1135 1374 mora-

123 1408 223 1436 t-urus;
243 1403 377 1437 alioquin
398 1403 461 1436 ipse
481 1410 557 1436 papa
572 1399 738 1427 Viennensi
759 1398 994 1432 archiepiscopo,
1009 1398 1135 1431 Aposto-

124 1454 200 1480 licae
215 1452 300 1480 Sedis
318 1452 423 1485 legato,
436 1450 559 1476 mandat
572 1451 603 1475 ut
619 1446 938 1475 excommunicationis
954 1445 1133 1472 sententiam

690 1045 825 1078 Viterbe,
839 1045 873 1071 28
889 1044 966 1071 avril
980 1044 1059 1071 1236.

124 1503 155 1529 in
173 1510 239 1528 eum
254 1501 386 1527 innovet.
405 1514 436 1517 —
453 1500 540 1531 (Rae.
553 1498 597 1530 18,
613 1499 632 1524 f.
650 1497 702 1524 150
715 1500 752 1529 r⁰;
770 1504 839 1523 ann.
856 1496 896 1527 X,
914 1503 938 1521 c.
955 1494 1006 1527 5S;
1022 1509 1054 1512 —
1070 1494 1135 1521 Mo-

127 1559 206 1577 REAU
224 1549 308 1581 1191,
331 1549 350 1575 f.
368 1548 418 1579 41;
439 1562 470 1565 —
492 1548 650 1574 PorTHAsr
665 1545 753 1572 10150
770 1546 798 1571 et
818 1543 941 1576 10151¹;
965 1558 996 1561 —
1017 1543 1135 1570 RoonN-

126 1607 204 1626 nnnc
224 1598 292 1629 6883
313 1611 345 1615 -
365 1597 402 1623 cf.
422 1596 537 1622 Marcel
557 1595 731 1625 Founmsn,
753 1593 795 1618 Les
816 1592 922 1618 Statuts
944 1594 966 1617 et
989 1591 1136 1623 Privz'leyes

125 1647 170 1674 des
189 1647 354 1673 [Mirer-sites
369 1646 568 1677 sranraises...,
585 1646 606 1670 t.
622 1644 644 1676 1,
662 1651 689 1676 p.
707 1642 782 1673 443.)

169 1760 182 1775 «
200 1748 301 1776 Nobili
317 1747 384 1775 viro
403 1770 421 1774 ..
441 1746 547 1775 comiti
564 1745 718 1777 Tolosano,
732 1743 879 1780 spiritum
894 1742 1018 1770 consilii
1032 1741 1138 1769 sanio-

128 1803 184 1830 ris.
207 1800 294 1830 Olim
316 1799 356 1829 ad
371 1798 559 1837 Apostolice
577 1797 671 1827 Sedis
688 1795 812 1834 perlato
830 1794 984 1825 notitiam
1000 1793 1087 1832 quod
1102 1793 1137 1822 in

128 1854 279 1893 partibus
298 1851 538 1890 Albigcnsibus
558 1850 690 1879 vineam
711 1848 847 1879 Domini
875 1847 1018 1877 tribulus
1038 1851 1068 1876 et
1086 1856 1138 1875 ur-

130 1908 195 1937 tica
218 1905 437 1944 repleverant,
461 1908 500 1940 et,
522 1904 558 1932 in
576 1907 698 1932 terram
715 1901 801 1932 ι111110
818 1910 873 1930 rex
890 1899 1065 1930 Babilonie
1083 1908 1140 1929 ve-

131 1960 239 1995 niens,
253 1958 411 1996 templum
428 1956 562 1987 Domini
578 1956 667 1985 vasis
684 1954 795 1984 aureis
808 1953 969 1983 catholice
980 1952 1057 1982 fidei
1070 1961 1139 1990 spo-

130 2013 280 2045 liaverat,
294 2010 372 2040 illuc
387 2009 496 2039 felicis
508 2007 748 2038 recordationis
762 2005 980 2036 Innocentius
990 2009 1020 2035 et
1032 2006 1140 2035 Hono-

130 2065 212 2100 rius,
233 2063 483 2102 predecessores
500 2061 616 2095 nostri,
640 2060 783 2090 cultores
801 2059 859 2097 qui
878 2068 915 2088 ex
932 2058 1003 2096 ipsa
1019 2057 1140 2088 herbas

131 2117 326 2156 pestilentes
355 2124 488 2145 vomere
521 2112 758 2152 predicationis
793 2115 1019 2149 excerperent,
1053 2110 1141 2141 clare

131 2169 291 2200 memorie
306 2167 525 2202 Ludovicum,
543 2174 654 2203 regem
670 2164 821 2198 Francie,
838 2168 868 2193 et
887 2163 969 2193 alios
985 2163 1023 2193 de
1040 2172 1141 2200 regno

134 2231 195 2252 suo
209 2221 316 2251 crucis
333 2219 505 2258 signaculo
520 2217 717 2255 insignitos,
734 2217 790 2255 qui
807 2224 964 2245 mucrone
978 2215 1107 2254 justitie
1124 2225 1142 2245 a

134 2274 249 2312 templi
277 2272 468 2303 sanctuario
498 2271 611 2301 sordes
637 2268 930 2299 contaminationis
956 2268 1140 2304 eraderent,

133 2327 355 2360 destinarunt,
375 2328 546 2363 sperantes
568 2322 653 2361 quod
677 2322 724 2351 ibi
742 2321 858 2351 botrus
881 2321 1043 2351 catholice
1066 2321 1143 2350 fidei

134 2380 170 2409 in
187 2379 325 2409 calicem
340 2377 475 2407 Domini
493 2374 759 2413 comprimendus
776 2378 979 2412 erumperet,
1000 2375 1143 2404 01110111-

134 2432 240 2463 salem
269 2433 459 2468 expurgata,
488 2436 600 2465 regem
626 2435 816 2465 pauperem,
846 2426 1015 2456 sedentem
1045 2435 1144 2464 super

134 2484 264 2524 pullum
281 2483 375 2513 asine
391 2480 589 2520 subjugalis,
603 2488 677 2509 cum
693 2479 813 2517 palmis
829 2479 995 2516 recipiens
1012 2482 1043 2508 et
1058 2478 1143 2508 flori-

134 2538 209 2572 bus,
224 2536 397 2567 exultaret.
414 2534 564 2572 Cumque
578 2532 619 2562 ad
634 2532 667 2561 id
680 2531 760 2561 dicti
776 2531 1027 2570 predecessores
1039 2531 1145 2561 nostri

137 2590 319 2629 plurimum
334 2587 524 2617 laborantes
541 2594 607 2615 non
621 2584 808 2623 potuissent
822 2584 991 2622 proficere,
1007 2588 1039 2614 et
1053 2583 1145 2613 labo-

136 2651 207 2672 rem
225 2650 340 2672 eorum
355 2643 544 2670 nostrorum
567 2641 777 2676 peccatorum
794 2636 1007 2666 crederentur
1026 2636 1146 2666 merita

171 2759 193 2782 1.
216 2759 269 2782 Les
289 2757 420 2781 numeros
444 2757 518 2781 10150
539 2759 565 2780 et
587 2756 657 2780 10151
681 2755 714 2778 de
737 2755 880 2778 ΡΟΤΤΒΑΞΤ
901 2761 930 2777 50
950 2756 1111 2784 rapportent
1131 2754 1145 2777 'a

138 2809 193 2826 une
209 2802 285 2826 seule
302 2804 329 2824 et
344 2801 430 2824 meme
446 2801 541 2829 lettre3
563 2800 587 2823 le
607 2802 682 2823 texte
703 2799 736 2822 110
757 2798 801 2822 Do
822 2798 946 2826 Bostar,
969 2799 1038 2822 liisl.
1062 2799 1144 2822 Unio.

139 2848 238 2874 Paris,
256 2845 304 2874 111,
320 2845 372 2873 155,
389 2843 502 2874 analyse
518 2850 583 2867 sous
600 2844 624 2866 lc
641 2842 754 2866 numero
773 2841 855 2870 10150,
873 2844 912 2864 est
931 2841 1056 2871 tronquc,
1070 2844 1096 2864 et
1112 2848 1146 2864 ne

140 2889 236 2912 differe
253 2888 300 2912 des
319 2890 407 2911 textes
423 2887 552 2917 indiques
568 2893 633 2910 sous
651 2886 675 2909 le
695 2885 809 2909 numero
826 2884 896 2908 10151
913 2891 966 2914 que
979 2891 1029 2914 par
1042 2884 1145 2908 d'assez

140 2933 321 2956 nombreuses
337 2931 542 2961 suppressions.

1209 347 1380 375 vacuasse,
1398 348 1469 375 nos,
1488 340 1696 370 attendentes
1713 339 1800 378 quod
1815 347 1912 369 omne
1928 338 2015 377 quod
2031 342 2081 368 est
2096 338 2136 368 ab
2152 337 2216 367 im-

1210 391 1312 428 probo
1334 391 1446 422 labore
1467 392 1692 428 devincitur¹,
1710 396 1741 422 et
1759 391 1899 427 Pharao,
1917 395 1953 421 ut
1970 391 2089 421 liberet
2110 392 2216 420 Israe-

1209 443 1289 480 lem,
1311 452 1377 474 non
1394 445 1461 474 nisi
1476 444 1582 483 plagis
1601 444 1764 474 contritus
1779 444 1931 482 pluribus
1947 444 2132 480 emollitur,
2152 445 2216 475 hu-

1210 505 1318 526 meros
1335 501 1466 527 nostros
1481 496 1582 535 hujus
1598 497 1722 526 laboris
1737 497 1822 526 fasci
1839 496 2053 535 subjecimus,
2071 501 2103 527 et
2116 505 2217 527 vene-

1210 548 1351 579 rabilem
1374 549 1512 579 fratrem
1535 553 1685 579 nostrum
1703 550 1751 588 [..]
1768 550 1986 579 Portuensem
2009 549 2215 587 episcopum,

1211 605 1290 631 tunc
1311 602 1424 632 Sancti
1442 602 1563 640 Angeli
1579 602 1755 632 diaconum
1775 601 1978 632 cardinalem
1992 604 2021 637 ²,
2040 601 2217 631 commisso

1212 654 1277 684 sibi
1299 654 1476 692 legationis
1499 655 1625 690 officio,
1643 655 1683 684 ad
1708 658 1818 693 partes
1840 654 1916 684 illas
1939 654 2093 684 duximus
2113 653 2217 684 desti-

1212 707 1375 743 nandum3
1393 708 1467 746 qui,
1487 716 1524 737 eo
1542 708 1686 738 faciente
1709 707 1767 746 qui
1791 707 1914 737 bonum
1937 716 2019 745 opus
2040 706 2217 744 aspirando

1211 761 1363 798 prevenit
1380 765 1410 791 et
1423 761 1636 799 prosequitur
1652 760 1849 800 adjuvando,
1863 760 2015 790 maxillas
2032 769 2146 790 eorum
2161 759 2219 798 qui

1212 812 1451 843 inconsutilem
1479 813 1607 844 Christi
1638 813 1786 843 tunicam
1815 813 2022 847 lacerabant,
2056 812 2091 841 in
2123 812 2219 842 freno

1213 865 1374 900 cohibuit,
1390 865 1582 903 vulpeculas
1596 865 1750 904 parvulas
1763 874 1827 904 que
1843 865 2044 894 dominicam
2061 864 2221 894 demolie-

1212 917 1334 947 bantur
1351 918 1494 952 vineam,
1513 918 1701 956 intercepit,
1720 922 1761 953 et,
1781 922 1818 947 ut
1837 918 1916 947 fides
1938 917 2101 947 catholica
2118 916 2220 946 statui

1214 970 1324 1000 antico
1339 969 1436 1008 plene
1448 974 1558 1008 posset
1574 970 1716 1005 restitui,
1739 970 1773 999 in
1792 979 1871 1008 pace
1887 970 1975 999 inter
1991 969 2173 999 Ecclesiam
2188 972 2221 999 et

1215 1023 1427 1052 carissimum
1440 1023 1475 1051 in
1489 1022 1622 1053 Christo
1633 1022 1740 1052 filium
1752 1026 1902 1052 nostrum
1921 1045 1940 1051 ..
1958 1021 2096 1052 Francie
2110 1029 2222 1059 regem

1215 1075 1391 1111 illustrem,
1411 1084 1448 1105 ex
1464 1079 1556 1113 parte
1572 1084 1655 1110 una,
1676 1079 1707 1105 et
1724 1079 1773 1111 te,
1791 1084 1828 1105 ex
1848 1074 1966 1109 altera,
1985 1074 2092 1112 ipsius
2111 1073 2221 1103 studio

1215 1129 1410 1163 reformata,
1430 1133 1459 1158 et
1478 1127 1619 1158 concilio
1637 1131 1770 1166 propter
1786 1126 1980 1157 hocTolose
1995 1126 2125 1161 habito,
2143 1134 2223 1156 non-

1217 1181 1309 1211 nulla
1332 1186 1455 1212 statuta
1477 1181 1580 1211 edidit
1597 1205 1602 1217 ,
1622 1190 1673 1216 00,
1692 1181 1732 1211 011
1747 1180 1893 1211 heresim
1909 1180 2030 1210 fortius
2047 1180 2223 1210 confutan-

1166 1254 1172 1263 ,
1217 1235 1302 1269 dam,
1323 1234 1439 1264 Tolose
1463 1243 1555 1264 sacre
1576 1234 1695 1272 pagine
1721 1238 1751 1264 et
1769 1233 1911 1263 aliarum
1934 1234 2057 1263 artium
2075 1233 2224 1263 studium

1217 1287 1393 1317 ordinavit.
1414 1288 1559 1322 Verum,
1578 1287 1657 1326 quia
1677 1286 1870 1316 immundus
1892 1286 2030 1324 spiritus
2053 1285 2186 1315 domum
2205 1293 2224 1314 a

1218 1349 1283 1378 qua
1301 1340 1425 1379 ejectus
1445 1340 1572 1375 fuerat,
1594 1339 1702 1377 scopis
1720 1339 1928 1373 mundatam,
1953 1347 2070 1368 rursus
2093 1337 2225 1376 ingredi

1218 1393 1349 1429 nititur,
1367 1397 1396 1423 et
1415 1393 1544 1423 Pharao
1557 1393 1714 1422 liberatos
1727 1391 1875 1421 Hebreos
1892 1391 2014 1421 iterum
2030 1391 2095 1421 sibi
2113 1390 2224 1429 subju-

1218 1456 1295 1484 gare
1314 1451 1466 1482 conatur,
1486 1451 1556 1485 post
1579 1446 1686 1484 ipsius
1703 1454 1873 1476 recessum
1890 1444 2140 1475 venerabilibus
2158 1444 2224 1473 sra-

1218 1499 1325 1529 1111105
1351 1499 1492 1533 nostris,
1511 1498 1618 1537 primo
1637 1498 1791 1528 videlicet
1812 1521 1831 1527 ..
1852 1498 2004 1536 episcopo
2021 1495 2225 1527 Tornacensi

1219 1556 1250 1582 et
1267 1552 1475 1590 postmodum
1497 1575 1516 1580 ..
1539 1551 1787 1589 archiepiscopo
1809 1551 2011 1586 Viennensi,
2036 1549 2226 1588 Apostolice

1219 1605 1314 1635 Sedis
1330 1605 1460 1643 legatis,
1475 1609 1522 1639 ut,
1537 1613 1636 1643 super
1652 1604 1889 1634 catholicorum
1905 1612 2003 1641 grege
2018 1603 2125 1633 noctis
2144 1602 2226 1641 vigi-

1218 1658 1282 1688 lias
1302 1658 1498 1695 vigilantes,
1516 1657 1611 1695 lupos
1629 1666 1646 1687 a
1662 1657 1828 1687 dominico
1845 1660 2034 1687 coercerent
2051 1656 2147 1691 ovili,
2170 1656 2228 1686 du-

1218 1711 1328 1740 ximus
1357 1710 1535 1748 legationis
1566 1710 1712 1739 officium
1742 1709 2026 1739 committendum.
2049 1708 2113 1739 Sed
2133 1717 2225 1744 ecce,

1221 1764 1308 1802 quod
1331 1763 1545 1798 verebamur,
1569 1762 1705 1798 accidit,
1725 1766 1757 1792 et
1774 1762 1871 1791 timor
1893 1770 1991 1800 quem
2013 1761 2223 1797 timebamus,

1221 1816 1343 1846 evenit.
1363 1817 1465 1851 Nam,
1487 1815 1572 1845 sicut
1597 1824 1635 1845 ex
1662 1814 1890 1844 insinuatione
1914 1814 2021 1852 ipsius
2049 1813 2228 1852 archiepis-

1221 1869 1294 1907 copi
1317 1872 1347 1898 et
1369 1868 1511 1898 aliorum
1530 1867 1733 1906 prelatorum
1749 1876 1807 1897 sue
1823 1867 2001 1904 legationis
2021 1866 2225 1905 accepimus,

1221 1922 1359 1952 fratrem
1381 1920 1598 1951 Guillelmum
1616 1920 1767 1953 Arnaldi,
1786 1920 1938 1959 [ordinis]
1954 1920 2095 1949 fratrum
2111 1919 2229 1950 Predi-

1222 1978 1388 2009 catorum,
1409 1974 1465 2012 qui
1482 1973 1677 2003 auctoritate
1695 1978 1807 2003 nostra
1831 1977 1861 2003 et
1884 1973 1963 2003 dicti
1987 1972 2228 2011 archiepiscopi

1222 2031 1336 2057 contra
1360 2026 1525 2057 hereticos
1556 2026 1789 2064 inquisitionis
1812 2026 1983 2056 exercebat
2013 2025 2176 2061 officium,
2198 2028 2230 2055 et

1223 2088 1352 2109 summo
1368 2079 1478 2109 studio
1494 2079 1665 2109 laborabat
1680 2083 1727 2114 ut,
1741 2079 1856 2109 educto
1871 2078 2106 2108 obstetricante
2122 2078 2230 2117 ipsius

1223 2142 1325 2162 manu
1339 2132 1472 2162 colubro
1490 2136 1645 2167 tortuoso,
1664 2131 1835 2170 prodirent
1850 2131 1885 2160 in
1902 2131 2010 2161 lucem
2023 2140 2122 2169 opera
2136 2135 2232 2161 tene-

1223 2186 1374 2221 brarum,
1393 2194 1410 2214 a
1431 2185 1565 2214 civitate
1581 2184 1745 2215 Tolosana
1762 2207 1781 2213 ..
1799 2184 1944 2214 vicarius
1963 2187 2040 2214 tuus
2064 2187 2095 2214 et
2114 2192 2230 2220 consu,-

1223 2237 1271 2268 les
1286 2237 1431 2267 civitatis
1450 2237 1609 2276 ejusdem,
1627 2237 1685 2275 qui
1704 2245 1744 2266 ne
1764 2240 1877 2266 contra
1892 2236 2057 2266 hereticos
2073 2236 2232 2274 proceda-

1225 2295 1294 2326 tur,
1313 2290 1444 2320 diversa
1469 2289 1701 2319 difficultatum
1716 2289 1886 2319 obstacula
1903 2289 2138 2327 interponunt,
2159 2292 2233 2327 post

1223 2343 1335 2373 illatas
1360 2343 1425 2372 sibi
1448 2342 1570 2372 multas
1588 2342 1748 2381 injurias,
1767 2351 1833 2372 non
1861 2342 1933 2372 sine
1958 2341 2048 2380 turpi
2072 2341 2233 2371 violentia

1225 2395 1404 2434 ejecerunt,
1424 2395 1585 2425 facientes
1603 2396 1639 2424 in
1655 2395 1769 2425 eadem
1786 2395 1919 2425 civitate
1936 2399 1967 2425 et
1987 2395 2095 2433 ipsius
2111 2394 2233 2424 subur-

1224 2448 1280 2478 bio
1304 2457 1382 2478 voce
1404 2448 1561 2486 preconia
1582 2448 1749 2485 interdici,
1772 2457 1813 2478 ne
1836 2447 1911 2486 quis
1931 2446 2116 2478 venerabili
2136 2446 2234 2477 fratri

1226 2505 1339 2531 nostro
1354 2524 1372 2531 ..
1393 2501 1545 2540 episcopo
1558 2505 1589 2531 et
1602 2501 1733 2531 clericis
1749 2500 1922 2530 Tolosanis
1941 2499 2069 2538 aliquid
2085 2499 2162 2529 dare
2180 2498 2233 2530 vel

1225 2554 1380 2590 vendere,
1399 2562 1459 2584 seu
1477 2554 1561 2592 ipsis
1579 2554 1615 2583 in
1636 2553 1748 2592 aliquo
1770 2553 2015 2583 communicare
2036 2551 2233 2582 commercio

1227 2610 1283 2635 aut
1307 2606 1342 2635 in
1363 2615 1477 2636 eorum
1497 2606 1633 2637 auderet
1657 2606 1798 2636 servicio
1823 2614 2011 2640 remanere,
2037 2609 2069 2635 et
2091 2613 2133 2635 ne
2158 2604 2234 2643 quis

1226 2659 1387 2688 fratribus
1404 2659 1674 2689 Predicatoribus
1689 2659 1885 2689 benefacere
1900 2661 1956 2687 aut
1968 2657 2016 2688 eis
2027 2660 2235 2695 presumeret

1261 2795 1281 2819 1.
1299 2795 1340 2819 Cf.
1358 2795 1480 2825 Vincit„
1498 2798 1605 2825 Geor-gp,
1621 2796 1641 2824 1,
1658 2795 1767 2820 145-146.

1259 2839 1282 2862 2.
1300 2839 1354 2863 Sur
1371 2839 1397 2862 la
1413 2840 1475 2863 date
1492 2840 1540 2863 des
1555 2840 1691 2870 legations
1708 2839 1744 2863 du
1761 2839 1882 2862 cardinal
1901 2838 2017 2862 Romaiu
2034 2844 2068 2861 en
2088 2837 2191 2861 Franee
2209 2839 2236 2861 et

1229 2882 1276 2906 des
1293 2886 1384 2906 autres
1401 2883 1578 2907 evcnements
1594 2883 1719 2914 rappeles
1737 2883 1804 2906 dans
1820 2885 1891 2906 cette
1908 2882 1995 2911 bullo,
2014 2881 2075 2905 voir
2094 2881 2134 2905 les
2155 2884 2235 2905 notes

1229 2926 1262 2950 de
1279 2927 1444 2957 Rodenborg
1458 2927 1473 2950 a
1488 2931 1560 2951 cette
1575 2927 1665 2957 pie‘ce.
1683 2934 1708 2957 p.
1723 2927 1776 2951 585.
