2519 3518
150 308 205 338 517
1008 303 1194 339 mxime
1216 302 1375 339 ANNEE.
2179 315 2235 343 5¹8

149 373 281 410 Sedem,
306 374 340 403 in
361 378 473 404 nostra
492 374 660 412 presentia
678 384 860 413 proponere
878 376 1034 405 curavisti
1053 375 1150 413 quod,

148 426 320 458 occasione
335 427 503 465 privilegii
526 435 544 456 a
561 426 668 457 felicis
686 428 924 458 recordationis
942 428 1152 466 ,alesmum-0]

148 489 231 518 papa
252 480 411 510 fratribus
433 480 554 510 militie
573 481 685 510 Sancti
701 481 816 511 Jacobi
837 481 973 513 indulti.
991 480 1153 519 multipli-

149 532 230 562 citer
250 532 373 563 leditur
393 532 533 562 ecclesia
556 532 731 568 Toletana;
758 538 788 563 et
811 534 888 572 quia
909 534 982 572 jure
1003 538 1058 562 tuo
1081 533 1153 562 sine

149 584 290 614 aliorum
311 585 435 624 injuria
457 585 505 615 uti
530 585 716 620 desideras,
743 586 1048 624 interpretationem
1073 594 1154 624 quo-

148 637 298 667 rumdam
322 646 385 676 que
411 637 445 666 111
468 637 555 667 dicto
578 638 753 676 privilegio
776 639 876 667 dubia
904 638 1111 672 videbantur,
1136 647 1154 667 a

149 689 244 720 nobis
261 690 331 719 fieri
348 689 556 728 postulabas,
575 690 765 728 supplicans
783 691 816 719 in
834 691 949 729 primis
965 691 1047 720 illud
1064 691 1154 729 capi-

149 741 254 772 tulum
282 743 422 781 predicti
449 742 616 781 privilegii
648 743 824 779 declarari,
859 743 943 782 quod
975 748 1022 773 est
1051 743 1113 772 tale
1145 753 1151 772 :

147 796 272 825 Ditecte¹
291 797 324 824 ‘in
342 797 468 825 Domino
483 797 531 833 fili
545 797 628 825 I'etre
645 797 811 831 Fernandi,
829 797 867 825 uit
881 798 1064 834 presentium
1085 805 1153 825 nos-

149 853 229 877 tram
245 849 394 884 accedens,
411 857 480 878 cum
494 849 670 877 humilitate
684 858 743 886 qua
756 850 865 883 decuit,
876 858 893 877 a
905 849 975 877 Sede
985 850 1153 886 Apostolica

147 901 320 937 requisisti,
338 905 371 929 ut
391 909 440 929 vos
459 906 604 937 tanquam
620 901 790 938 peculiares
805 901 884 937 filios
903 902 934 929 in
951 901 1151 936 defensionem

147 958 296 987 nostram,
314 958 339 982 et
356 954 453 982 locum
474 955 506 982 in
522 963 580 991 quo
596 959 686 990 caput
701 954 844 992 ord[ini's]
862 956 976 990 factum
994 955 1100 990 suerit,
1120 955 1152 982 in

143 1006 198 1044 jus
219 1010 245 1034 et
263 1007 479 1043 proprietatem
506 1007 701 1035 sacrosancte
724 1007 854 1035 Romane
875 1008 1001 1035 Iicctesie
1023 1009 1154 1044 *recipere

149 1058 330 1087 deberemus.
358 1058 436 1087 Sane
459 1067 526 1093 nos,
551 1059 738 1088 devotionem
768 1064 897 1088 vestram
926 1064 951 1088 et
979 1060 1091 1088 bonum
1118 1061 1151 1088 in

148 1110 275 1140 Domino
288 1110 473 1139 desiderium
491 1111 686 1145 attendentes,
706 1112 739 1139 de
754 1112 910 1140 communi
926 1113 1064 1148 fratrum
1082 1121 1152 1141 nos-

149 1167 267 1192 trorum
292 1163 429 1198 consitio,
459 1164 492 1191 in
514 1164 655 1200 speciales
676 1168 701 1192 et
720 1165 858 1201 proprios
880 1164 1076 1193 Sacrosancte
1095 1165 1151 1193 Ro-

148 1223 238 1243 mane
261 1216 387 1244 Ecclesie
409 1215 488 1251 filios
515 1224 565 1244 vos
589 1216 775 1252 recipimus,
804 1221 828 1244 et
853 1216 993 1244 ordinem
1018 1222 1153 1246 vestrum

147 1268 330 1296 auctoritate
345 1268 508 1304 apostolica
526 1268 750 1304 confirmantes,
766 1269 915 1305 presentis
930 1269 1038 1306 scripti
1051 1274 1152 1306 patro-

148 1320 230 1349 cinio
253 1321 490 1349 communimus.
511 1320 693 1349 Asserebas
714 1321 836 1350 etenim
857 1321 960 1359 quod,
980 1321 1152 1351 occasione

146 1373 267 1411 prefati
280 1372 428 1410 capituli,
444 1373 523 1403 dicti
535 1373 654 1402 fratres
672 1382 736 1402 non
753 1373 1150 1412 intelligunturexempti,

148 1426 237 1465 quia,
255 1435 330 1455 cum
348 1425 387 1454 ab
404 1425 517 1455 eodem
535 1425 744 1463 Alex[andro]
763 1435 797 1456 se
814 1426 848 1455 in
866 1426 1049 1464 peculiares
1066 1427 1152 1456 filios

146 1478 266 1516 recipi,
291 1482 322 1507 et
338 1477 446 1507 locum
465 1477 499 1507 in
523 1487 586 1516 quo
605 1482 701 1516 caput
720 1483 769 1508 est
786 1479 928 1513 ordinis,
948 1479 982 1507 in
996 1479 1050 1517 jus
1068 1479 1152 1517 peti-

146 1530 255 1560 verint
277 1534 308 1560 et
328 1530 562 1568 proprietatem
582 1530 769 1568 Apostolice
789 1531 884 1561 Sedis
901 1532 1042 1567 assumi,
1065 1532 1152 1562 idem

145 1583 185 1612 A.
209 1582 292 1611 illud
315 1582 416 1612 oblati
441 1582 506 1612 sibi
528 1583 676 1620 petitorii
700 1583 901 1621 mancipavit
924 1584 1072 1618 effectui,
1096 1593 1153 1622 per

146 1635 313 1675 quodjuri
330 1644 394 1665 11011
414 1635 567 1665 credebat
585 1635 722 1666 alterius
741 1636 908 1673 derogari,
933 1640 964 1666 et
985 1636 1018 1665 id
1037 1637 1071 1666 iu
1089 1646 1152 1675 quo

142 1689 197 1728 jus
214 1688 359 1718 alienum
377 1688 529 1718 enervari
548 1689 698 1724 credidit,
717 1689 935 1727 exemptionis
952 1689 1052 1726 petite
1069 1689 1153 1719 desi-

145 1741 237 1771 derio
260 1741 430 1776 vacuavit;
458 1749 546 1776 nam,
572 1741 661 1779 ipsos
688 1741 723 1770 in
751 1741 837 1770 filios
863 1741 1038 1779 speciales,
1066 1742 1153 1780 quod

145 1798 305 1833 quantum
323 1793 363 1823 ad
383 1793 628 1829 defensionem,
651 1794 737 1824 sicut
756 1795 896 1832 petitum
912 1795 991 1828 fuit,
1009 1795 1153 1833 intelligi

145 1846 257 1881 debet,
280 1846 463 1884 recipiens,
489 1846 518 1877 ei
539 1856 596 1885 per
617 1847 704 1885 quod
724 1847 897 1885 petebatur
913 1847 1020 1877 locum
1038 1848 1071 1876 in
1089 1857 1153 1886 quo

146 1903 242 1936 caput
259 1899 414 1928 existeret
430 1899 568 1934 ordinis,
587 1899 690 1938 injus
709 1901 856 1929 Romane
874 1900 1020 1930 Ecclesie
1038 1900 1150 1938 recipi.

146 1960 342 1989 responsum
363 1960 428 1980 non
444 1951 593 1989 prebuit;
616 1961 674 1990 per
692 1952 778 1990 quod
795 1956 880 1990 patet
899 1961 1050 1990 expresse
1068 1953 1155 1990 quod

144 2004 180 2033 in
200 2003 260 2033 1106
282 2003 475 2041 petitionem
492 2013 623 2039 eorum,
641 2013 704 2042 que
724 2004 796 2034 sine
814 2004 951 2034 alterius
970 2004 1154 2043 prejudicio

144 2055 276 2094 impleri
305 2064 371 2085 non
393 2060 537 2094 poterat,
562 2065 626 2086 non
649 2056 794 2086 admisit.
821 2057 889 2086 Nec
910 2056 993 2086 illud
1014 2057 1100 2096 quod
1118 2058 1152 2086 111

145 2109 258 2139 eodem
275 2108 450 2147 privilegio
464 2109 664 2145 continetur,
683 2109 809 2139 scilicet
824 2119 860 2138 ne
871 2113 1035 2147 pcrsonas²
1049 2120 1153 2139 eorum

144 2163 319 2200 quisquam,
333 2167 434 2200 pretet·
445 2163 617 2191 Romanum
633 2163 809 2199 Pontificem
826 2168 880 2192 aiat
894 2164 1024 2200 [epulum
1039 2165 1075 2192 ab
1090 2166 1154 2201 ejus

145 2216 237 2245 latere
245 2216 441 2251 destinatum,
457 2216 637 2244 interdicere
645 2220 699 2244 aut
711 2217 1151 2254 excommunicarepresumat,

143 2267 325 2297 intentioni
343 2272 397 2297 tue
414 2267 545 2297 obstare
562 2267 713 2303 dicebas,
735 2268 827 2306 quia,
845 2268 908 2297 etsi
927 2269 1154 2298 excommuni-

145 2320 267 2350 cationi
284 2319 336 2349 vel
351 2319 528 2349 interdicto
545 2328 602 2358 per
619 2319 812 2349 diocesanos
830 2328 895 2349 non
916 2320 1045 2358 possint
1065 2320 1153 2358 epis-

144 2381 241 2411 copos
258 2372 377 2407 subici,
391 2371 457 2401 alia
470 2376 577 2402 tamen
594 2380 679 2410 pena
695 2376 833 2410 possunt
849 2381 906 2410 per
922 2381 976 2402 eos
993 2372 1153 2403 canonica

144 2425 325 2456 coherceri.
352 2426 524 2459 Preterea,
546 2434 620 2454 cum
639 2425 829 2463 Apostolica
849 2425 949 2455 Sedes
970 2425 1098 2464 aliquos
1116 2426 1152 2455 in

143 2478 294 2518 proprios
311 2478 397 2508 filios
417 2482 448 2508 et
471 2478 532 2507 sub
550 2478 752 2516 protectione
770 2478 948 2516 apostolica
964 2478 1096 2516 recipit,
1116 2479 1151 2508 in

145 2532 193 2562 eis
215 2531 362 2569 vigorem
385 2531 555 2569 proprium
579 2531 776 2569 episcopalis
793 2531 982 2570 jurisdictio
1005 2540 1070 2561 non
1094 2532 1152 2561 ad-

143 2584 262 2621 mittit,
286 2584 365 2623 quia
384 2584 420 2613 in
447 2585 692 2622 exemptionum
713 2584 899 2622 privilegiis
923 2585 1072 2614 Romana
1090 2585 1152 2614 Ec-

144 2636 247 2667 clesia
271 2636 354 2667 solet
379 2636 455 2666 aliis
483 2637 532 2666 uti
559 2637 685 2672 verbis;
713 2641 745 2667 et
770 2637 854 2672 ideo,
879 2646 952 2666 eum
976 2637 1151 2675 privilegia

145 2698 285 2728 quorum
302 2689 420 2719 scricte
436 2694 514 2719 sunt
532 2689 686 2719 servandi
703 2693 849 2724 tenores,
866 2689 902 2718 in
920 2689 1059 2719 aliorum
1076 2699 1151 2728 pre-

141 2742 304 2782 judicium
317 2742 468 2780 proprias
480 2746 584 2772 metas
600 2751 664 2772 non
679 2741 819 2771 debeant
834 2742 1031 2779 transgredi,
1047 2751 1095 2778 ea,
1115 2742 1151 2771 in

145 2798 306 2833 quantum
332 2794 432 2824 verba
455 2795 629 2833 patiuntur
656 2795 821 2832 ipsorum,
849 2794 889 2824 ad
917 2795 972 2833 jus
998 2795 1152 2824 convenit

176 2919 197 2944 1.
213 2919 315 2949 MtGNE,
332 2921 434 2944 Patrol.
451 2921 508 2949 lat„
525 2924 543 2944 t.
561 2920 615 2951 CC,
632 2921 684 2944 eol.
702 2920 844 2946 1025-10‘26.

175 2962 198 2988 ⁸2.
213 2963 320 2992 Mzssms,
337 2965 438 2988 Patrol.
456 2965 513 2992 lat„
529 2965 675 2994 Ibid.,c01.
696 2965 762 2988 1029.

1235 384 1406 406 commune
1434 377 1563 408 reduci.
1592 378 1759 416 quoniam,
1787 378 1819 407 in
1847 379 1996 409 obscuris
2022 384 2050 410 et
2071 380 2235 417 ambiguis

1235 429 1455 465 orationil‘ius,
1477 430 1515 458 ad
1542 430 1574 459 id
1597 431 1681 469 quod
1705 430 1897 469 plerumque
1919 432 1960 461 sit
1982 432 2031 462 vel
2053 437 2099 462 cst
2119 433 2235 462 verisi-

1236 481 1359 515 milius,
1378 491 1478 511 sanus
1496 482 1664 511 reducitur
1678 483 1876 513 intellectus.
1893 494 1964 513 curn
1981 494 2044 514 non
2059 494 2095 514 cx
2112 485 2236 523 opinio-

1237 534 1334 563 nibus
1356 534 1579 571 singulm-um,
1601 535 1656 564 scd
1676 545 1712 565 cx
1734 537 1898 565 comnmni
1920 546 1981 566 usu
2002 537 2157 576 loquendi
2178 547 2236 567 no-

1237 586 1324 615 mina
1342 586 1481 616 debeant
1498 588 1656 616 exaudiri.

1278 652 1290 665 1)
1314 640 1358 669 Ex
1384 640 1520 669 adverso
1547 649 1622 670 vero
1649 641 1680 669 in
1707 641 1908 670 contrarium
1934 642 2106 671 videbatur
2130 642 2232 680 quod,

1236 701 1308 721 611111
1327 692 1491 730 predictus
1513 694 1550 722 A.
1577 702 1631 722 eos
1655 693 1687 721 111
1711 693 1796 722 tilios
1820 694 1965 723 Ecclesia·
1990 696 2137 724 Romane
2161 704 2236 733 pro-

1237 745 1324 782 prios
1341 750 1369 774 et
1387 745 1547 783 speciales
1562 746 1738 784 receperit,
1756 746 1845 784 ipsos
1862 747 1901 775 ab
1918 746 2057 776 aliorum
2076 752 2235 785 potestate

1236 797 1409 832 subtraxit,
1427 808 1499 827 611111
1518 798 1599 827 illud
1624 799 1665 827 sit
1685 798 1784 827 alicui
1809 799 1992 837 proprium.
2014 800 2099 837 quod
2121 800 2149 829 ei
2174 799 2234 829 soli

1236 855 1429 888 competere,
1445 855 1473 879 et
1492 850 1644 888 speciale,
1659 851 1745 889 quod
1761 851 1800 880 ad
1817 851 1918 881 alium
1937 852 2083 881 noscitur
2099 852 2236 882 minime

1236 905 1413 942 pertinere.
1441 905 1485 933 Ex
1509 912 1545 933 eo
1571 904 1669 933 etiam
1694 910 1804 942 aperte
1828 905 1992 939 conicitur
2019 905 2104 943 quod
2129 905 2236 935 dictus

1236 967 1318 995 papa
1335 966 1389 986 eos
1408 966 1425 985 a
1438 956 1671 995 jurisdictione
1688 957 1937 986 diocesanoruin
1960 958 2136 993 cxi-merit,
2159 959 2237 997 quia

1236 1010 1270 1038 in
1287 1009 1375 1047 ipsos
1395 1009 1434 1037 ab
1453 1008 1518 1037 alio
1535 1018 1631 1046 quam
1650 1010 1797 1038 Romano
1816 1009 1985 1043 l'outilice,
2005 1009 2053 1039 vel
2074 1010 2181 1047 legato
2198 1011 2238 1040 ab

1235 1061 1306 1100 ejus
1323 1061 1424 1090 latere
1440 1061 1614 1095 destinato,
1633 1061 1984 1090 excommunicationis
2004 1061 2053 1091 vel
2070 1062 2238 1093 interdicti

1234 1113 1376 1152 proferri
1390 1113 1572 1143 sententias
1585 1113 1766 1142 interdixit.

1277 1179 1289 1192 n
1320 1165 1470 1196 Secundo
1498 1165 1602 1200 enirn,
1631 1165 1723 1195 illius
1750 1166 1885 1204 capituli
1911 1167 2049 1204 predicti
2071 1167 2239 1206 privilegii

1235 1218 1490 1248 declarationem
1514 1218 1586 1247 fieri
1609 1217 1817 1256 postulabas,
1842 1218 1928 1257 quod
1957 1219 2005 1248 sic
2026 1219 2143 1257 incipit
2170 1230 2176 1248 :
2204 1221 2239 1250 Si

1234 1272 1355 1301 autem¹
1379 1272 1412 1300 in
1432 1272 1504 1300 locis
1520 1271 1643 1299 desertis
1659 1276 1712 1299 aut
1734 1271 1806 1308 ipsis
1831 1272 1921 1300 terris
1941 1272 2181 1301 Sarracenorum
2207 1273 2240 1302 de

1235 1334 1310 1353 novo
1333 1325 1471 1353 eeclesias
1491 1324 1740 1357 construsreritis,
1764 1324 1882 1352 ecclesie
1908 1325 1957 1352 itte
1977 1326 2067 1361 plena
2087 1326 2240 1362 yaueleant

1235 1378 1387 1410 libertate,
1408 1385 1459 1405 nec
1477 1377 1584 1413 aliqua
1598 1385 1653 1413 per
1670 1377 1818 1413 episcopos
1834 1377 2023 1405 decimarum
2047 1379 2093 1405 vel
2113 1378 2241 1406 alterius

1236 1431 1279 1458 rei
1295 1431 1449 1458 exactione
1465 1438 1520 1465 φά
1528 1433 1645 1463 ventur,
1666 1429 1812 1465 liceatque.
1833 1429 1911 1457 robis
1922 1438 1977 1466 per
1992 1431 2115 1458 elericos
2132 1436 2241 1459 vestros

1237 1483 1355 1511 idoncos
1374 1482 1487 1510 casdem
1507 1482 1644 1510 ecclesias
1666 1490 1735 1510 cum
1753 1483 1817 1509 suis
1837 1482 1972 1519 plebibus
1991 1483 2171 1519 gubernare,
2190 1492 2241 1511 nec

1237 1535 1395 1564 interdicto
1410 1543 1465 1571 per
1486 1534 1634 1571 episcopos
1658 1535 1702 1562 vet
1724 1535 2037 1563 ereommmzz'ccztioni
2056 1535 2239 1570 subdantur,

1234 1577 1283 1617 sed
1297 1589 1343 1624 sas
1365 1589 1404 1616 sit
1425 1587 1506 1616 vobis
1524 1592 1583 1615 tam
1606 1588 1637 1615 in
1658 1588 1767 1624 ,llajori
1783 1587 1929 1622 Ecclesia,
1954 1596 2009 1624 que
2027 1593 2117 1625 caput
2134 1594 2173 1616 est
2190 1597 2242 1617 or-

1235 1641 1328 1674 dinis,
1348 1649 1439 1677 quum
1461 1641 1493 1668 in
1513 1640 1574 1668 illis
1596 1640 1704 1669 ctiam,
1727 1641 1999 1668 excommunicatis
2019 1645 2043 1668 et
2070 1641 2242 1669 interdictis

1235 1694 1382 1728 exclusis,
1409 1693 1518 1721 [ticina
1537 1701 1652 1729 semper
1670 1692 1766 1728 officia
1783 1693 1941 1720 celebrare.
1960 1692 2100 1722 Dicebas
2119 1693 2242 1722 etenim

1236 1746 1338 1785 quod,
1363 1754 1437 1775 cum
1461 1745 1545 1774 bone
1569 1744 1726 1774 memorie
1751 1745 1873 1774 Lucius
1896 1754 1979 1782 papa
2004 1745 2241 1783 interpretatus

1234 1799 1336 1829 fuerit
1353 1800 1500 1827 desertum
1522 1806 1594 1827 esse
1611 1797 1824 1832 censendum,
1842 1798 1929 1836 quod
1943 1797 2030 1827 ultra
2047 1799 2240 1828 memoriam

1235 1852 1408 1881 hominum
1433 1850 1494 1879 sub
1520 1850 1778 1880 Sarracenorum
1806 1849 1975 1880 detentum
1999 1855 2047 1879 est
2067 1855 2239 1888 potestate,

1236 1904 1312 1934 talis
1334 1903 1425 1933 locus
1449 1903 1532 1932 eitra
1556 1911 1646 1931 mare
1667 1902 1703 1931 in
1726 1902 1858 1940 Ispania
1882 1911 1946 1931 non
1969 1903 2097 1937 existit,
2116 1903 2241 1932 cumin

1236 1956 1358 1986 celebri
1385 1955 1545 1985 memoria
1571 1955 1759 1989 hominum,
1784 1963 1842 1992 per
1866 1956 1988 1983 samam
2015 1954 2181 1992 publicam
2210 1960 2242 1985 et

1236 2010 1431 2039 documenta
1451 2007 1615 2045 legitima,
1643 2006 1729 2045 quod
1751 2007 1884 2044 Ispania
1907 2007 1989 2036 citra
2010 2016 2100 2037 mare
2126 2007 2242 2037 Chris-

1237 2063 1400 2092 tianorum
1423 2060 1542 2095 fuerit,
1564 2060 1742 2094 liabeattu·;
1761 2064 1791 2089 et
1811 2059 1885 2089 ideo
1906 2068 2099 2089 concessum
2117 2060 2242 2090 eisdem

1235 2114 1395 2144 fratribus
1410 2113 1623 2151 privilegium
1636 2112 1676 2141 ad
1688 2116 1894 2141 constructas
1909 2112 1948 2141 ab
1966 2112 2013 2142 eis
2030 2112 2118 2141 infra
2136 2112 2242 2150 ipsam

1236 2167 1393 2198 ecclesias
1412 2175 1477 2196 non
1495 2171 1544 2195 est
1560 2165 1771 2203 aliquatenus
1795 2165 2052 2201 extendenduni;
2077 2169 2108 2195 et
2129 2174 2166 2195 ex
2185 2166 2245 2194 illa

1235 2221 1384 2250 oratione
1401 2220 1434 2248 de
1456 2228 1549 2252 novo,
1572 2228 1635 2257 que
1653 2218 1776 2248 ibidem
1796 2218 2020 2256 subjungitur,
2045 2218 2079 2247 id
2101 2218 2139 2247 de
2162 2217 2244 2248 locis

1234 2273 1292 2303 ubi
1315 2273 1353 2302 de
1375 2272 1466 2302 nullo
1486 2277 1630 2310 tempore
1645 2271 1781 2300 fuerunt
1807 2270 1960 2305 ecclesie,
1988 2270 2243 2308 intelligendum

1235 2335 1307 2357 esse
1324 2326 1469 2356 docetur.
1488 2326 1551 2355 Per
1566 2324 1626 2354 1106
1644 2328 1754 2354 autem
1768 2323 1854 2362 quod
1867 2323 1914 2352 ibi
1927 2323 2049 2353 dicitur
2065 2329 2243 2353 constructe-

1235 2381 1320 2415 ritis,
1339 2379 1431 2409 nulla
1447 2378 1495 2409 eis
1512 2378 1608 2407 datur
1629 2376 1844 2407 construendi
1861 2376 2012 2411 licentia,
2031 2384 2093 2414 que
2111 2380 2243 2413 propter

1233 2433 1268 2463 id
1290 2433 1324 2462 in
1342 2432 1403 2462 hoc
1427 2441 1445 2461 a
1467 2430 1653 2461 diocesanis
1673 2434 1722 2460 est
1745 2429 1909 2468 episcopis
1927 2428 2139 2467 requirenda.
2162 2429 2243 2458 Pre-

1234 2487 1338 2516 dictas
1368 2489 1479 2514 autem
1506 2483 1663 2514 ecclesias
1691 2491 1748 2520 per
1779 2481 1840 2512 1106
1866 2490 1931 2510 non
1964 2490 2036 2511 esse
2069 2480 2242 2510 asserebas

1234 2542 1417 2576 exemptas,
1439 2536 1525 2576 quod
1541 2536 1663 2565 ibidem
1681 2535 1802 2564 dicitur
1815 2535 1906 2572 plena
1923 2534 2076 2571 qaudcant
2093 2534 2240 2567 libertale,

1234 2600 1307 2622 cum
1325 2591 1412 2630 quod
1424 2590 1463 2620 de
1479 2589 1632 2619 libertate
1650 2588 1813 2617 dictarum
1827 2586 2041 2616 ecelesiarum
2055 2585 2187 2619 dicitur,
2205 2589 2241 2614 ut

1233 2653 1299 2674 non
1325 2653 1343 2673 a
1372 2643 1443 2681 lege
1469 2640 1715 2681 jurisdictionis
1749 2639 1805 2669 sed
1835 2637 2036 2677 diocesan[a]
2064 2638 2242 2667 credantur

1232 2697 1348 2731 libere,
1363 2696 1403 2726 ab
1417 2695 1529 2726 eodem
1542 2694 1643 2724 Lucio
1655 2692 1851 2723 declaretur.
1868 2693 1961 2725 Item,
1976 2699 2049 2720 cuni
2061 2690 2120 2720 hec
2135 2690 2241 2719 oratio

1233 2751 1388 2780 exactione
1414 2753 1585 2786 orarentur
1609 2750 1701 2775 sonet
1727 2745 1761 2773 in
1791 2744 1922 2778 vitium,
1955 2747 2083 2772 constat
2108 2742 2240 2772 easdem

1233 2802 1390 2833 ecelesias
1411 2800 1551 2838 obligari
1574 2799 1614 2828 ad
1637 2797 1825 2827 solvendam
1850 2795 2012 2833 episcopis
2033 2798 2158 2832 partein
2183 2793 2240 2823 de-

1233 2856 1335 2885 bitam
1354 2855 1567 2884 decimarum.
1584 2852 1646 2881 Per
1659 2849 1740 2878 illud
1755 2853 1863 2877 autem
1877 2847 1962 2886 quod
1974 2847 2006 2876 in
2021 2846 2166 2884 predicto
2175 2846 2239 2884 pri-

1267 2962 1286 2984 i.
1304 2960 1523 2989 Mtflxt-:‚P3!1·ol.
1543 2955 1761 2981 tat..1tn¹1.,cul.
1780 2953 1916 2976 1111141119.
