2519 3518
135 278 201 307 11⁸1
979 275 1200 313 normEME
1224 276 1381 312 ΑΝΝΕΕ.
2152 287 2223 315 its-2

132 345 338 372 Cistercicnsis
358 347 481 379 ordinis,
500 347 693 375 Abrincensis
709 349 860 381 dioecesis,
877 349 975 376 abbati
994 349 1139 376 Macaria-

130 401 206 425 rum,
224 394 354 427 ejusdem
375 396 498 427 ordinis,
516 396 722 423 Cabilononsis
738 397 890 429 dioecesis,
906 407 957 424 ucc
975 406 1030 424 non
1050 397 1137 432 priori

132 441 167 467 de
184 442 344 469 Loviniaeo
360 446 404 475 (=
422 445 549 478 Lugny).
567 444 788 472 Cat-thusiensis
804 446 928 477 ordinis,
945 446 1139 477 Lingoucnsis

132 490 284 522 dioecesis,
299 495 327 518 et
342 492 429 526 priori
444 492 479 518 110
495 493 665 525 Glanderio,
678 494 808 526 ejusdcm
827 494 1048 521 Cartliusicusis
1063 494 1139 521 ordi-

133 539 189 570 nis,
206 540 426 566 Leiuovicensis
442 541 594 573 dioecesis,
610 542 731 568 mandat
746 546 889 576 quatenus
907 543 934 569 in
953 543 1139 569 exsecutione

132 588 310 621 apostolicae
329 589 505 623 provisionis
521 598 608 624 super
625 593 703 616 statu
727 594 753 617 ct
780 591 988 617 reformatione
1011 591 1140 618 Grandi—

134 637 296 663 montensis
313 637 436 667 ordinis,
460 638 543 671 juxta
567 639 690 664 formam
713 638 785 673 ipsis
806 639 944 666 traditam
971 640 1138 673 procedant,

132 692 189 711 non
217 685 352 712 obstante
377 686 451 720 quod
474 686 578 713 Helias
599 687 696 718 nerii,
723 687 894 714 Matthaeus
922 688 1004 721 Bojol
1031 691 1060 714 et
1086 688 1139 714 alii

132 733 262 767 ejusdem
278 734 391 761 ordinis
408 735 511 761 fratres
536 735 740 766 dissentirent,
764 735 885 762 rescisso
907 744 1040 770 processu
1061 737 1139 771 epis-

132 782 196 816 copi
211 782 398 809 Pictavensis
414 783 535 817 ejusque
548 784 738 817 collegarum,
756 792 878 817 quorum
901 785 1069 817 jurisdictio
1089 793 1140 819 per

132 830 254 856 eandem
273 831 471 865 provisionem
495 831 619 858 debebat
641 840 692 865 pro
715 834 850 859 revocata
867 832 978 859 haberi.
998 848 1028 851 —
1051 834 1136 865 (ΒΕΘ.

131 878 176 909 19,
194 880 213 905 f.
228 879 259 905 61
278 882 317 911 r⁰;
334 888 404 906 ann.
421 880 489 911 XII,
506 888 530 906 0.
548 880 618 912 326;
637 895 668 898 —
685 880 914 912 Monmu119‘2,
934 883 952 907 s.
969 881 1086 913 ‘221;—
1099 883 1136 908 ef.

131 934 228 959 supra,
243 932 272 954 u⁰
286 928 378 959 4436.)

173 1053 186 1068 «
206 1064 226 1071 ..
243 1042 276 1071 tle
290 1043 454 1072 Cauiniaco
470 1047 495 1071 el
514 1065 531 1070 ..
554 1043 757 1072 Maceriarum
776 1044 940 1079 abbatibus.
961 1044 1139 1073 cistercien-

130 1096 182 1124 sis.
203 1100 228 1123 et
249 1118 268 1123 ..
286 1096 320 1124 [Ie
337 1096 498 1125 Loviniaco
518 1101 544 1124 el
567 1118 584 1123 ..
610 1096 644 1124 de
667 1096 829 1125 Glamlerio
845 1097 1010 1133 prioribus,
1032 1098 1139 1126 Car-zu-

129 1149 238 1177 siensis
253 1149 412 1183 ordinum,
428 1149 634 1181 Abi-incensis,
653 1149 872 1183 Cabilonenfls,
894 1151 1092 1186 Lz'nyonensis
1114 1156 1139 1179 et

131 1202 348 1230 Lemovicensis
363 1202 526 1231 diocesani.
544 1201 616 1231 Etsi
634 1201 796 1231 hactenus
814 1211 913 1240 super
934 1206 1022 1231 statu
1041 1207 1072 1232 et
1088 1211 1140 1232 re-

131 1253 329 1284 formatione
345 1254 660 1284 Grandimontensis
676 1254 804 1283 ordinis
826 1264 883 1292 per
899 1254 1036 1284 dilectos
1052 1254 1139 1284 tilios

133 1328 152 1334 ..
170 1306 313 1344 priorem
333 1311 362 1336 et
377 1306 536 1344 quosdam
554 1306 636 1336 alios
654 1307 774 1336 fratres
791 1307 897 1344 ipsius
911 1307 1038 1337 ordinis
1054 1307 1140 1345 apud

132 1359 249 1389 Sedeul
266 1359 488 1397 Apostolicam
509 1359 591 1389 satis
608 1360 710 1389 fuerit
726 1359 924 1391 laboratum.
944 1365 974 1390 et
991 1369 1061 1395 nos,
1083 1361 1139 1399 qui

130 1411 262 1441 felicem
278 1416 309 1442 et
322 1412 471 1450 quietum
484 1412 699 1442 ecclesiarum
715 1417 836 1442 statum
851 1413 1003 1450 cupimus
1017 1414 1140 1443 nostris

132 1463 334 1501 temporibus
352 1464 554 1494 conservari.
572 1464 611 1494 de
633 1464 774 1494 fratrum
795 1469 982 1494 nostrorum
1000 1465 1140 1495 consilio

130 1525 229 1554 super
259 1516 320 1546 hoc
346 1516 564 1556 dux[er]imus
591 1517 831 1555 providendum
855 1528 860 1546 :
884 1517 992 1547 adhuc
1017 1522 1137 1551 tamen,

129 1568 328 1607 quibusdam
351 1569 573 1599 dissensionis
597 1569 676 1599 filiis
697 1570 964 1607 procurantibus,
993 1579 1059 1600 non
1081 1580 1140 1609 po-

129 1626 191 1651 test
211 1630 228 1651 a
247 1621 472 1651 turbationum
487 1622 665 1659 angustiis,
684 1623 771 1661 quod
783 1622 932 1653 dolentes
948 1624 1136 1659 referimus,

128 1674 282 1705 relevari.
306 1675 503 1713 Accepimus
520 1684 611 1710 sane,
635 1676 800 1706 referente
825 1675 872 1714 [..]
895 1676 1013 1714 priore.
1039 1677 1137 1715 quod,

129 1736 203 1756 cum
221 1736 292 1763 nos,
309 1732 382 1766 post.
397 1727 526 1757 litteras
543 1728 583 1757 ad
596 1728 821 1758 venerabilem
837 1729 973 1758 fratrem
988 1734 1138 1759 nostrum

130 1803 150 1810 ..
173 1780 363 1818 episcopum
388 1781 619 1810 Pictavensem
645 1785 677 1810 et.
701 1790 779 1811 51105
800 1781 943 1819 collegas
965 1791 1064 1820 super
1088 1783 1138 1812 sa-

128 1832 245 1862 cienda
267 1833 486 1871 inquisitione
503 1838 617 1863 contra
633 1834 743 1872 ipsum
766 1834 909 1872 priorem
926 1839 957 1864 et
977 1835 1138 1865 reforma-

130 1885 218 1915 tione
234 1885 362 1915 ordinis
379 1886 561 1924 supradicti
577 1886 731 1921 directas.
755 1891 785 1916 et
802 1886 950 1916 diversos
969 1887 1137 1918 auditores

129 1938 290 1976 partibus,
309 1938 395 1976 apud
412 1938 529 1968 Sedem
548 1938 771 1976 Apostolicam
788 1943 920 1976 propter
936 1939 997 1969 1100
1014 1940 1138 1969 consti-

131 1990 220 2020 tutis.
241 1999 416 2020 concessos
433 2000 451 2020 a
470 1991 576 2028 nobis,
596 1991 823 2021 executionem
848 1992 1048 2029 provisionis
1064 2001 1138 2030 pre-

129 2043 196 2073 fate
215 2043 276 2072 sub
299 2047 388 2073 certa
404 2043 510 2072 forma
526 2043 619 2073 vobis
637 2043 828 2073 duxerimus
845 2045 1114 2074 committendam
1131 2055 1136 2074 ε

130 2095 270 2135 Hel[ias]
293 2096 398 2131 iterii,
426 2096 578 2126 Matheus
600 2097 693 2135 Bojol
718 2101 749 2126 et
776 2097 910 2136 quidam
934 2097 991 2127 alii
1018 2099 1138 2128 fratres

130 2149 258 2179 ordinis
272 2149 464 2187 supradicti,
479 2154 636 2180 conantes
649 2150 802 2179 effectum
814 2155 924 2180 nostre
939 2151 1139 2188 provisionis

131 2202 285 2241 nequiter
300 2211 452 2236 vacuare,
476 2203 549 2240 ipsa
567 2211 632 2232 non
653 2203 810 2239 contenti.
838 2212 872 2232 se
895 2203 935 2232 ad
956 2203 1140 2241 litigiorum

131 2254 305 2292 strepitum
322 2259 565 2290 converterunt,
585 2255 781 2293 jamdictum
793 2255 936 2293 priorem
952 2256 991 2285 ad
1005 2257 1140 2287 audien-

130 2307 204 2337 dam
220 2316 319 2345 super
334 2307 555 2346 inquisitione
571 2308 700 2345 prefata
715 2308 925 2338 diffinitivam
939 2310 1139 2339 sententiam

130 2366 314 2391 evocantes.
341 2361 458 2390 Coram
475 2361 616 2399 quibus¹
638 2361 713 2391 licet
730 2370 766 2390 ex
784 2366 875 2399 parte
895 2362 1001 2400 ipsius
1020 2363 1138 2400 prioris

130 2414 231 2444 fuerit
263 2413 456 2451 excipiendo
482 2414 687 2452 propositum
715 2414 801 2452 quod
828 2424 885 2452 per
911 2416 1139 2446 executionem

130 2471 241 2497 nostre
258 2467 459 2504 provisionis
476 2466 569 2496 vobis
586 2467 809 2496 commissam.
823 2476 935 2497 eorum
950 2468 1139 2506 Jurisdictio

130 2520 303 2558 expirarat,
325 2518 564 2548 nichilominus
587 2523 696 2549 tamen
715 2519 792 2557 ipsi.
812 2520 990 2550 temeritati
1009 2521 1139 2559 proprie

128 2572 323 2601 innitentes.
340 2571 448 2609 ipsum
465 2571 505 2600 ab
517 2571 819 2601 amministratione
831 2572 1007 2609 prioratus.
1027 2578 1092 2602 tam
1104 2573 1139 2602 in

130 2625 362 2663 spiritualibus
378 2633 476 2663 quam
489 2623 738 2662 temporalibus.
752 2624 791 2654 de
805 2624 904 2655 facto.
922 2634 994 2654 cum
1013 2625 1051 2655 de
1064 2626 1139 2664 jure

130 2678 353 2717 nequiverint,
379 2676 624 2707 sententialiter
649 2681 872 2711 removerunt.
902 2678 1139 2708 correctionem

131 2823 194 2840 nom
215 2817 249 2840 de
269 2820 341 2840 cette
363 2817 469 2846 abbaye
489 2823 518 2839 se
540 2819 637 2839 trouve
659 2815 796 2845 plusieurs
814 2815 866 2838 fois
889 2815 1011 2839 deforme
1028 2816 1096 2839 dans
1115 2817 1140 2839 le

131 2862 274 2890 Regma-m
291 2860 359 2884 dans
375 2860 505 2884 l'adresse
519 2860 553 2883 de
575 2860 601 2882 Ia
623 2859 700 2890 piece
717 2859 786 2887 4436,
809 2866 845 2882 on
869 2860 899 2882 lit
919 2861 1090 2888 Saloninam,
1114 2865 1140 2883 et

133 2905 200 2927 daus
216 2904 284 2928 celle
300 2904 333 2928 de
350 2904 375 2927 la
390 2903 467 2934 piece
484 2904 553 2933 4571,
570 2905 735 2927 Siluiniaco.

168 2949 187 2971 1.
207 2947 400 2972 C'est—a-dire:
417 2949 547 2976 episcopo
564 2948 722 2970 Pictavensi
739 2949 761 2968 et
777 2947 838 2974 ejus
853 2947 976 2975 coneyis.

1223 353 1253 377 et
1271 349 1538 380 reformationem
1558 360 1655 388 super
1672 352 1857 381 commissis
1881 352 1943 381 sibi
1967 353 2084 382 ceteris
2102 353 2225 382 articu-

1223 399 1276 435 lis,
1294 401 1395 430 donec
1413 402 1671 432 substitueretur
1694 403 1779 433 alius
1802 405 1891 441 prior
1910 405 2005 436 inihi.
2029 410 2057 434 et
2083 410 2225 443 potcsta-

1224 458 1287 482 teni
1306 455 1436 484 taxandi
1454 464 1613 493 expensas
1637 458 1738 485 factas
1761 457 1800 485 ab
1824 457 1918 486 Helia
1939 462 1966 487 ct
1996 458 2137 487 Matheo.
2160 459 2226 487 sra-

1224 506 1329 535 trihus
1359 508 1734 544 Grandinmntonsihus,
1764 510 1925 547 pendente
1958 511 2088 546 nef-'otio
2118 520 2225 540 coram

1223 559 1282 588 eis.
1303 560 1540 590 nichilominus
1554 567 1780 591 rcservantes:
1799 568 1930 601 propter
1944 564 2028 602 quod
2043 564 2127 593 idem
2140 565 2227 602 prior

1223 611 1263 640 ad
1288 612 1405 642 Sedem
1434 612 1525 642 duxit
1557 614 1776 652 Apostolicam
1809 616 2056 645 recurrendum.
2084 617 2226 655 Ideoque

1223 664 1419 694 mandamus
1438 670 1614 704 quatenus,
1633 667 1661 696 si
1678 676 1746 697 rem
1766 668 1962 698 inveneritis
1984 669 2028 698 ita
2047 678 2133 704 esse,
2153 679 2226 707 pre-

1222 716 1384 746 dictorum
1412 718 1556 756 episcopi
1581 724 1611 748 et
1637 719 1835 757 collegarum
1861 721 1932 759 ejus
1959 731 2164 759 processum.
2197 728 2224 752 ct

1222 770 1381 808 quicquid
1395 780 1432 800 ex
1455 780 1493 800 eo
1511 776 1660 801 secutum
1680 777 1727 802 est
1745 773 1795 803 vel
1811 773 1851 801 ol·
1868 774 1988 811 ipsum.
2008 774 2136 803 nullum
2155 784 2226 805 esse

1221 822 1354 860 penitus
1391 824 1602 859 nuntiantes,
1636 834 1710 854 cum
1740 835 1796 863 per
1825 827 2046 864 provisionem
2082 832 2227 857 nostram

1222 883 1335 904 eorum
1364 875 1632 914 jurisdictionem
1664 877 1926 908 intellexerimus
1960 884 2160 909 revocatam.
2192 881 2226 909 in

1222 928 1414 958 executione
1447 930 1572 966 prefate
1602 931 1816 968 provisionis.
1845 932 1937 970 juxta
1967 933 2106 961 sormam
2134 933 2225 962 vobis

1223 979 1386 1015 traditam,
1407 980 1536 1010 sublato
1555 982 1732 1020 cujuslibet
1754 983 1936 1014 dilationis.
1955 984 2225 1014 contradictionis

1222 1035 1253 1061 et
1270 1032 1500 1070 appellationis
1517 1034 1696 1064 obstaculo.
1715 1035 1913 1065 discretione
1932 1037 2054 1074 previa,
2071 1038 2226 1075 proceda-

1223 1084 1276 1113 tis.
1295 1085 1368 1114 Dat.
1387 1086 1552 1121 Laterani,
1571 1088 1621 1116 III
1642 1087 1800 1117 kalendas
1819 1089 2013 1118 decembris.
2036 1099 2122 1119 anno
2145 1091 2225 1120 duo-

1222 1137 1361 1167 decimo.
1383 1150 1396 1164 »

1293 1316 1410 1343 433³
1736 1319 1856 1347 Latran.
1873 1320 1888 1345 3
1905 1320 2063 1346 novembre
2074 1321 2156 1360 1238.

1258 1379 1409 1405 Decanum
1427 1383 1453 1406 et
1471 1379 1634 1413 capitulum
1650 1380 1819 1407 Aeduenses
1836 1386 1913 1415 rogat
1930 1385 1956 1408 et
1975 1386 2072 1409 monet
2087 1386 2230 1416 quatenus

1223 1426 1390 1454 Hubertuni
1408 1428 1443 1454 de
1464 1428 1601 1459 Eumne,
1620 1429 1773 1459 clericum,
1787 1430 1953 1457 Aeducusis
1966 1431 2117 1462 dioecesis,
2137 1433 2230 1458 cccle-

1222 1476 1296 1502 siam
1314 1476 1349 1502 de
1363 1477 1461 1507 Deste,
1482 1485 1568 1510 quau]
1587 1477 1617 1503 in
1634 1478 1735 1504 eaden]
1759 1478 1885 1505 dioecesi
1906 1480 2068 1509 obtinebat,
2084 1481 2230 1513 resignare
2275 1514 2277 1516 Ι

1221 1527 1369 1559 paratum,
1387 1525 1533 1559 recipiant
1549 1525 1578 1551 in
1601 1526 1774 1553 canonicum
1786 1548 1792 1559 ,
1809 1527 1893 1561 eique
1914 1529 2033 1555 stallum
2053 1529 2081 1555 iu
2100 1530 2186 1555 choro
2202 1534 2230 1556 et

1221 1574 1318 1601 locum
1340 1574 1370 1600 in
1391 1574 1521 1608 capitulo
1542 1575 1707 1608 assignent.
1730 1576 1756 1602 ei
1777 1576 1812 1602 de
1834 1576 1998 1610 praebenda
2021 1578 2175 1611 provisuri.
2198 1593 2229 1596 —-

1221 1623 1308 1654 (REG.
1323 1622 1367 1654 19,
1386 1624 1405 1649 f.
1422 1622 1453 1649 61
1470 1626 1513 1654 v⁰;
1530 1631 1600 1649 ann.
1618 1623 1685 1655 XII,
1703 1632 1727 1650 c.
1743 1624 1810 1655 327;
1829 1639 1860 1642 ——
1877 1625 2009 1653 MonEAL·
2026 1626 2103 1655 1192,
2123 1628 2141 1652 t.
2156 1626 2230 1657 199.)

1263 1736 1274 1750 «
1297 1747 1315 1753 ..
1333 1725 1444 1753 decano
1461 1729 1487 1753 et
1504 1726 1637 1762 capitulo
1657 1725 1856 1754 Ecluensibns.
1877 1725 2025 1755 Dilectus
2048 1726 2137 1756 filius
2156 1728 2227 1757 Hu—

1219 1777 1332 1807 bertus
1344 1777 1383 1806 de
1395 1777 1544 1811 Buxolio.
1560 1777 1711 1808 clericus.
1724 1778 1888 1807 Eduensis
1901 1778 2053 1808 diocesis.
2068 1779 2099 1807 in
2114 1785 2223 1809 nostra

1219 1830 1389 1867 proposuit
1405 1830 1573 1867 presentia
1588 1830 1788 1860 constitutus
1805 1831 1905 1869 quod.
1924 1840 1997 1860 cnm
2018 1831 2096 1861 olim
2121 1857 2139 1861 ..
2166 1833 2223 1862 ab·

1220 1883 1288 1912 bati
1302 1883 1340 1912 de
1356 1882 1591 1912 Benedictioue
1608 1883 1679 1917 Dei.
1697 1883 1930 1913 Cisterciensis
1942 1885 2080 1917 ordinis,
2097 1886 2225 1916 direxe-

1220 1936 1326 1965 rimus
1352 1936 1474 1973 scripta
1496 1939 1622 1970 nostra7
1648 1940 1694 1964 111.
1714 1935 1741 1965 51
1762 1936 1866 1974 major
1883 1941 1911 1965 et
1930 1937 2042 1966 sanior
2062 1947 2135 1975 pars
2153 1948 2224 1969 ves-

1220 1993 1306 2018 trum
1319 1988 1521 2018 consentiret
1535 1988 1569 2017 in
1584 1988 1704 2026 ipsumr
1718 1989 1805 2019 idem
1818 1990 1939 2018 eumin
1952 1995 2061 2020 vestra
2073 1991 2223 2021 ecclesia.

1221 2051 1286 2072 non
1307 2042 1458 2072 obstante
1480 2041 1583 2079 partis
1604 2042 1864 2071 contradictione
1886 2043 2035 2072 minoris.
2059 2044 2159 2082 recipi
2178 2045 2226 2074 sa-

1221 2099 1309 2125 ceret
1325 2094 1358 2123 iu
1376 2094 1572 2124 canonicum
1595 2098 1627 2124 et
1644 2094 1679 2123 in
1701 2095 1850 2124 fratrem.
1878 2095 1943 2124 nisi
1963 2096 2149 2126 obiceretur
2166 2097 2227 2126 ali·

1221 2147 1301 2186 quid
1332 2146 1530 2177 rationabile
1567 2152 1681 2176 contra
1711 2156 1803 2177 eum.
1838 2158 1873 2177 ac
1904 2148 2002 2177 etiam
2035 2149 2228 2187 probaretur

1222 2210 1324 2240 quare
1344 2201 1377 2229 id
1398 2201 1471 2230 fieri
1493 2209 1556 2230 non
1580 2200 1728 2235 deberet,
1753 2201 2011 2231 contradictores
2028 2220 2066 2223 —
2081 2212 2229 2241 compes-

1222 2254 1336 2288 cendo,
1359 2258 1390 2283 et
1415 2253 1522 2283 dictus
1546 2253 1647 2283 abbas
1667 2263 1723 2283 vos
1749 2254 1789 2283 ad
1811 2264 1904 2283 suam
1925 2260 2056 2293 propter
2078 2255 2138 2285 hoc
2155 2266 2229 2294 pre-

1223 2307 1363 2337 sentiam
1388 2306 1557 2336 citavisset
1576 2316 1582 2335 :
1601 2306 1819 2344 postmodum.
1843 2307 1914 2345 ipso
1935 2307 2054 2337 clerico
2071 2317 2105 2338 se
2123 2314 2229 2339 vestre

1222 2359 1327 2397 gratie
1343 2359 1570 2389 submittente.
1588 2364 1618 2388 et
1642 2358 1733 2388 vobis
1753 2368 1809 2397 per
1830 2364 1978 2398 patentes
1998 2360 2126 2390 litteras
2146 2361 2230 2391 obli-

1222 2412 1377 2450 gantibus
1390 2421 1445 2441 vos
1458 2416 1565 2441 ratum
1578 2411 1749 2441 habituros
1763 2417 1792 2441 et
1806 2412 1948 2447 firmum,
1963 2413 2120 2452 quicquid
2132 2423 2230 2452 super

1221 2464 1282 2494 hoc
1300 2464 1501 2494 venerabilis
1525 2465 1627 2494 frater
1648 2469 1760 2494 noster
1781 2488 1800 2493 ..
1819 2465 1991 2504 episcopus
2014 2471 2044 2495 et
2064 2467 2228 2505 quondam

1224 2541 1244 2546 ..
1267 2518 1368 2547 abbas
1390 2517 1502 2547 Sancti
1527 2517 1686 2555 Stephani
1710 2517 1874 2547 Eduensis
1897 2518 2054 2548 ducerent
2072 2519 2230 2549 ordinan-

1222 2571 1309 2606 dum,
1337 2571 1438 2600 iidem
1461 2570 1646 2600 ordinando
1671 2570 1780 2600 taliter
1802 2571 2019 2601 decreverunt
2043 2577 2077 2601 ut
2099 2572 2132 2601 in
2157 2582 2230 2610 pre-

1222 2624 1309 2653 dicta
1326 2623 1465 2653 ecclesia
1482 2628 1587 2653 certas
1602 2623 1855 2653 distributiones
1870 2624 2062 2662 perciperet.
2081 2625 2183 2655 donec
2195 2626 2230 2654 in

1222 2685 1260 2706 ea
1284 2676 1323 2706 de
1349 2676 1547 2706 canonicatu
1573 2675 1801 2713 provideretur
1826 2676 1944 2705 eidem.
1973 2677 2036 2706 Sed
2062 2687 2128 2711 vos,
2155 2677 2229 2707 licet

1221 2729 1446 2767 provisionem
1473 2729 1666 2767 hujusmodi
1690 2729 1754 2757 visi
1777 2729 1909 2758 fueritis
1940 2734 2138 2767 acceptasse.
2167 2730 2232 2759 sibi

1222 2781 1477 2811 distributiones
1496 2780 1682 2810 exhibendo
1702 2781 1878 2818 predictas⁷
1896 2781 2005 2819 ipsum
2023 2786 2131 2811 tamen
2150 2792 2232 2812 nou-

1223 2833 1301 2863 dum
1316 2834 1351 2862 in
1368 2833 1565 2863 canonicum
1583 2833 1767 2870 recepistis.
1785 2842 1985 2871 quamquam
2000 2833 2125 2871 pluries
2141 2834 2232 2864 obtu-

1223 2886 1300 2916 lerit
1325 2895 1360 2916 se
1385 2885 1536 2919 facultas,
1565 2885 1719 2915 videlicet
1741 2890 1812 2915 octo
1840 2885 2016 2923 prebendis
2041 2887 2233 2917 vacantibus

1224 2943 1337 2977 postea
1351 2939 1385 2968 in
1399 2938 1522 2968 eadem.
1538 2938 1620 2968 Cum
1638 2937 1740 2974 igitur
1756 2938 1790 2966 in
1805 2938 1991 2975 receptione
2003 2938 2108 2976 ipsius
2121 2939 2235 2969 eadem
