2371 3497
162 313 179 343 3
877 304 1112 336 REGis'rREs
1135 304 1189 333 DE
1212 297 1432 333 GREGOIRE
1456 304 1514 333 1x.
2230 304 2248 333 4

162 383 191 407 et
212 378 305 416 quasi
326 386 382 414 pro
399 375 540 405 heretico
558 374 704 403 habitus.
722 372 849 401 nullum
868 371 1027 401 auxilium
1043 369 1155 408 requi-

162 435 226 459 rat.
245 440 284 458 iu·
301 434 408 457 notam
428 427 565 464 alicujus
585 426 684 463 possit
703 424 897 462 suspitionis
914 424 1093 452 incurrere.

204 494 215 507 (t
235 481 325 517 Quod
343 480 508 509 Aluti-inus
529 478 747 507 subdiaconus
766 481 795 505 et
813 476 1000 513 capellanus
1018 475 1087 504 suis
1107 478 1153 504 est

160 533 330 563 beneflciis
356 532 529 569 spoliatus.
551 535 577 558 et
604 530 760 565 magister
779 529 948 559 ¹Iohannes
972 528 1009 557 de
1036 528 1154 557 Sancto

159 586 322 615 Germano
336 583 492 621 spoliatus
511 587 555 611 est
578 582 735 610 lwuvtivio
753 590 822 610 suo.

200 650 212 663 α
231 637 321 672 Quod
338 635 492 664 net-lesias
513 634 656 663 civitatis
673 634 795 663 Sorane
813 633 957 670 reparari
973 631 1152 669 permittat.

200 702 211 715 (ι
231 690 276 717 Dc
295 691 400 717 castro
417 687 536 715 Montis
554 685 686 720 Res-*ulis
703 685 876 714 destructo.
895 684 979 722 quod
996 684 1060 713 fuit
1076 692 1153 713 con-

157 745 316 771 structum
333 750 348 769 a
367 748 440 773 rof-re
460 738 627 767 willelmo
643 738 681 767 ad
700 738 870 766 tuitionem
892 736 1047 765 Ecclesie.

198 806 209 819 a
229 794 273 822 De
291 791 501 821 restituendis
519 791 636 827 [bonis]
655 790 791 819 ecclesie
810 789 929 818 Montis
946 787 1092 825 Regalis.

197 858 209 871 «
228 846 274 874 De
291 844 427 873 ccclesia
447 842 673 873 Catliauiensi.

197 910 209 923 α
228 898 273 926 De
297 896 433 926 ecclesia
460 895 682 933 Squillarcna.
708 895 800 932 eujus
830 895 914 924 bona
941 894 1010 924 fere
1041 893 1153 923 omnia

155 955 230 980 sunt
250 954 416 987 occupata.

197 1016 209 1029 t(
231 1003 277 1032 De
299 1001 436 1031 ecclesia
458 1000 700 1038 Cephaludensi
717 1004 746 1029 et
768 999 918 1037 episcopo
940 999 1010 1038 ejus
1036 999 1149 1037 ejecto.

196 1068 208 1081 (t
227 1055 273 1084 Do
293 1053 429 1083 ecclesia
449 1052 620 1082 Mcltiensi.

196 1119 209 1133 α
230 1108 276 1136 De
294 1106 491 1135 monasterio
508 1105 619 1135 Sancti
635 1104 798 1135 ,Iohannis
814 1105 848 1133 in
870 1104 991 1139 Lamis,
1012 1104 1065 1133 eui
1083 1104 1151 1134 fere

153 1159 262 1188 ablata
276 1162 351 1188 sunt
368 1158 476 1186 onmia
494 1166 556 1195 que
576 1157 702 1186 habuit.

195 1224 207 1238 «
234 1212 279 1241 De
305 1210 503 1239 monasterio
529 1210 627 1239 Terre
655 1210 808 1247 Majoris‚
833 1210 919 1248 quod
944 1210 1079 1239 omnino
1103 1214 1151 1240 est

153 1264 367 1294 destructum.

196 1329 207 1343 a
228 1317 274 1346 De
291 1315 490 1345 monasterio
507 1315 622 1345 Mileti.

195 1382 206 1395 (ι
225 1370 271 1398 De
288 1368 486 1397 monasterio
503 1367 620 1397 Sancte
637 1368 797 1398 Eufemie.

194 1434 207 1448 α
226 1422 271 1451 De
286 1421 475 1450 hominibus
489 1420 606 1449 ablatis
623 1420 788 1450 universis
805 1420 954 1450 ecclesiis
971 1430 1028 1459 per
1043 1421 1150 1460 injus-

154 1479 202 1504 tas
219 1473 464 1512 inquisitiones.

194 1539 206 1553 «
227 1527 273 1555 De
292 1525 425 1564 prelatis
444 1525 657 1555 ecclesiarum
674 1531 704 1555 et
722 1526 896 1555 abbatibus
916 1525 1149 1556 Cisterciensis

152 1583 183 1609 et
200 1578 338 1608 aliorum
354 1578 517 1612 ordinum,
533 1577 589 1616 qui
606 1583 766 1615 coguntur
781 1587 838 1616 per
853 1578 1002 1616 singulos
1018 1588 1148 1609 menses

150 1630 226 1660 dare
245 1635 366 1660 certam
385 1639 545 1659 summam
563 1631 700 1668 pecunie
716 1639 773 1669 pro
789 1631 1032 1661 constructione
1049 1640 1149 1661 novo-

150 1692 224 1713 rum
246 1688 439 1713 castrorum.

192 1749 204 1762 «
222 1737 268 1766 De
285 1736 549 1774 possessionibus
567 1736 633 1766 sere
656 1737 820 1767 universis
844 1737 993 1767 ecclesiis
1015 1738 1146 1768 ablatis.

192 1801 205 1815 «
223 1790 270 1818 De
292 1788 441 1818 ecclesiis
462 1793 490 1818 et
512 1789 682 1819 beneficiis
704 1790 879 1819 subtractis
902 1790 1032 1820 clericis
1055 1800 1148 1821 occa-

150 1841 243 1871 sione
261 1841 416 1875 tertiarie‚
432 1845 461 1870 et
476 1841 560 1880 quod
575 1842 757 1879 pertineant
776 1842 816 1871 ad
831 1842 1038 1873 collationem
1056 1844 1147 1882 prin-

150 1893 248 1931 cipis,
268 1893 324 1931 qui
341 1902 377 1923 ea
394 1894 550 1923 canonice
566 1894 700 1923 fuerunt
717 1894 836 1932 adepti.

192 1958 205 1972 α
224 1946 269 1975 De
285 1946 525 1984 personatibus,
543 1947 599 1985 qui
616 1947 735 1976 dantur
749 1947 897 1985 indignis
913 1948 1144 1987 etjuvenibus‚

151 1998 206 2036 qui
224 2006 287 2027 non
305 1998 431 2027 faciunt
447 1999 672 2028 residentiam.

191 2062 204 2076 α
222 2050 312 2086 Quod
333 2050 447 2088 prelati
472 2060 534 2080 non
557 2051 677 2081 audent
701 2052 875 2090 procedere
897 2057 1011 2084 contra
1027 2064 1147 2085 usura-

149 2102 228 2137 rios,
248 2103 418 2133 occasione
439 2104 684 2134 constitutionis
700 2105 893 2143 imperialis.

193 2168 205 2181 α
223 2156 269 2185 De
285 2155 435 2193 episcopo
451 2156 637 2193 Giracensi‚
657 2158 711 2196 qui
733 2158 795 2187 fuit
816 2159 953 2189 scutifer
973 2163 1147 2192 camerarii

151 2211 182 2237 et
197 2208 303 2237 factus
319 2213 366 2237 est
383 2209 569 2247 episcopus,
589 2214 618 2239 et
635 2210 734 2239 simul
747 2212 871 2249 accepit
885 2221 998 2243 omnes
1014 2214 1146 2245 ordines

151 2264 181 2289 et
199 2260 340 2289 nondum
358 2261 503 2298 pervenit
521 2261 561 2290 ad
581 2262 781 2292 tricesimum
799 2273 935 2294 annum.

193 2325 206 2338 α
228 2313 273 2341 De
293 2313 538 2351 quatuordecim
561 2314 689 2343 clericis
711 2315 749 2344 de
772 2321 878 2346 castro
895 2318 1018 2349 Averse
1035 2321 1147 2359 expul-

152 2364 216 2399 sis,
237 2369 267 2394 et
290 2365 374 2403 quod
397 2365 535 2395 ccclesia
557 2366 590 2395 in
614 2377 676 2405 qua
699 2372 807 2403 erant,
826 2369 899 2399 data
918 2375 967 2400 est
989 2373 1147 2404 scutifero

151 2416 298 2453 magistri
319 2417 481 2447 Johannis
498 2418 535 2447 de
553 2420 667 2448 Lauro.

194 2480 206 2494 ιι
225 2468 315 2504 Quod
333 2469 366 2498 in
387 2469 534 2499 ecclesiis
552 2472 743 2502 vacantibus
759 2473 797 2503 de
814 2476 967 2506 mandato
982 2477 1146 2516 imperiali

152 2521 375 2550 conceduntur
390 2522 494 2559 primo
513 2527 541 2551 et
560 2524 702 2553 secundo
720 2530 882 2558 vacature.

193 2585 206 2599 «
224 2574 269 2603 De
285 2573 420 2603 «Iudeis¹
440 2575 557 2605 ablatis
574 2576 770 2614 quibusdam
787 2580 945 2612 ecclesiis.

193 2638 205 2651 u
231 2625 322 2662 Quod
347 2626 489 2665 episcopi
518 2637 581 2657 non
609 2630 843 2666 permittuntur
869 2633 976 2665 facere
1002 2639 1147 2669 notarios

151 2677 310 2716 publicos,
330 2679 413 2707 sicut
430 2687 682 2711 consueverunt.

193 2742 205 2756 «
227 2730 318 2766 Quod
334 2731 367 2759 in
385 2732 480 2761 terris
502 2734 628 2763 noviter
648 2737 845 2767 constructis
866 2747 931 2769 non
951 2743 1148 2778 permittun-

153 2786 205 2811 tur
223 2782 368 2812 edificari
385 2784 532 2815 ecclesie.

193 2847 206 2861 «
224 2835 315 2871 Quod
333 2836 432 2866 multe
450 2837 586 2868 ecclesie
603 2848 619 2868 a
638 2840 862 2872 fundamentis
880 2850 956 2874 sunt
973 2846 1091 2879 dirute.

186 2946 206 2969 1.
223 2948 270 2970 Ms.
289 2946 430 2970 :Judecis.

1279 382 1290 395 ι(
1309 371 1356 399 De
1373 369 1606 398 archidiacono
1623 368 1833 399 Salernitano
1852 368 1924 397 sine
1941 376 2041 397 causa
2057 368 2204 406 expulso.

1279 434 1290 448 «
1314 423 1361 450 De
1382 420 1450 450 filio
1476 421 1564 458 regis
1585 420 1704 450 Tunici
1728 420 1917 454 liberando,
1943 421 2000 458 qui
2024 420 2179 450 veniebat
2206 421 2248 451 ad

1236 473 1458 511 Apostolicam
1475 473 1592 503 Sedem
1608 477 1801 510 recepturus
1821 472 2032 510 baptismatis
2055 482 2247 504 sacramen-

1237 531 1322 558 tum,
1344 526 1417 564 qui,
1442 526 1476 554 in
1502 525 1660 563 injuriam
1682 525 1759 554 fidei
1779 524 1941 554 catholice
1966 529 1997 555 et
2020 529 2245 564 contemptum

1236 578 1381 608 Ecclesie
1398 578 1556 610 Romane,
1575 577 1724 615 captivus
1743 581 1890 612 tenetur3
1909 577 1986 615 quia
2003 578 2090 616 quod
2106 587 2247 616 sugges-

1237 635 1305 660 tum
1324 630 1385 660 suit
1405 630 1443 659 de
1462 638 1537 666 rege
1556 629 1691 664 Tuniciy
1710 629 1798 667 quod
1816 634 1924 659 motus
1941 634 2027 660 esset
2044 635 2157 660 contra
2175 631 2246 661 fra-

1235 688 1300 712 tres
1318 682 1462 712 Minores
1480 686 1509 711 et
1528 681 1609 710 alios
1626 681 1800 719 religiosos
1822 686 1852 711 et
1868 682 2078 713 Christianos
2101 692 2159 721 pro
2185 692 2245 714 ne-

1235 740 1307 773 pote
1325 744 1398 766 suo,
1422 734 1478 772 qui
1499 733 1670 763 dicebatur
1687 734 1858 770 abductus,
1877 744 1991 764 verum
2011 744 2075 765 non
2092 735 2167 769 fuit,
2185 736 2245 766 sed

1235 796 1349 817 omnes
1366 787 1415 816 illi
1433 791 1509 817 sunt
1525 787 1560 815 in
1576 795 1678 823 regno
1697 796 1756 817 suo
1773 787 1807 816 in
1825 797 1915 825 pace.
1936 800 1948 814 »

1306 984 1426 1012 2483
2068 983 2171 1020 [1236]

1270 1054 1452 1082 Gravamina
1472 1052 1659 1086 imperatoris
1680 1054 1781 1078 contra
1800 1060 1921 1086 papam,
1939 1055 1966 1079 et
1982 1056 2157 1087 argument-a
2176 1054 2245 1088 qui-

1234 1103 1285 1130 bus
1300 1111 1375 1137 papa
1386 1110 1414 1128 se
1429 1104 1571 1135 expurgat
1581 1103 1599 1127 ¹.
1612 1116 1644 1119 —
1657 1101 1742 1133 (ΗΕΘ.
1756 1100 1800 1133 18,
1812 1101 1831 1127 f.
1845 1101 1858 1127 1
1870 1104 1903 1133 r⁰‚
1918 1102 1972 1128 col.
1985 1102 2016 1134 2;
2029 1104 2092 1127 ante
2101 1111 2170 1129 ann.
2183 1103 2243 1135 1X;

1234 1167 1265 1170 —
1283 1152 1465 1178 RODENBERG
1481 1149 1555 1180 702.)

1274 1284 1286 1298 «
1304 1273 1351 1301 De
1373 1270 1569 1309 repetitione
1590 1269 1744 1300 Civitatis
1764 1269 1919 1300 Castelle.
1937 1287 1976 1291 —
1990 1271 2173 1309 Imperator
2186 1271 2245 1310 ju-

1231 1325 1317 1354 ravit
1335 1324 1421 1353 hanc
1440 1327 1471 1353 et
1489 1322 1572 1352 alias
1594 1322 1824 1360 possessiones
1846 1322 2023 1353 defendere
2040 1327 2154 1354 contra
2171 1332 2244 1354 om-

1232 1387 1290 1407 nes
1306 1377 1458 1407 homines
1480 1380 1528 1411 et,
1547 1376 1575 1405 si
1599 1384 1664 1414 qua
1679 1375 1929 1414 possessionum
1948 1376 1989 1406 ad
2006 1385 2125 1407 manus
2144 1377 2244 1408 deve-

1232 1430 1319 1460 nerit
1334 1429 1458 1468 ipsius,
1477 1428 1665 1458 restituere.

1273 1496 1286 1510 a
1306 1484 1353 1513 De
1369 1481 1599 1512 molestatione
1614 1481 1743 1511 abbatis
1760 1481 1873 1511 Sancti
1884 1481 2066 1511 Vincentii.
2079 1500 2118 1504 —
2130 1483 2246 1514 Abba-

1233 1540 1296 1566 tem
1315 1534 1427 1566 Sancti
1440 1533 1611 1564 Vincentii
1624 1533 1754 1563 vocavit
1769 1533 1924 1564 dominus
1937 1543 2031 1572 papa,
2049 1539 2244 1565 accusatum

1231 1598 1249 1619 a
1277 1587 1449 1618 monachis
1477 1595 1576 1625 super
1600 1586 1838 1624 dilapidatione
1866 1591 1897 1617 et
1925 1586 2001 1617 aliis
2028 1588 2242 1624 excessibus,

1231 1650 1296 1671 non
1332 1640 1521 1671 retribuens
1553 1639 1583 1670 ei
1613 1639 1738 1669 malum
1770 1649 1828 1678 pro
1862 1649 1900 1670 eo
1930 1640 2018 1679 quod
2048 1640 2244 1679 imperatori

1231 1694 1416 1725 adheserat.

1271 1760 1284 1774 «
1303 1748 1351 1777 De
1375 1745 1587 1776 restitutione
1607 1745 1793 1775 ablatorum
1811 1745 1943 1775 cuidam
1965 1745 2185 1776 Ferentinati.
2202 1763 2244 1768 —

1229 1800 1366 1830 Homini
1382 1798 1589 1829 Ferentinati
1605 1798 1752 1836 precepit
1770 1807 1831 1828 sua
1848 1799 1992 1828 restitui.

1271 1866 1284 1880 «
1302 1854 1349 1883 De
1365 1852 1575 1890 impediendo
1587 1852 1662 1890 jure
1680 1851 1769 1890 quod
1786 1851 1888 1882 habet
1905 1851 2086 1890 imperator
2105 1852 2142 1881 in
2158 1851 2242 1883 elec.-

1229 1906 1376 1936 tionibus
1398 1904 1504 1943 regni.
1526 1921 1564 1925 —
1584 1905 1726 1937 Paratus
1753 1908 1802 1934 est
1824 1904 1979 1934 dominus
2000 1913 2085 1943 papa
2107 1913 2242 1935 servare

1228 1960 1367 1989 formam
1387 1967 1449 1997 que
1474 1958 1561 1987 facta
1584 1961 1634 1987 est
1656 1965 1756 1995 super
1780 1956 2000 1987 electionibus
2028 1957 2124 1995 regni
2150 1957 2242 1988 inter

1227 2012 1378 2042 dominos
1394 2010 1635 2041 Innocentium
1646 2014 1678 2040 et
1693 2009 1895 2046 Honorium,
1913 2011 2081 2040 Romanos
2102 2010 2242 2049 pontifi-

1228 2072 1293 2099 ces,
1313 2067 1343 2092 et
1361 2062 1606 2100 imperatorem.

1271 2128 1284 2143 «
1308 2117 1355 2146 De
1382 2115 1591 2145 revocatione
1619 2114 1784 2145 sententie
1809 2115 1979 2144 interdicti
2006 2115 2093 2154 quod
2119 2115 2244 2146 tulerat

1230 2168 1498 2206 archiepiscopus
1514 2168 1693 2197 Ravennas
1714 2167 1747 2196 in
1775 2171 1862 2197 terra
1884 2168 1990 2206 Syrie.
2009 2185 2049 2189 ——
2067 2168 2243 2199 Sententia

1227 2221 1396 2251 interdicti
1428 2224 1579 2250 revocata
1604 2220 1670 2249 suit
1698 2224 1831 2258 propter
1857 2219 2042 2258 periculum
2072 2224 2178 2256 terre,
2207 2224 2241 2251 et

1229 2274 1306 2312 quia
1320 2273 1426 2311 parati
1443 2277 1536 2303 erant
1547 2272 1685 2311 probare
1697 2277 1771 2311 post
1785 2272 2041 2311 appellationem
2053 2273 2240 2312 legitimam

1228 2326 1328 2356 latam
1344 2326 1461 2356 fuisse.

1270 2392 1282 2406 a
1301 2380 1348 2410 De
1365 2380 1475 2408 favore
1491 2379 1566 2408 dato
1582 2379 1770 2417 patriarche
1783 2379 2055 2410 Jerosolimitano
2071 2379 2111 2409 ab
2126 2379 2242 2411 Eccle-

1229 2432 1279 2462 sia
1296 2433 1456 2462 Romana.
1475 2449 1513 2453 —
1530 2433 1668 2470 Propter
1687 2432 1938 2470 imperatorem,
1962 2432 2042 2471 quia
2063 2432 2242 2463 videbatur

1229 2485 1415 2523 patriarcha
1441 2491 1614 2524 suspectus
1639 2485 1766 2521 eidem,
1792 2485 1941 2524 privatus
1971 2485 2035 2515 fuit
2061 2485 2241 2524 legationis

1229 2538 1334 2567 officio
1351 2542 1381 2567 et
1399 2538 1494 2577 quasi
1510 2539 1545 2567 in
1563 2538 1662 2568 exilio
1678 2538 1773 2568 modo
1789 2547 1895 2577 usque
1911 2538 2076 2569 detentus.

1271 2603 1283 2616 ι(
1304 2591 1351 2620 De
1367 2591 1468 2621 fratre
1488 2591 1657 2625 Johanne,
1678 2591 1805 2621 ordinis
1823 2591 2087 2625 Predicatorum.
2104 2591 2163 2630 qui
2180 2600 2240 2621 vo-

1230 2643 1323 2672 cabat
1340 2652 1374 2673 se
1397 2648 1555 2673 rectorem
1577 2648 1609 2673 et
1631 2643 1747 2674 ducem
1762 2644 1904 2678 Vei-one,
1924 2644 2020 2682 quasi
2043 2644 2241 2675 auctoritate

1231 2696 1375 2725 Ecclesie
1397 2697 1553 2726 Romane.
1573 2714 1612 2718 —
1632 2697 1746 2726 Frater
1767 2696 1954 2731 Johannes,
1973 2696 2100 2726 ordinis
2122 2696 2241 2727 Predi-

1230 2753 1386 2782 catorum,
1406 2749 1461 2787 qui
1479 2758 1591 2786 pacem
1607 2749 1685 2779 fecit
1700 2748 1962 2784 Veronensibus,
1979 2748 2051 2778 sine
2065 2749 2239 2779 conscien-

1230 2801 1275 2830 tia
1291 2801 1417 2830 domini
1432 2810 1513 2839 pape
1534 2810 1646 2839 pacem
1664 2801 1755 2837 fecit,
1776 2806 1817 2837 et,
1836 2801 1865 2831 si
1883 2801 2012 2831 vocavit
2025 2810 2060 2831 se
2076 2806 2241 2832 rectorem

1233 2853 1282 2883 vel
1298 2853 1424 2889 ducem,
1443 2854 1596 2884 dominus
1615 2863 1698 2893 papa
1715 2854 1864 2884 nescivit.

1264 2965 1284 2989 t.
1302 2965 1343 2991 Cf.
1360 2966 1542 2995 Rooeuneno,
1559 2973 1585 2989 n.
1599 2966 1642 2990 701
1662 2971 1688 2990 et
1701 2967 1755 2991 703.
