<?xml version="1.0" encoding="UTF-8"?>
<!DOCTYPE html PUBLIC "-//W3C//DTD XHTML 1.0 Transitional//EN"
    "http://www.w3.org/TR/xhtml1/DTD/xhtml1-transitional.dtd">
<html xmlns="http://www.w3.org/1999/xhtml" xml:lang="en" lang="en">
 <head>
  <title>
</title>
<meta http-equiv="Content-Type" content="text/html;charset=utf-8" />
  <meta name='ocr-system' content='tesseract 3.04.00' />
  <meta name='ocr-capabilities' content='ocr_page ocr_carea ocr_par ocr_line ocrx_word'/>
</head>
<body>
  <div class='ocr_page' id='page_1' title='image "./lesregistresdale02cathuoft_0423.png"; bbox 0 0 2519 3518; ppageno 0'>
   <div class='ocr_carea' id='block_1_1' title="bbox 87 299 2171 340">
    <p class='ocr_par' dir='ltr' id='par_1_1' title="bbox 87 299 2171 340">
     <span class='ocr_line' id='line_1_1' title="bbox 87 299 2171 340; baseline -0.003 -1"><span class='ocrx_word' id='word_1_1' title='bbox 87 310 146 340; x_wconf 80' lang='lat'>765</span> <span class='ocrx_word' id='word_1_2' title='bbox 943 300 1134 338; x_wconf 66' lang='lat' dir='ltr'>ONZIEME</span> <span class='ocrx_word' id='word_1_3' title='bbox 1159 299 1315 336; x_wconf 69' lang='lat' dir='ltr'>ANNEE.</span> <span class='ocrx_word' id='word_1_4' title='bbox 2115 308 2171 336; x_wconf 63' lang='grc' dir='ltr'>τως</span> 
     </span>
    </p>
   </div>
   <div class='ocr_carea' id='block_1_2' title="bbox 87 437 1092 618">
    <p class='ocr_par' dir='ltr' id='par_1_2' title="bbox 87 437 1092 618">
     <span class='ocr_line' id='line_1_2' title="bbox 126 437 1089 474; baseline -0.006 -7"><span class='ocrx_word' id='word_1_5' title='bbox 126 439 301 474; x_wconf 80' lang='lat' dir='ltr'>Episcopum</span> <span class='ocrx_word' id='word_1_6' title='bbox 325 438 525 465; x_wconf 71' lang='lat' dir='ltr'>Mutinensem</span> <span class='ocrx_word' id='word_1_7' title='bbox 549 442 646 464; x_wconf 82' lang='lat' dir='ltr'>monet</span> <span class='ocrx_word' id='word_1_8' title='bbox 667 441 810 472; x_wconf 64' lang='lat' dir='ltr'>quatenus</span> <span class='ocrx_word' id='word_1_9' title='bbox 829 437 909 464; x_wconf 81' lang='lat' dir='ltr'>tratri</span> <span class='ocrx_word' id='word_1_10' title='bbox 929 438 1089 471; x_wconf 68' lang='lat' dir='ltr'>Stephano,</span> 
     </span>
     <span class='ocr_line' id='line_1_3' title="bbox 90 486 1090 523; baseline -0.002 -9"><span class='ocrx_word' id='word_1_11' title='bbox 90 488 179 523; x_wconf 84' lang='lat' dir='ltr'>priori</span> <span class='ocrx_word' id='word_1_12' title='bbox 195 487 370 522; x_wconf 84' lang='lat' dir='ltr'>provinciali</span> <span class='ocrx_word' id='word_1_13' title='bbox 390 489 510 514; x_wconf 84' lang='lat' dir='ltr'>fratrum</span> <span class='ocrx_word' id='word_1_14' title='bbox 532 487 772 514; x_wconf 77' lang='lat' dir='ltr'>Praedicator-um</span> <span class='ocrx_word' id='word_1_15' title='bbox 791 487 820 513; x_wconf 89' lang='lat' dir='ltr'>in</span> <span class='ocrx_word' id='word_1_16' title='bbox 839 486 1025 515; x_wconf 77' lang='lat' dir='ltr'>1.‹›mt›ar‹1i:·,</span> <span class='ocrx_word' id='word_1_17' title='bbox 1043 493 1090 512; x_wconf 80' lang='lat' dir='ltr'>su-</span> 
     </span>
     <span class='ocr_line' id='line_1_4' title="bbox 89 534 1091 571; baseline -0.004 -8"><span class='ocrx_word' id='word_1_18' title='bbox 89 544 141 571; x_wconf 83' lang='lat' dir='ltr'>per</span> <span class='ocrx_word' id='word_1_19' title='bbox 154 536 340 563; x_wconf 80' lang='lat' dir='ltr'><strong>concessione</strong></span> <span class='ocrx_word' id='word_1_20' title='bbox 355 535 525 562; x_wconf 78' lang='lat' dir='ltr'>monasterii</span> <span class='ocrx_word' id='word_1_21' title='bbox 542 536 577 562; x_wconf 86' lang='lat' dir='ltr'>de</span> <span class='ocrx_word' id='word_1_22' title='bbox 598 535 796 565; x_wconf 67' lang='lat' dir='ltr'>Columbaria„</span> <span class='ocrx_word' id='word_1_23' title='bbox 818 535 997 561; x_wconf 67' lang='lat' dir='ltr'>Mutinensis</span> <span class='ocrx_word' id='word_1_24' title='bbox 1011 534 1091 560; x_wconf 69' lang='lat' dir='ltr'>dime—</span> 
     </span>
     <span class='ocr_line' id='line_1_5' title="bbox 87 583 1092 618; baseline -0.004 -6"><span class='ocrx_word' id='word_1_25' title='bbox 87 585 174 617; x_wconf 77' lang='lat' dir='ltr'>cesis,</span> <span class='ocrx_word' id='word_1_26' title='bbox 191 584 329 611; x_wconf 81' lang='lat' dir='ltr'>tratribus</span> <span class='ocrx_word' id='word_1_27' title='bbox 348 584 384 610; x_wconf 78' lang='lat' dir='ltr'>dc</span> <span class='ocrx_word' id='word_1_28' title='bbox 400 584 608 618; x_wconf 85' lang='lat' dir='ltr'>Campaniola.</span> <span class='ocrx_word' id='word_1_29' title='bbox 626 584 792 610; x_wconf 74' lang='lat' dir='ltr'>enrmndem</span> <span class='ocrx_word' id='word_1_30' title='bbox 812 584 934 610; x_wconf 75' lang='lat' dir='ltr'>fratrum</span> <span class='ocrx_word' id='word_1_31' title='bbox 951 583 986 608; x_wconf 69' lang='lat' dir='ltr'>‹le</span> <span class='ocrx_word' id='word_1_32' title='bbox 1003 583 1092 609; x_wconf 80' lang='lat' dir='ltr'>Cam-</span> 
     </span>
    </p>
   </div>
   <div class='ocr_carea' id='block_1_3' title="bbox 578 375 1016 410">
    <p class='ocr_par' dir='ltr' id='par_1_3' title="bbox 578 375 1016 410">
     <span class='ocr_line' id='line_1_6' title="bbox 578 375 1016 410; baseline -0.007 -8"><span class='ocrx_word' id='word_1_33' title='bbox 578 376 709 407; x_wconf 81' lang='lat' dir='ltr'>Viterbe,</span> <span class='ocrx_word' id='word_1_34' title='bbox 732 377 740 403; x_wconf 81' lang='lat' dir='ltr'>l</span> <span class='ocrx_word' id='word_1_35' title='bbox 757 376 921 410; x_wconf 69' lang='lat' dir='ltr'>septembre</span> <span class='ocrx_word' id='word_1_36' title='bbox 938 375 1016 401; x_wconf 73' lang='lat'>1237.</span> 
     </span>
    </p>
   </div>
   <div class='ocr_carea' id='block_1_4' title="bbox 90 633 1091 763">
    <p class='ocr_par' dir='ltr' id='par_1_4' title="bbox 90 633 1091 763">
     <span class='ocr_line' id='line_1_7' title="bbox 91 633 1090 669; baseline -0.003 -8"><span class='ocrx_word' id='word_1_37' title='bbox 91 634 209 669; x_wconf 81' lang='lat' dir='ltr'>paniola</span> <span class='ocrx_word' id='word_1_38' title='bbox 223 633 319 660; x_wconf 86' lang='lat' dir='ltr'>ordini</span> <span class='ocrx_word' id='word_1_39' title='bbox 338 633 555 667; x_wconf 71' lang='lat' dir='ltr'>incorporandi,</span> <span class='ocrx_word' id='word_1_40' title='bbox 572 633 741 664; x_wconf 72' lang='lat' dir='ltr'>eonsilium,</span> <span class='ocrx_word' id='word_1_41' title='bbox 755 633 900 659; x_wconf 86' lang='lat' dir='ltr'>auxilium</span> <span class='ocrx_word' id='word_1_42' title='bbox 917 635 942 657; x_wconf 69' lang='grc' dir='ltr'>(ιι</span> <span class='ocrx_word' id='word_1_43' title='bbox 963 633 1090 658; x_wconf 64' lang='lat' dir='ltr'>sax-aurem</span> 
     </span>
     <span class='ocr_line' id='line_1_8' title="bbox 91 680 1091 717; baseline -0.003 -8"><span class='ocrx_word' id='word_1_44' title='bbox 91 682 256 717; x_wconf 87' lang='lat' dir='ltr'>impendat.</span> <span class='ocrx_word' id='word_1_45' title='bbox 284 697 314 700; x_wconf 97' lang='lat'><strong>—</strong></span> <span class='ocrx_word' id='word_1_46' title='bbox 339 683 424 714; x_wconf 59' lang='lat' dir='ltr'>(Reiz.</span> <span class='ocrx_word' id='word_1_47' title='bbox 456 682 498 711; x_wconf 83' lang='lat'>18.</span> <span class='ocrx_word' id='word_1_48' title='bbox 528 682 546 708; x_wconf 79' lang='lat' dir='ltr'>f.</span> <span class='ocrx_word' id='word_1_49' title='bbox 576 681 626 708; x_wconf 67' lang='lat'>324</span> <span class='ocrx_word' id='word_1_50' title='bbox 659 685 701 711; x_wconf 52' lang='lat' dir='ltr'>w:</span> <span class='ocrx_word' id='word_1_51' title='bbox 727 690 796 707; x_wconf 89' lang='lat' dir='ltr'>ann.</span> <span class='ocrx_word' id='word_1_52' title='bbox 827 681 887 711; x_wconf 80' lang='lat' dir='ltr'>xi,</span> <span class='ocrx_word' id='word_1_53' title='bbox 911 691 935 706; x_wconf 72' lang='grc' dir='ltr'>ι’.</span> <span class='ocrx_word' id='word_1_54' title='bbox 960 680 1028 710; x_wconf 74' lang='grc' dir='ltr'><strong>23Ο;</strong></span> <span class='ocrx_word' id='word_1_55' title='bbox 1061 694 1091 698; x_wconf 86' lang='lat'>—-</span> 
     </span>
     <span class='ocr_line' id='line_1_9' title="bbox 90 730 393 763; baseline 0 -6"><span class='ocrx_word' id='word_1_56' title='bbox 90 732 130 757; x_wconf 83' lang='lat' dir='ltr'>cf.</span> <span class='ocrx_word' id='word_1_57' title='bbox 144 738 240 763; x_wconf 77' lang='lat' dir='ltr'>supro,</span> <span class='ocrx_word' id='word_1_58' title='bbox 258 734 286 757; x_wconf 86' lang='lat' dir='ltr'>n⁰</span> <span class='ocrx_word' id='word_1_59' title='bbox 302 730 393 760; x_wconf 77' lang='lat'>3672.)</span> 
     </span>
    </p>
   </div>
   <div class='ocr_carea' id='block_1_5' title="bbox 89 841 1103 2816">
    <p class='ocr_par' dir='ltr' id='par_1_5' title="bbox 89 841 1103 2816">
     <span class='ocr_line' id='line_1_10' title="bbox 135 841 1092 882; baseline -0.003 -9"><span class='ocrx_word' id='word_1_60' title='bbox 135 857 147 870; x_wconf 80' lang='grc' dir='ltr'>α</span> <span class='ocrx_word' id='word_1_61' title='bbox 176 867 192 873; x_wconf 91' lang='grc'>..</span> <span class='ocrx_word' id='word_1_62' title='bbox 218 845 353 882; x_wconf 76' lang='lat' dir='ltr'>episcopo</span> <span class='ocrx_word' id='word_1_63' title='bbox 379 845 556 873; x_wconf 77' lang='lat' dir='ltr'><em>Mutinensi.</em></span> <span class='ocrx_word' id='word_1_64' title='bbox 579 843 662 874; x_wconf 90' lang='lat' dir='ltr'>Cum</span> <span class='ocrx_word' id='word_1_65' title='bbox 688 843 848 872; x_wconf 85' lang='lat' dir='ltr'>instantia</span> <span class='ocrx_word' id='word_1_66' title='bbox 877 846 987 871; x_wconf 90' lang='lat' dir='ltr'>nostra</span> <span class='ocrx_word' id='word_1_67' title='bbox 1010 841 1092 871; x_wconf 90' lang='lat' dir='ltr'>coti-</span> 
     </span>
     <span class='ocr_line' id='line_1_11' title="bbox 92 894 1088 927; baseline -0.001 -1"><span class='ocrx_word' id='word_1_68' title='bbox 92 897 193 927; x_wconf 89' lang='lat' dir='ltr'>diana</span> <span class='ocrx_word' id='word_1_69' title='bbox 217 897 260 927; x_wconf 86' lang='lat' dir='ltr'>sit</span> <span class='ocrx_word' id='word_1_70' title='bbox 283 897 431 927; x_wconf 89' lang='lat' dir='ltr'>omnium</span> <span class='ocrx_word' id='word_1_71' title='bbox 454 896 668 926; x_wconf 85' lang='lat' dir='ltr'>ecclesiarum</span> <span class='ocrx_word' id='word_1_72' title='bbox 691 895 878 925; x_wconf 88' lang='lat' dir='ltr'>sollicitudo</span> <span class='ocrx_word' id='word_1_73' title='bbox 901 894 1088 925; x_wconf 68' lang='lat' dir='ltr'>continua¹v</span> 
     </span>
     <span class='ocr_line' id='line_1_12' title="bbox 94 947 1092 988; baseline -0.003 -10"><span class='ocrx_word' id='word_1_74' title='bbox 94 948 261 980; x_wconf 88' lang='lat' dir='ltr'>intellecto</span> <span class='ocrx_word' id='word_1_75' title='bbox 275 949 361 988; x_wconf 84' lang='lat' dir='ltr'>quod</span> <span class='ocrx_word' id='word_1_76' title='bbox 376 949 613 979; x_wconf 85' lang='lat' dir='ltr'>monasterium</span> <span class='ocrx_word' id='word_1_77' title='bbox 626 948 664 978; x_wconf 85' lang='lat' dir='ltr'>de</span> <span class='ocrx_word' id='word_1_78' title='bbox 682 947 904 981; x_wconf 84' lang='lat' dir='ltr'>Columbario,</span> <span class='ocrx_word' id='word_1_79' title='bbox 923 947 1092 977; x_wconf 86' lang='lat' dir='ltr'>Mutinen-</span> 
     </span>
     <span class='ocr_line' id='line_1_13' title="bbox 92 999 1092 1040; baseline -0.005 -7"><span class='ocrx_word' id='word_1_80' title='bbox 92 1002 140 1033; x_wconf 87' lang='lat' dir='ltr'>sis</span> <span class='ocrx_word' id='word_1_81' title='bbox 156 1002 309 1036; x_wconf 83' lang='lat' dir='ltr'>diocesis,</span> <span class='ocrx_word' id='word_1_82' title='bbox 327 1011 384 1040; x_wconf 86' lang='lat' dir='ltr'>per</span> <span class='ocrx_word' id='word_1_83' title='bbox 400 1001 560 1031; x_wconf 85' lang='lat' dir='ltr'>malitiam</span> <span class='ocrx_word' id='word_1_84' title='bbox 579 1000 800 1030; x_wconf 78' lang='lat' dir='ltr'>habitantium</span> <span class='ocrx_word' id='word_1_85' title='bbox 819 1000 852 1029; x_wconf 89' lang='lat' dir='ltr'>in</span> <span class='ocrx_word' id='word_1_86' title='bbox 870 1000 993 1029; x_wconf 90' lang='lat' dir='ltr'>eodem.</span> <span class='ocrx_word' id='word_1_87' title='bbox 1011 999 1092 1029; x_wconf 84' lang='lat' dir='ltr'>adeo</span> 
     </span>
     <span class='ocr_line' id='line_1_14' title="bbox 92 1051 1091 1093; baseline -0.004 -9"><span class='ocrx_word' id='word_1_88' title='bbox 92 1055 128 1084; x_wconf 91' lang='lat' dir='ltr'>in</span> <span class='ocrx_word' id='word_1_89' title='bbox 145 1053 376 1093; x_wconf 81' lang='lat' dir='ltr'>spiritualibus</span> <span class='ocrx_word' id='word_1_90' title='bbox 401 1058 430 1084; x_wconf 89' lang='lat' dir='ltr'>et</span> <span class='ocrx_word' id='word_1_91' title='bbox 457 1053 692 1092; x_wconf 72' lang='lat' dir='ltr'>temporalibus</span> <span class='ocrx_word' id='word_1_92' title='bbox 715 1057 764 1083; x_wconf 82' lang='lat' dir='ltr'>est</span> <span class='ocrx_word' id='word_1_93' title='bbox 794 1052 985 1090; x_wconf 84' lang='lat' dir='ltr'>collapsum.</span> <span class='ocrx_word' id='word_1_94' title='bbox 1005 1051 1091 1090; x_wconf 84' lang='lat' dir='ltr'>quod</span> 
     </span>
     <span class='ocr_line' id='line_1_15' title="bbox 93 1105 1092 1145; baseline -0.004 -8"><span class='ocrx_word' id='word_1_95' title='bbox 93 1107 184 1137; x_wconf 87' lang='lat' dir='ltr'>nulla</span> <span class='ocrx_word' id='word_1_96' title='bbox 212 1116 286 1145; x_wconf 87' lang='lat' dir='ltr'>spes</span> <span class='ocrx_word' id='word_1_97' title='bbox 312 1110 361 1137; x_wconf 86' lang='lat' dir='ltr'>est</span> <span class='ocrx_word' id='word_1_98' title='bbox 384 1111 418 1136; x_wconf 89' lang='lat' dir='ltr'>ut</span> <span class='ocrx_word' id='word_1_99' title='bbox 452 1115 624 1143; x_wconf 78' lang='lat' dir='ltr'>resurgere</span> <span class='ocrx_word' id='word_1_100' title='bbox 654 1105 759 1135; x_wconf 86' lang='lat' dir='ltr'>valeat</span> <span class='ocrx_word' id='word_1_101' title='bbox 786 1105 824 1134; x_wconf 91' lang='lat' dir='ltr'>de</span> <span class='ocrx_word' id='word_1_102' title='bbox 855 1109 963 1135; x_wconf 88' lang='lat' dir='ltr'>cetero</span> <span class='ocrx_word' id='word_1_103' title='bbox 985 1113 1042 1142; x_wconf 84' lang='lat' dir='ltr'>per</span> <span class='ocrx_word' id='word_1_104' title='bbox 1058 1113 1092 1133; x_wconf 90' lang='lat' dir='ltr'>se</span> 
     </span>
     <span class='ocr_line' id='line_1_16' title="bbox 92 1155 1092 1198; baseline -0.005 -8"><span class='ocrx_word' id='word_1_105' title='bbox 92 1160 212 1198; x_wconf 73' lang='lat' dir='ltr'>ipsum,</span> <span class='ocrx_word' id='word_1_106' title='bbox 230 1159 349 1189; x_wconf 89' lang='lat' dir='ltr'>dilecto</span> <span class='ocrx_word' id='word_1_107' title='bbox 365 1158 432 1188; x_wconf 85' lang='lat' dir='ltr'>filio</span> <span class='ocrx_word' id='word_1_108' title='bbox 460 1158 556 1188; x_wconf 79' lang='lat' dir='ltr'>fratri</span> <span class='ocrx_word' id='word_1_109' title='bbox 581 1157 758 1196; x_wconf 70' lang='lat' dir='ltr'>Stephanoy</span> <span class='ocrx_word' id='word_1_110' title='bbox 779 1157 881 1195; x_wconf 79' lang='lat' dir='ltr'>priori</span> <span class='ocrx_word' id='word_1_111' title='bbox 897 1155 1092 1195; x_wconf 82' lang='lat' dir='ltr'>provinciali</span> 
     </span>
     <span class='ocr_line' id='line_1_17' title="bbox 93 1209 1092 1243; baseline -0.005 -1"><span class='ocrx_word' id='word_1_112' title='bbox 93 1213 233 1243; x_wconf 72' lang='lat' dir='ltr'>fratrum</span> <span class='ocrx_word' id='word_1_113' title='bbox 252 1211 498 1242; x_wconf 83' lang='lat' dir='ltr'>Predicatorum</span> <span class='ocrx_word' id='word_1_114' title='bbox 515 1211 549 1240; x_wconf 91' lang='lat' dir='ltr'>in</span> <span class='ocrx_word' id='word_1_115' title='bbox 567 1210 774 1243; x_wconf 81' lang='lat' dir='ltr'>Lomhardia,</span> <span class='ocrx_word' id='word_1_116' title='bbox 795 1209 917 1240; x_wconf 86' lang='lat' dir='ltr'>nostris</span> <span class='ocrx_word' id='word_1_117' title='bbox 942 1209 1092 1238; x_wconf 83' lang='lat' dir='ltr'>dedimus</span> 
     </span>
     <span class='ocr_line' id='line_1_18' title="bbox 92 1262 1093 1301; baseline -0.004 -7"><span class='ocrx_word' id='word_1_118' title='bbox 92 1264 214 1295; x_wconf 82' lang='lat' dir='ltr'>litteris</span> <span class='ocrx_word' id='word_1_119' title='bbox 235 1265 269 1293; x_wconf 90' lang='lat' dir='ltr'>in</span> <span class='ocrx_word' id='word_1_120' title='bbox 288 1264 453 1294; x_wconf 83' lang='lat' dir='ltr'>mandatis</span> <span class='ocrx_word' id='word_1_121' title='bbox 483 1267 529 1293; x_wconf 80' lang='lat' dir='ltr'>ut,</span> <span class='ocrx_word' id='word_1_122' title='bbox 557 1262 777 1301; x_wconf 80' lang='lat' dir='ltr'>personaliter</span> <span class='ocrx_word' id='word_1_123' title='bbox 807 1262 845 1292; x_wconf 88' lang='lat' dir='ltr'>ad</span> <span class='ocrx_word' id='word_1_124' title='bbox 867 1262 975 1300; x_wconf 88' lang='lat' dir='ltr'>ipsum</span> <span class='ocrx_word' id='word_1_125' title='bbox 1001 1270 1093 1291; x_wconf 88' lang='lat' dir='ltr'>acce-</span> 
     </span>
     <span class='ocr_line' id='line_1_19' title="bbox 89 1313 1093 1355; baseline -0.003 -9"><span class='ocrx_word' id='word_1_126' title='bbox 89 1317 184 1349; x_wconf 72' lang='lat' dir='ltr'>dens,</span> <span class='ocrx_word' id='word_1_127' title='bbox 199 1316 292 1350; x_wconf 82' lang='lat' dir='ltr'>illud,</span> <span class='ocrx_word' id='word_1_128' title='bbox 311 1325 385 1346; x_wconf 86' lang='lat' dir='ltr'>cum</span> <span class='ocrx_word' id='word_1_129' title='bbox 400 1316 533 1355; x_wconf 86' lang='lat' dir='ltr'>juribus</span> <span class='ocrx_word' id='word_1_130' title='bbox 550 1320 581 1345; x_wconf 86' lang='lat' dir='ltr'>et</span> <span class='ocrx_word' id='word_1_131' title='bbox 613 1314 824 1353; x_wconf 85' lang='lat' dir='ltr'>pertinentiis</span> <span class='ocrx_word' id='word_1_132' title='bbox 851 1314 932 1344; x_wconf 84' lang='lat' dir='ltr'>suis.</span> <span class='ocrx_word' id='word_1_133' title='bbox 963 1313 1093 1343; x_wconf 85' lang='lat' dir='ltr'>dilectis</span> 
     </span>
     <span class='ocr_line' id='line_1_20' title="bbox 93 1367 1093 1406; baseline -0.003 -8"><span class='ocrx_word' id='word_1_134' title='bbox 93 1369 172 1399; x_wconf 83' lang='lat' dir='ltr'>filiis</span> <span class='ocrx_word' id='word_1_135' title='bbox 200 1368 359 1398; x_wconf 80' lang='lat' dir='ltr'>fratribus</span> <span class='ocrx_word' id='word_1_136' title='bbox 377 1368 416 1398; x_wconf 88' lang='lat' dir='ltr'>de</span> <span class='ocrx_word' id='word_1_137' title='bbox 441 1367 655 1406; x_wconf 89' lang='lat' dir='ltr'>Campaniola</span> <span class='ocrx_word' id='word_1_138' title='bbox 681 1367 847 1397; x_wconf 85' lang='lat' dir='ltr'>concedat.</span> <span class='ocrx_word' id='word_1_139' title='bbox 879 1367 1093 1404; x_wconf 86' lang='lat' dir='ltr'>incorporan-</span> 
     </span>
     <span class='ocr_line' id='line_1_21' title="bbox 92 1419 1093 1459; baseline -0.003 -9"><span class='ocrx_word' id='word_1_140' title='bbox 92 1421 171 1450; x_wconf 90' lang='lat' dir='ltr'>dum</span> <span class='ocrx_word' id='word_1_141' title='bbox 207 1421 352 1459; x_wconf 91' lang='lat' dir='ltr'>ipsorum</span> <span class='ocrx_word' id='word_1_142' title='bbox 388 1421 497 1450; x_wconf 91' lang='lat' dir='ltr'>ordini</span> <span class='ocrx_word' id='word_1_143' title='bbox 534 1425 565 1450; x_wconf 87' lang='lat' dir='ltr'>et</span> <span class='ocrx_word' id='word_1_144' title='bbox 608 1419 788 1449; x_wconf 85' lang='lat' dir='ltr'>secundum</span> <span class='ocrx_word' id='word_1_145' title='bbox 829 1423 950 1449; x_wconf 86' lang='lat' dir='ltr'>statuta</span> <span class='ocrx_word' id='word_1_146' title='bbox 988 1419 1093 1457; x_wconf 89' lang='lat' dir='ltr'>ipsius</span> 
     </span>
     <span class='ocr_line' id='line_1_22' title="bbox 92 1471 1094 1510; baseline -0.002 -7"><span class='ocrx_word' id='word_1_147' title='bbox 92 1474 231 1508; x_wconf 87' lang='lat' dir='ltr'>ordinis,</span> <span class='ocrx_word' id='word_1_148' title='bbox 267 1477 398 1503; x_wconf 88' lang='lat' dir='ltr'>auctore</span> <span class='ocrx_word' id='word_1_149' title='bbox 431 1472 590 1506; x_wconf 69' lang='lat' dir='ltr'>Domino.</span> <span class='ocrx_word' id='word_1_150' title='bbox 619 1472 880 1506; x_wconf 79' lang='lat' dir='ltr'>reformandum;</span> <span class='ocrx_word' id='word_1_151' title='bbox 906 1481 1026 1510; x_wconf 81' lang='lat' dir='ltr'>eosque</span> <span class='ocrx_word' id='word_1_152' title='bbox 1059 1471 1094 1500; x_wconf 91' lang='lat' dir='ltr'>in</span> 
     </span>
     <span class='ocr_line' id='line_1_23' title="bbox 92 1524 1095 1564; baseline -0.004 -8"><span class='ocrx_word' id='word_1_153' title='bbox 92 1525 295 1564; x_wconf 84' lang='lat' dir='ltr'>corporalem</span> <span class='ocrx_word' id='word_1_154' title='bbox 312 1525 554 1564; x_wconf 84' lang='lat' dir='ltr'>possessionem</span> <span class='ocrx_word' id='word_1_155' title='bbox 572 1525 643 1563; x_wconf 86' lang='lat' dir='ltr'>ejus</span> <span class='ocrx_word' id='word_1_156' title='bbox 660 1524 833 1555; x_wconf 75' lang='lat' dir='ltr'>inducens,</span> <span class='ocrx_word' id='word_1_157' title='bbox 853 1533 892 1554; x_wconf 88' lang='lat' dir='ltr'>ne</span> <span class='ocrx_word' id='word_1_158' title='bbox 912 1524 1000 1553; x_wconf 86' lang='lat' dir='ltr'>cives</span> <span class='ocrx_word' id='word_1_159' title='bbox 1023 1524 1095 1553; x_wconf 88' lang='lat' dir='ltr'>Mu-</span> 
     </span>
     <span class='ocr_line' id='line_1_24' title="bbox 93 1577 1096 1616; baseline -0.002 -8"><span class='ocrx_word' id='word_1_160' title='bbox 93 1579 243 1609; x_wconf 84' lang='lat' dir='ltr'>tinenses</span> <span class='ocrx_word' id='word_1_161' title='bbox 275 1582 405 1616; x_wconf 89' lang='lat' dir='ltr'>propter</span> <span class='ocrx_word' id='word_1_162' title='bbox 447 1577 506 1606; x_wconf 87' lang='lat' dir='ltr'>hoc</span> <span class='ocrx_word' id='word_1_163' title='bbox 551 1577 695 1607; x_wconf 84' lang='lat' dir='ltr'>habeant</span> <span class='ocrx_word' id='word_1_164' title='bbox 735 1577 907 1606; x_wconf 78' lang='lat' dir='ltr'>materiam</span> <span class='ocrx_word' id='word_1_165' title='bbox 947 1585 1096 1606; x_wconf 87' lang='lat' dir='ltr'>murmu-</span> 
     </span>
     <span class='ocr_line' id='line_1_25' title="bbox 95 1629 1094 1668; baseline -0.003 -7"><span class='ocrx_word' id='word_1_166' title='bbox 95 1631 206 1666; x_wconf 80' lang='lat' dir='ltr'>randi,</span> <span class='ocrx_word' id='word_1_167' title='bbox 239 1631 477 1661; x_wconf 87' lang='lat' dir='ltr'>monasterium</span> <span class='ocrx_word' id='word_1_168' title='bbox 516 1630 623 1668; x_wconf 89' lang='lat' dir='ltr'>ipsum</span> <span class='ocrx_word' id='word_1_169' title='bbox 664 1630 702 1659; x_wconf 89' lang='lat' dir='ltr'>de</span> <span class='ocrx_word' id='word_1_170' title='bbox 735 1629 894 1659; x_wconf 83' lang='lat' dir='ltr'>fratribus</span> <span class='ocrx_word' id='word_1_171' title='bbox 923 1629 1094 1659; x_wconf 84' lang='lat' dir='ltr'>civitatum</span> 
     </span>
     <span class='ocr_line' id='line_1_26' title="bbox 94 1681 1096 1723; baseline -0.003 -10"><span class='ocrx_word' id='word_1_172' title='bbox 94 1682 336 1723; x_wconf 84' lang='lat' dir='ltr'>[Lombardie]²</span> <span class='ocrx_word' id='word_1_173' title='bbox 359 1691 395 1712; x_wconf 85' lang='lat' dir='ltr'>ac</span> <span class='ocrx_word' id='word_1_174' title='bbox 415 1681 574 1713; x_wconf 50' lang='lat' dir='ltr'>Mai-chia</span> <span class='ocrx_word' id='word_1_175' title='bbox 593 1691 655 1720; x_wconf 85' lang='lat' dir='ltr'>que</span> <span class='ocrx_word' id='word_1_176' title='bbox 684 1686 761 1711; x_wconf 89' lang='lat' dir='ltr'>sunt</span> <span class='ocrx_word' id='word_1_177' title='bbox 777 1681 814 1711; x_wconf 89' lang='lat' dir='ltr'>de</span> <span class='ocrx_word' id='word_1_178' title='bbox 831 1681 978 1711; x_wconf 84' lang='lat' dir='ltr'>amicitia</span> <span class='ocrx_word' id='word_1_179' title='bbox 992 1681 1096 1711; x_wconf 90' lang='lat' dir='ltr'>dicto-</span> 
     </span>
     <span class='ocr_line' id='line_1_27' title="bbox 96 1734 1095 1768; baseline -0.001 -3"><span class='ocrx_word' id='word_1_180' title='bbox 96 1744 169 1765; x_wconf 88' lang='lat' dir='ltr'>rum</span> <span class='ocrx_word' id='word_1_181' title='bbox 199 1735 334 1766; x_wconf 74' lang='lat' dir='ltr'>civium.</span> <span class='ocrx_word' id='word_1_182' title='bbox 360 1735 489 1764; x_wconf 79' lang='lat' dir='ltr'>studeat</span> <span class='ocrx_word' id='word_1_183' title='bbox 513 1734 678 1768; x_wconf 83' lang='lat' dir='ltr'>ordinare,</span> <span class='ocrx_word' id='word_1_184' title='bbox 707 1734 868 1767; x_wconf 83' lang='lat' dir='ltr'>invocato,</span> <span class='ocrx_word' id='word_1_185' title='bbox 901 1734 929 1763; x_wconf 89' lang='lat' dir='ltr'>si</span> <span class='ocrx_word' id='word_1_186' title='bbox 962 1743 1095 1764; x_wconf 81' lang='lat' dir='ltr'>necesse</span> 
     </span>
     <span class='ocr_line' id='line_1_28' title="bbox 95 1786 1095 1825; baseline -0.003 -7"><span class='ocrx_word' id='word_1_187' title='bbox 95 1788 208 1823; x_wconf 83' lang='lat' dir='ltr'>fuerit,</span> <span class='ocrx_word' id='word_1_188' title='bbox 221 1787 344 1817; x_wconf 84' lang='lat' dir='ltr'>auxilio</span> <span class='ocrx_word' id='word_1_189' title='bbox 356 1787 485 1817; x_wconf 84' lang='lat' dir='ltr'>brachii</span> <span class='ocrx_word' id='word_1_190' title='bbox 501 1787 662 1817; x_wconf 82' lang='lat' dir='ltr'>secularis</span> <span class='ocrx_word' id='word_1_191' title='bbox 675 1797 680 1822; x_wconf 76' lang='grc' dir='ltr'><strong>ς</strong></span> <span class='ocrx_word' id='word_1_192' title='bbox 694 1786 880 1816; x_wconf 85' lang='lat' dir='ltr'>Rolandum</span> <span class='ocrx_word' id='word_1_193' title='bbox 897 1795 984 1821; x_wconf 84' lang='lat' dir='ltr'>vero,</span> <span class='ocrx_word' id='word_1_194' title='bbox 995 1795 1095 1825; x_wconf 83' lang='lat' dir='ltr'>quon-</span> 
     </span>
     <span class='ocr_line' id='line_1_29' title="bbox 93 1839 1096 1878; baseline -0.002 -8"><span class='ocrx_word' id='word_1_195' title='bbox 93 1841 170 1870; x_wconf 82' lang='lat' dir='ltr'>dam</span> <span class='ocrx_word' id='word_1_196' title='bbox 189 1840 342 1878; x_wconf 75' lang='lat' dir='ltr'>priorem,</span> <span class='ocrx_word' id='word_1_197' title='bbox 361 1849 397 1869; x_wconf 87' lang='lat' dir='ltr'>ac</span> <span class='ocrx_word' id='word_1_198' title='bbox 413 1839 495 1869; x_wconf 90' lang='lat' dir='ltr'>alios</span> <span class='ocrx_word' id='word_1_199' title='bbox 515 1839 693 1869; x_wconf 88' lang='lat' dir='ltr'>monachos</span> <span class='ocrx_word' id='word_1_200' title='bbox 711 1843 738 1868; x_wconf 88' lang='lat' dir='ltr'>et</span> <span class='ocrx_word' id='word_1_201' title='bbox 757 1848 932 1869; x_wconf 82' lang='lat' dir='ltr'>conversos</span> <span class='ocrx_word' id='word_1_202' title='bbox 950 1839 1096 1877; x_wconf 87' lang='lat' dir='ltr'>ejusdem</span> 
     </span>
     <span class='ocr_line' id='line_1_30' title="bbox 94 1891 1095 1931; baseline -0.003 -8"><span class='ocrx_word' id='word_1_203' title='bbox 94 1893 316 1931; x_wconf 86' lang='lat' dir='ltr'>[monasterii]</span> <span class='ocrx_word' id='word_1_204' title='bbox 345 1901 483 1922; x_wconf 88' lang='lat' dir='ltr'>monens</span> <span class='ocrx_word' id='word_1_205' title='bbox 509 1892 667 1921; x_wconf 76' lang='lat' dir='ltr'>attentius</span> <span class='ocrx_word' id='word_1_206' title='bbox 690 1896 718 1921; x_wconf 80' lang='lat' dir='ltr'>et</span> <span class='ocrx_word' id='word_1_207' title='bbox 750 1891 911 1921; x_wconf 88' lang='lat' dir='ltr'>inducens</span> <span class='ocrx_word' id='word_1_208' title='bbox 930 1896 975 1921; x_wconf 90' lang='lat' dir='ltr'>ut.</span> <span class='ocrx_word' id='word_1_209' title='bbox 997 1891 1095 1921; x_wconf 88' lang='lat' dir='ltr'>saluti</span> 
     </span>
     <span class='ocr_line' id='line_1_31' title="bbox 96 1944 1093 1982; baseline -0.004 -6"><span class='ocrx_word' id='word_1_210' title='bbox 96 1955 155 1976; x_wconf 88' lang='lat' dir='ltr'>sue</span> <span class='ocrx_word' id='word_1_211' title='bbox 171 1945 382 1975; x_wconf 80' lang='lat' dir='ltr'>consulentes</span> <span class='ocrx_word' id='word_1_212' title='bbox 395 1950 425 1975; x_wconf 88' lang='lat' dir='ltr'>et</span> <span class='ocrx_word' id='word_1_213' title='bbox 442 1946 539 1976; x_wconf 80' lang='lat' dir='ltr'>fame,</span> <span class='ocrx_word' id='word_1_214' title='bbox 551 1945 699 1974; x_wconf 80' lang='lat' dir='ltr'>ordinem</span> <span class='ocrx_word' id='word_1_215' title='bbox 718 1944 938 1982; x_wconf 84' lang='lat' dir='ltr'>predictorum</span> <span class='ocrx_word' id='word_1_216' title='bbox 956 1945 1093 1973; x_wconf 82' lang='lat' dir='ltr'>fratrum</span> 
     </span>
     <span class='ocr_line' id='line_1_32' title="bbox 95 1996 1095 2036; baseline -0.003 -8"><span class='ocrx_word' id='word_1_217' title='bbox 95 2002 278 2032; x_wconf 79' lang='lat' dir='ltr'>assumant,</span> <span class='ocrx_word' id='word_1_218' title='bbox 299 1997 373 2027; x_wconf 89' lang='lat' dir='ltr'>illos</span> <span class='ocrx_word' id='word_1_219' title='bbox 390 1997 447 2036; x_wconf 83' lang='lat' dir='ltr'>qui</span> <span class='ocrx_word' id='word_1_220' title='bbox 471 1997 645 2027; x_wconf 87' lang='lat' dir='ltr'>monitioni</span> <span class='ocrx_word' id='word_1_221' title='bbox 665 2005 723 2025; x_wconf 86' lang='lat' dir='ltr'>sue</span> <span class='ocrx_word' id='word_1_222' title='bbox 745 2005 858 2034; x_wconf 87' lang='lat' dir='ltr'>parere</span> <span class='ocrx_word' id='word_1_223' title='bbox 879 1996 1045 2025; x_wconf 87' lang='lat' dir='ltr'>noluerint</span> <span class='ocrx_word' id='word_1_224' title='bbox 1061 1996 1095 2025; x_wconf 93' lang='lat' dir='ltr'>in</span> 
     </span>
     <span class='ocr_line' id='line_1_33' title="bbox 100 2048 1096 2089; baseline -0.004 -8"><span class='ocrx_word' id='word_1_225' title='bbox 100 2051 162 2081; x_wconf 82' lang='lat' dir='ltr'>hac</span> <span class='ocrx_word' id='word_1_226' title='bbox 177 2055 279 2089; x_wconf 83' lang='lat' dir='ltr'>parte,</span> <span class='ocrx_word' id='word_1_227' title='bbox 303 2050 338 2080; x_wconf 90' lang='lat' dir='ltr'>in</span> <span class='ocrx_word' id='word_1_228' title='bbox 362 2050 438 2080; x_wconf 85' lang='lat' dir='ltr'>aliis</span> <span class='ocrx_word' id='word_1_229' title='bbox 454 2049 535 2079; x_wconf 85' lang='lat' dir='ltr'>locis</span> <span class='ocrx_word' id='word_1_230' title='bbox 558 2049 684 2079; x_wconf 87' lang='lat' dir='ltr'>ordinis</span> <span class='ocrx_word' id='word_1_231' title='bbox 708 2049 813 2078; x_wconf 82' lang='lat' dir='ltr'>sancti</span> <span class='ocrx_word' id='word_1_232' title='bbox 835 2048 1007 2078; x_wconf 79' lang='lat' dir='ltr'>Benedicti</span> <span class='ocrx_word' id='word_1_233' title='bbox 1027 2053 1096 2078; x_wconf 86' lang='lat' dir='ltr'>stu-</span> 
     </span>
     <span class='ocr_line' id='line_1_34' title="bbox 97 2101 1097 2140; baseline -0.003 -7"><span class='ocrx_word' id='word_1_234' title='bbox 97 2104 172 2133; x_wconf 83' lang='lat' dir='ltr'>deat</span> <span class='ocrx_word' id='word_1_235' title='bbox 187 2103 357 2138; x_wconf 83' lang='lat' dir='ltr'>collocare,</span> <span class='ocrx_word' id='word_1_236' title='bbox 377 2107 505 2132; x_wconf 88' lang='lat' dir='ltr'>tantum</span> <span class='ocrx_word' id='word_1_237' title='bbox 523 2102 591 2131; x_wconf 89' lang='lat' dir='ltr'>illis</span> <span class='ocrx_word' id='word_1_238' title='bbox 605 2102 643 2131; x_wconf 86' lang='lat' dir='ltr'>de</span> <span class='ocrx_word' id='word_1_239' title='bbox 661 2101 766 2140; x_wconf 90' lang='lat' dir='ltr'>ipsius</span> <span class='ocrx_word' id='word_1_240' title='bbox 783 2102 975 2131; x_wconf 88' lang='lat' dir='ltr'>monasterii</span> <span class='ocrx_word' id='word_1_241' title='bbox 993 2101 1097 2131; x_wconf 90' lang='lat' dir='ltr'>reddi-</span> 
     </span>
     <span class='ocr_line' id='line_1_35' title="bbox 98 2154 1094 2194; baseline -0.003 -8"><span class='ocrx_word' id='word_1_242' title='bbox 98 2157 188 2186; x_wconf 84' lang='lat' dir='ltr'>tibus</span> <span class='ocrx_word' id='word_1_243' title='bbox 206 2161 236 2187; x_wconf 83' lang='lat' dir='ltr'>et</span> <span class='ocrx_word' id='word_1_244' title='bbox 253 2156 466 2194; x_wconf 85' lang='lat' dir='ltr'>proventibus</span> <span class='ocrx_word' id='word_1_245' title='bbox 483 2155 693 2193; x_wconf 76' lang='lat' dir='ltr'>assignando,</span> <span class='ocrx_word' id='word_1_246' title='bbox 715 2163 753 2184; x_wconf 90' lang='lat' dir='ltr'>ne</span> <span class='ocrx_word' id='word_1_247' title='bbox 772 2155 837 2184; x_wconf 89' lang='lat' dir='ltr'>sint</span> <span class='ocrx_word' id='word_1_248' title='bbox 855 2154 930 2184; x_wconf 85' lang='lat' dir='ltr'>aliis</span> <span class='ocrx_word' id='word_1_249' title='bbox 953 2155 1094 2189; x_wconf 80' lang='lat' dir='ltr'>onerosi,</span> 
     </span>
     <span class='ocr_line' id='line_1_36' title="bbox 96 2207 1098 2248; baseline -0.003 -9"><span class='ocrx_word' id='word_1_250' title='bbox 96 2209 186 2248; x_wconf 76' lang='lat' dir='ltr'>quod</span> <span class='ocrx_word' id='word_1_251' title='bbox 202 2208 329 2243; x_wconf 78' lang='lat' dir='ltr'>exinde,</span> <span class='ocrx_word' id='word_1_252' title='bbox 348 2208 454 2247; x_wconf 87' lang='lat' dir='ltr'>quoad</span> <span class='ocrx_word' id='word_1_253' title='bbox 472 2208 623 2237; x_wconf 81' lang='lat' dir='ltr'>vixerint.</span> <span class='ocrx_word' id='word_1_254' title='bbox 643 2207 809 2236; x_wconf 84' lang='lat' dir='ltr'>commode</span> <span class='ocrx_word' id='word_1_255' title='bbox 829 2207 958 2236; x_wconf 85' lang='lat' dir='ltr'>valeant</span> <span class='ocrx_word' id='word_1_256' title='bbox 971 2212 1098 2237; x_wconf 83' lang='lat' dir='ltr'>susten—</span> 
     </span>
     <span class='ocr_line' id='line_1_37' title="bbox 100 2259 1098 2298; baseline -0.003 -7"><span class='ocrx_word' id='word_1_257' title='bbox 100 2262 179 2296; x_wconf 84' lang='lat' dir='ltr'>tari;</span> <span class='ocrx_word' id='word_1_258' title='bbox 208 2260 464 2291; x_wconf 84' lang='lat' dir='ltr'>contradictores</span> <span class='ocrx_word' id='word_1_259' title='bbox 494 2265 568 2293; x_wconf 63' lang='lat' dir='ltr'>etc..</span> <span class='ocrx_word' id='word_1_260' title='bbox 592 2269 697 2298; x_wconf 81' lang='lat' dir='ltr'>usque</span> <span class='ocrx_word' id='word_1_261' title='bbox 724 2270 729 2288; x_wconf 90' lang='lat'>:</span> <span class='ocrx_word' id='word_1_262' title='bbox 756 2268 983 2297; x_wconf 79' lang='lat' dir='ltr'>compescens,</span> <span class='ocrx_word' id='word_1_263' title='bbox 1009 2259 1098 2289; x_wconf 85' lang='lat' dir='ltr'>salvo</span> 
     </span>
     <span class='ocr_line' id='line_1_38' title="bbox 95 2312 1097 2352; baseline -0.003 -9"><span class='ocrx_word' id='word_1_264' title='bbox 95 2315 171 2352; x_wconf 87' lang='lat' dir='ltr'>jure</span> <span class='ocrx_word' id='word_1_265' title='bbox 187 2313 365 2352; x_wconf 86' lang='lat' dir='ltr'>cujuslibet</span> <span class='ocrx_word' id='word_1_266' title='bbox 381 2313 414 2341; x_wconf 91' lang='lat' dir='ltr'>in</span> <span class='ocrx_word' id='word_1_267' title='bbox 437 2312 503 2342; x_wconf 86' lang='lat' dir='ltr'>hiis</span> <span class='ocrx_word' id='word_1_268' title='bbox 522 2322 584 2350; x_wconf 89' lang='lat' dir='ltr'>que</span> <span class='ocrx_word' id='word_1_269' title='bbox 611 2312 738 2341; x_wconf 89' lang='lat' dir='ltr'>ordinis</span> <span class='ocrx_word' id='word_1_270' title='bbox 767 2312 929 2341; x_wconf 88' lang='lat' dir='ltr'>dictorum</span> <span class='ocrx_word' id='word_1_271' title='bbox 959 2312 1097 2341; x_wconf 83' lang='lat' dir='ltr'>fratrum</span> 
     </span>
     <span class='ocr_line' id='line_1_39' title="bbox 98 2364 1100 2404; baseline -0.004 -8"><span class='ocrx_word' id='word_1_272' title='bbox 98 2366 138 2396; x_wconf 85' lang='lat' dir='ltr'>de</span> <span class='ocrx_word' id='word_1_273' title='bbox 157 2365 369 2404; x_wconf 88' lang='lat' dir='ltr'>Campaniola</span> <span class='ocrx_word' id='word_1_274' title='bbox 387 2374 450 2394; x_wconf 84' lang='lat' dir='ltr'>nou</span> <span class='ocrx_word' id='word_1_275' title='bbox 466 2365 599 2394; x_wconf 87' lang='lat' dir='ltr'>obviant</span> <span class='ocrx_word' id='word_1_276' title='bbox 616 2364 790 2393; x_wconf 82' lang='lat' dir='ltr'>institutis.</span> <span class='ocrx_word' id='word_1_277' title='bbox 811 2364 969 2400; x_wconf 82' lang='lat' dir='ltr'>Quocirca</span> <span class='ocrx_word' id='word_1_278' title='bbox 986 2364 1100 2393; x_wconf 85' lang='lat' dir='ltr'>frater-</span> 
     </span>
     <span class='ocr_line' id='line_1_40' title="bbox 101 2416 1101 2454; baseline -0.003 -6"><span class='ocrx_word' id='word_1_279' title='bbox 101 2419 238 2449; x_wconf 86' lang='lat' dir='ltr'>nitatem</span> <span class='ocrx_word' id='word_1_280' title='bbox 259 2422 347 2447; x_wconf 86' lang='lat' dir='ltr'>tuam</span> <span class='ocrx_word' id='word_1_281' title='bbox 364 2417 560 2447; x_wconf 85' lang='lat' dir='ltr'>monendam</span> <span class='ocrx_word' id='word_1_282' title='bbox 585 2416 738 2446; x_wconf 79' lang='lat' dir='ltr'>duximus</span> <span class='ocrx_word' id='word_1_283' title='bbox 761 2421 791 2445; x_wconf 91' lang='lat' dir='ltr'>ct</span> <span class='ocrx_word' id='word_1_284' title='bbox 816 2416 1021 2449; x_wconf 76' lang='lat' dir='ltr'>hortandam,</span> <span class='ocrx_word' id='word_1_285' title='bbox 1044 2425 1101 2454; x_wconf 90' lang='lat' dir='ltr'>per</span> 
     </span>
     <span class='ocr_line' id='line_1_41' title="bbox 101 2469 1100 2510; baseline -0.003 -8"><span class='ocrx_word' id='word_1_286' title='bbox 101 2471 279 2510; x_wconf 87' lang='lat' dir='ltr'>apostolica</span> <span class='ocrx_word' id='word_1_287' title='bbox 302 2471 361 2500; x_wconf 84' lang='lat' dir='ltr'>tibi</span> <span class='ocrx_word' id='word_1_288' title='bbox 385 2471 506 2508; x_wconf 83' lang='lat' dir='ltr'>scripta</span> <span class='ocrx_word' id='word_1_289' title='bbox 526 2469 721 2498; x_wconf 84' lang='lat' dir='ltr'>mandantes</span> <span class='ocrx_word' id='word_1_290' title='bbox 743 2474 906 2507; x_wconf 81' lang='lat' dir='ltr'>quatenus</span> <span class='ocrx_word' id='word_1_291' title='bbox 927 2478 1024 2507; x_wconf 88' lang='lat' dir='ltr'>super</span> <span class='ocrx_word' id='word_1_292' title='bbox 1040 2469 1100 2499; x_wconf 84' lang='lat' dir='ltr'>hoc</span> 
     </span>
     <span class='ocr_line' id='line_1_42' title="bbox 100 2521 1098 2561; baseline -0.003 -7"><span class='ocrx_word' id='word_1_293' title='bbox 100 2524 208 2554; x_wconf 86' lang='lat' dir='ltr'>eidem</span> <span class='ocrx_word' id='word_1_294' title='bbox 225 2523 319 2553; x_wconf 79' lang='lat' dir='ltr'>fratri</span> <span class='ocrx_word' id='word_1_295' title='bbox 336 2523 506 2561; x_wconf 82' lang='lat' dir='ltr'>impendas</span> <span class='ocrx_word' id='word_1_296' title='bbox 517 2521 704 2551; x_wconf 88' lang='lat' dir='ltr'>consilium.</span> <span class='ocrx_word' id='word_1_297' title='bbox 723 2521 882 2550; x_wconf 83' lang='lat' dir='ltr'>auxilium</span> <span class='ocrx_word' id='word_1_298' title='bbox 895 2526 925 2551; x_wconf 89' lang='lat' dir='ltr'>et</span> <span class='ocrx_word' id='word_1_299' title='bbox 943 2522 1098 2552; x_wconf 84' lang='lat' dir='ltr'>savorem.</span> 
     </span>
     <span class='ocr_line' id='line_1_43' title="bbox 98 2573 1100 2614; baseline -0.005 -7"><span class='ocrx_word' id='word_1_300' title='bbox 98 2582 132 2607; x_wconf 91' lang='lat' dir='ltr'>et</span> <span class='ocrx_word' id='word_1_301' title='bbox 149 2577 266 2606; x_wconf 82' lang='lat' dir='ltr'>fratres</span> <span class='ocrx_word' id='word_1_302' title='bbox 283 2585 364 2614; x_wconf 85' lang='lat' dir='ltr'>quos</span> <span class='ocrx_word' id='word_1_303' title='bbox 388 2575 510 2604; x_wconf 86' lang='lat' dir='ltr'>ibidem</span> <span class='ocrx_word' id='word_1_304' title='bbox 534 2574 726 2607; x_wconf 84' lang='lat' dir='ltr'>instituerit,</span> <span class='ocrx_word' id='word_1_305' title='bbox 747 2573 856 2603; x_wconf 88' lang='lat' dir='ltr'>taliter</span> <span class='ocrx_word' id='word_1_306' title='bbox 873 2573 995 2603; x_wconf 77' lang='lat' dir='ltr'>habeas</span> <span class='ocrx_word' id='word_1_307' title='bbox 1012 2583 1100 2604; x_wconf 81' lang='lat' dir='ltr'>coni-</span> 
     </span>
     <span class='ocr_line' id='line_1_44' title="bbox 100 2626 1100 2667; baseline -0.002 -9"><span class='ocrx_word' id='word_1_308' title='bbox 100 2629 283 2663; x_wconf 55' lang='lat' dir='ltr'>mendatos</span> <span class='ocrx_word' id='word_1_309' title='bbox 296 2628 382 2667; x_wconf 86' lang='lat' dir='ltr'>quod</span> <span class='ocrx_word' id='word_1_310' title='bbox 396 2628 512 2657; x_wconf 81' lang='lat' dir='ltr'>exinde</span> <span class='ocrx_word' id='word_1_311' title='bbox 526 2627 672 2656; x_wconf 75' lang='lat' dir='ltr'>divinam</span> <span class='ocrx_word' id='word_1_312' title='bbox 690 2626 796 2664; x_wconf 86' lang='lat' dir='ltr'>possis</span> <span class='ocrx_word' id='word_1_313' title='bbox 809 2626 947 2664; x_wconf 86' lang='lat' dir='ltr'>gratiam</span> <span class='ocrx_word' id='word_1_314' title='bbox 966 2626 1100 2656; x_wconf 90' lang='lat' dir='ltr'>uberius</span> 
     </span>
     <span class='ocr_line' id='line_1_45' title="bbox 100 2678 1103 2720; baseline -0.002 -9"><span class='ocrx_word' id='word_1_315' title='bbox 100 2681 292 2720; x_wconf 88' lang='lat' dir='ltr'>promereri,</span> <span class='ocrx_word' id='word_1_316' title='bbox 311 2686 342 2710; x_wconf 87' lang='lat' dir='ltr'>et</span> <span class='ocrx_word' id='word_1_317' title='bbox 368 2689 426 2710; x_wconf 87' lang='lat' dir='ltr'>nos</span> <span class='ocrx_word' id='word_1_318' title='bbox 446 2680 653 2709; x_wconf 86' lang='lat' dir='ltr'>devotionem</span> <span class='ocrx_word' id='word_1_319' title='bbox 676 2684 764 2708; x_wconf 88' lang='lat' dir='ltr'>tuam</span> <span class='ocrx_word' id='word_1_320' title='bbox 781 2678 1010 2709; x_wconf 82' lang='lat' dir='ltr'>commendare</span> <span class='ocrx_word' id='word_1_321' title='bbox 1034 2688 1103 2709; x_wconf 83' lang='lat' dir='ltr'>me-</span> 
     </span>
     <span class='ocr_line' id='line_1_46' title="bbox 102 2731 1100 2769; baseline -0.004 -5"><span class='ocrx_word' id='word_1_322' title='bbox 102 2734 165 2764; x_wconf 89' lang='lat' dir='ltr'>rito</span> <span class='ocrx_word' id='word_1_323' title='bbox 193 2733 382 2764; x_wconf 83' lang='lat' dir='ltr'>debeamus.</span> <span class='ocrx_word' id='word_1_324' title='bbox 416 2734 487 2762; x_wconf 87' lang='lat' dir='ltr'>Dat.</span> <span class='ocrx_word' id='word_1_325' title='bbox 515 2731 675 2765; x_wconf 72' lang='lat' dir='ltr'>Viterbii,</span> <span class='ocrx_word' id='word_1_326' title='bbox 706 2732 735 2760; x_wconf 85' lang='lat' dir='ltr'>Il</span> <span class='ocrx_word' id='word_1_327' title='bbox 759 2740 862 2760; x_wconf 83' lang='lat' dir='ltr'>nonas</span> <span class='ocrx_word' id='word_1_328' title='bbox 888 2731 1100 2769; x_wconf 83' lang='lat' dir='ltr'>septembris.</span> 
     </span>
     <span class='ocr_line' id='line_1_47' title="bbox 101 2786 428 2816; baseline -0.003 0"><span class='ocrx_word' id='word_1_329' title='bbox 101 2795 189 2816; x_wconf 87' lang='lat' dir='ltr'>anno</span> <span class='ocrx_word' id='word_1_330' title='bbox 206 2786 392 2816; x_wconf 81' lang='lat' dir='ltr'>undecimo.</span> <span class='ocrx_word' id='word_1_331' title='bbox 415 2798 428 2811; x_wconf 72' lang='lat' dir='ltr'>n</span> 
     </span>
    </p>
   </div>
   <div class='ocr_carea' id='block_1_6' title="bbox 135 2916 448 2989">
    <p class='ocr_par' dir='ltr' id='par_1_6' title="bbox 135 2916 448 2989">
     <span class='ocr_line' id='line_1_48' title="bbox 138 2916 448 2944; baseline -0.003 -4"><span class='ocrx_word' id='word_1_332' title='bbox 138 2917 158 2941; x_wconf 81' lang='lat' dir='ltr'>i.</span> <span class='ocrx_word' id='word_1_333' title='bbox 175 2916 216 2941; x_wconf 75' lang='lat' dir='ltr'>Cf.</span> <span class='ocrx_word' id='word_1_334' title='bbox 232 2916 246 2939; x_wconf 45' lang='grc' dir='ltr'>(Ξ</span> <span class='ocrx_word' id='word_1_335' title='bbox 261 2916 331 2941; x_wconf 54' lang='lat' dir='ltr'>Con⁴</span> <span class='ocrx_word' id='word_1_336' title='bbox 348 2916 393 2944; x_wconf 75' lang='lat' dir='ltr'>XI,</span> <span class='ocrx_word' id='word_1_337' title='bbox 409 2916 448 2940; x_wconf 65' lang='lat'>³28.</span> 
     </span>
     <span class='ocr_line' id='line_1_49' title="bbox 135 2960 448 2989; baseline 0.003 -6"><span class='ocrx_word' id='word_1_338' title='bbox 135 2960 159 2984; x_wconf 60' lang='grc' dir='ltr'>ἰ).</span> <span class='ocrx_word' id='word_1_339' title='bbox 176 2960 218 2985; x_wconf 80' lang='lat' dir='ltr'>Cf.</span> <span class='ocrx_word' id='word_1_340' title='bbox 235 2962 318 2989; x_wconf 75' lang='lat' dir='ltr'>infra,</span> <span class='ocrx_word' id='word_1_341' title='bbox 336 2965 363 2983; x_wconf 80' lang='lat' dir='ltr'>n⁰</span> <span class='ocrx_word' id='word_1_342' title='bbox 380 2960 448 2984; x_wconf 68' lang='lat'>3568.</span> 
     </span>
    </p>
   </div>
   <div class='ocr_carea' id='block_1_7' title="bbox 1243 373 2098 408">
    <p class='ocr_par' dir='ltr' id='par_1_7' title="bbox 1243 373 2098 408">
     <span class='ocr_line' id='line_1_50' title="bbox 1243 373 2098 408; baseline 0 -7"><span class='ocrx_word' id='word_1_343' title='bbox 1243 373 1357 401; x_wconf 57' lang='lat'>383²</span> <span class='ocrx_word' id='word_1_344' title='bbox 1668 375 1797 404; x_wconf 51' lang='lat' dir='ltr'>Vitem».</span> <span class='ocrx_word' id='word_1_345' title='bbox 1819 377 1826 402; x_wconf 80' lang='lat' dir='ltr'>l</span> <span class='ocrx_word' id='word_1_346' title='bbox 1844 376 2007 408; x_wconf 64' lang='lat' dir='ltr'>&lt;01=lettil1re</span> <span class='ocrx_word' id='word_1_347' title='bbox 2022 376 2098 402; x_wconf 73' lang='lat'>1237.</span> 
     </span>
    </p>
   </div>
   <div class='ocr_carea' id='block_1_8' title="bbox 1174 435 2172 517">
    <p class='ocr_par' dir='ltr' id='par_1_8' title="bbox 1174 435 2172 517">
     <span class='ocr_line' id='line_1_51' title="bbox 1209 435 2172 470; baseline 0.002 -10"><span class='ocrx_word' id='word_1_348' title='bbox 1209 443 1222 460; x_wconf 87' lang='grc'>((</span> <span class='ocrx_word' id='word_1_349' title='bbox 1240 436 1270 462; x_wconf 84' lang='lat' dir='ltr'>In</span> <span class='ocrx_word' id='word_1_350' title='bbox 1286 435 1409 461; x_wconf 67' lang='lat' dir='ltr'>eundem</span> <span class='ocrx_word' id='word_1_351' title='bbox 1429 437 1486 461; x_wconf 67' lang='lat' dir='ltr'>sere</span> <span class='ocrx_word' id='word_1_352' title='bbox 1504 437 1620 461; x_wconf 70' lang='lat' dir='ltr'>nimium</span> <span class='ocrx_word' id='word_1_353' title='bbox 1636 436 1720 460; x_wconf 63' lang='lat' dir='ltr'>er&#39;drm</span> <span class='ocrx_word' id='word_1_354' title='bbox 1737 438 1836 468; x_wconf 66' lang='lat' dir='ltr'>pri-rw,</span> <span class='ocrx_word' id='word_1_355' title='bbox 1855 446 1960 470; x_wconf 65' lang='lat' dir='ltr'>usqu-e:</span> <span class='ocrx_word' id='word_1_356' title='bbox 1979 446 2033 462; x_wconf 81' lang='grc' dir='ltr'>ιιιιιι</span> <span class='ocrx_word' id='word_1_357' title='bbox 2049 437 2172 463; x_wconf 59' lang='lat' dir='ltr'>obviant</span> 
     </span>
     <span class='ocr_line' id='line_1_52' title="bbox 1174 483 1982 517; baseline 0.002 -8"><span class='ocrx_word' id='word_1_358' title='bbox 1174 483 1329 510; x_wconf 59' lang='lat' dir='ltr'>institutis.</span> <span class='ocrx_word' id='word_1_359' title='bbox 1349 484 1414 510; x_wconf 78' lang='lat' dir='ltr'>Dat.</span> <span class='ocrx_word' id='word_1_360' title='bbox 1431 488 1461 509; x_wconf 84' lang='lat' dir='ltr'>ut</span> <span class='ocrx_word' id='word_1_361' title='bbox 1478 492 1574 517; x_wconf 56' lang='lat' dir='ltr'>supra.</span> <span class='ocrx_word' id='word_1_362' title='bbox 1592 495 1604 507; x_wconf 69' lang='grc' dir='ltr'>ι»</span> <span class='ocrx_word' id='word_1_363' title='bbox 1623 499 1652 502; x_wconf 94' lang='grc'><strong>-</strong></span> <span class='ocrx_word' id='word_1_364' title='bbox 1667 485 1753 512; x_wconf 62' lang='lat' dir='ltr'>(um.</span> <span class='ocrx_word' id='word_1_365' title='bbox 1772 486 1814 513; x_wconf 69' lang='lat'>18.</span> <span class='ocrx_word' id='word_1_366' title='bbox 1831 487 1849 510; x_wconf 74' lang='grc' dir='ltr'>ι’.</span> <span class='ocrx_word' id='word_1_367' title='bbox 1867 486 1915 511; x_wconf 74' lang='lat'>321</span> <span class='ocrx_word' id='word_1_368' title='bbox 1933 490 1982 514; x_wconf 67' lang='grc' dir='ltr'>ν’.)</span> 
     </span>
    </p>
   </div>
   <div class='ocr_carea' id='block_1_9' title="bbox 1244 683 1360 711">
    <p class='ocr_par' dir='ltr' id='par_1_9' title="bbox 1244 683 1360 711">
     <span class='ocr_line' id='line_1_53' title="bbox 1244 683 1360 711; baseline -0.009 0"><span class='ocrx_word' id='word_1_369' title='bbox 1244 683 1360 711; x_wconf 77' lang='grc'>3868</span> 
     </span>
    </p>
   </div>
   <div class='ocr_carea' id='block_1_10' title="bbox 1210 745 2168 780">
    <p class='ocr_par' dir='ltr' id='par_1_10' title="bbox 1210 745 2168 780">
     <span class='ocr_line' id='line_1_54' title="bbox 1210 745 2168 780; baseline 0 -8"><span class='ocrx_word' id='word_1_370' title='bbox 1210 745 1304 772; x_wconf 82' lang='lat' dir='ltr'>Fratri</span> <span class='ocrx_word' id='word_1_371' title='bbox 1323 746 1482 779; x_wconf 74' lang='lat' dir='ltr'>Stephano,</span> <span class='ocrx_word' id='word_1_372' title='bbox 1499 746 1585 780; x_wconf 70' lang='lat' dir='ltr'>priori</span> <span class='ocrx_word' id='word_1_373' title='bbox 1604 747 1778 780; x_wconf 70' lang='lat' dir='ltr'>provinciali</span> <span class='ocrx_word' id='word_1_374' title='bbox 1794 749 1914 773; x_wconf 76' lang='lat' dir='ltr'>fratrum</span> <span class='ocrx_word' id='word_1_375' title='bbox 1931 747 2168 773; x_wconf 63' lang='lat' dir='ltr'>praedicatorum</span> 
     </span>
    </p>
   </div>
   <div class='ocr_carea' id='block_1_11' title="bbox 1666 685 2098 719">
    <p class='ocr_par' dir='ltr' id='par_1_11' title="bbox 1666 685 2098 719">
     <span class='ocr_line' id='line_1_55' title="bbox 1666 685 2098 719; baseline 0.005 -10"><span class='ocrx_word' id='word_1_376' title='bbox 1666 685 1795 713; x_wconf 65' lang='lat' dir='ltr'>Vita-rho.</span> <span class='ocrx_word' id='word_1_377' title='bbox 1819 687 1825 711; x_wconf 94' lang='grc' dir='ltr'>Ι</span> <span class='ocrx_word' id='word_1_378' title='bbox 1843 685 2006 719; x_wconf 65' lang='lat' dir='ltr'>‹vptemtm-</span> <span class='ocrx_word' id='word_1_379' title='bbox 2023 685 2098 711; x_wconf 65' lang='lat'>1237.</span> 
     </span>
    </p>
   </div>
   <div class='ocr_carea' id='block_1_12' title="bbox 1174 794 2171 1117">
    <p class='ocr_par' dir='ltr' id='par_1_12' title="bbox 1174 794 2171 1117">
     <span class='ocr_line' id='line_1_56' title="bbox 1174 794 2169 829; baseline 0.001 -9"><span class='ocrx_word' id='word_1_380' title='bbox 1174 794 1204 820; x_wconf 88' lang='lat' dir='ltr'>in</span> <span class='ocrx_word' id='word_1_381' title='bbox 1223 794 1458 823; x_wconf 75' lang='lat' dir='ltr'>L01nba1-dia,de</span> <span class='ocrx_word' id='word_1_382' title='bbox 1469 795 1568 820; x_wconf 82' lang='lat' dir='ltr'>eadem</span> <span class='ocrx_word' id='word_1_383' title='bbox 1585 803 1614 820; x_wconf 72' lang='lat' dir='ltr'>re</span> <span class='ocrx_word' id='word_1_384' title='bbox 1631 795 1770 823; x_wconf 54' lang='lat' dir='ltr'>scribens.</span> <span class='ocrx_word' id='word_1_385' title='bbox 1787 796 1905 821; x_wconf 75' lang='lat' dir='ltr'>mandat</span> <span class='ocrx_word' id='word_1_386' title='bbox 1920 801 2063 829; x_wconf 60' lang='lat' dir='ltr'>quate-nus·</span> <span class='ocrx_word' id='word_1_387' title='bbox 2078 798 2169 829; x_wconf 65' lang='lat' dir='ltr'>pute-1-</span> 
     </span>
     <span class='ocr_line' id='line_1_57' title="bbox 1174 842 2156 874; baseline 0 -5"><span class='ocrx_word' id='word_1_388' title='bbox 1174 845 1276 874; x_wconf 80' lang='lat' dir='ltr'>tatem,</span> <span class='ocrx_word' id='word_1_389' title='bbox 1294 842 1477 869; x_wconf 66' lang='lat' dir='ltr'>consiliarios</span> <span class='ocrx_word' id='word_1_390' title='bbox 1493 846 1520 869; x_wconf 76' lang='lat' dir='ltr'>ct</span> <span class='ocrx_word' id='word_1_391' title='bbox 1539 852 1694 869; x_wconf 77' lang='lat' dir='ltr'>cuuiniune</span> <span class='ocrx_word' id='word_1_392' title='bbox 1710 843 1894 870; x_wconf 58' lang='lat' dir='ltr'>Mutinense&lt;</span> <span class='ocrx_word' id='word_1_393' title='bbox 1912 849 2024 869; x_wconf 73' lang='lat' dir='ltr'>moneat</span> <span class='ocrx_word' id='word_1_394' title='bbox 2043 848 2070 870; x_wconf 73' lang='lat' dir='ltr'>vt</span> <span class='ocrx_word' id='word_1_395' title='bbox 2087 844 2156 870; x_wconf 76' lang='lat' dir='ltr'>indu</span> 
     </span>
     <span class='ocr_line' id='line_1_58' title="bbox 1174 892 2171 925; baseline 0.001 -8"><span class='ocrx_word' id='word_1_396' title='bbox 1174 895 1219 917; x_wconf 84' lang='lat' dir='ltr'>cat</span> <span class='ocrx_word' id='word_1_397' title='bbox 1235 894 1277 919; x_wconf 79' lang='lat' dir='ltr'>ut.</span> <span class='ocrx_word' id='word_1_398' title='bbox 1295 895 1446 925; x_wconf 76' lang='lat' dir='ltr'>postquam</span> <span class='ocrx_word' id='word_1_399' title='bbox 1466 892 1493 917; x_wconf 88' lang='lat' dir='ltr'>in</span> <span class='ocrx_word' id='word_1_400' title='bbox 1511 892 1691 925; x_wconf 68' lang='lat' dir='ltr'>praedi-:tum</span> <span class='ocrx_word' id='word_1_401' title='bbox 1711 893 1918 918; x_wconf 55' lang='lat' dir='ltr'>aiennaci-inm</span> <span class='ocrx_word' id='word_1_402' title='bbox 1932 892 1967 917; x_wconf 71' lang='lat' dir='ltr'>vle</span> <span class='ocrx_word' id='word_1_403' title='bbox 1983 892 2171 918; x_wconf 55' lang='lat' dir='ltr'>‹waumbarin</span> 
     </span>
     <span class='ocr_line' id='line_1_59' title="bbox 1174 939 2170 976; baseline 0 -11"><span class='ocrx_word' id='word_1_404' title='bbox 1174 939 1315 976; x_wconf 71' lang='lat' dir='ltr'>praedicti</span> <span class='ocrx_word' id='word_1_405' title='bbox 1336 940 1438 966; x_wconf 55' lang='lat' dir='ltr'>fratr-e&gt;-</span> <span class='ocrx_word' id='word_1_406' title='bbox 1454 939 1489 964; x_wconf 78' lang='lat' dir='ltr'>‹h-</span> <span class='ocrx_word' id='word_1_407' title='bbox 1506 940 1697 973; x_wconf 68' lang='lat' dir='ltr'>(Tampaninla</span> <span class='ocrx_word' id='word_1_408' title='bbox 1715 940 1822 966; x_wconf 78' lang='lat' dir='ltr'>tuerint</span> <span class='ocrx_word' id='word_1_409' title='bbox 1842 940 2012 967; x_wconf 67' lang='lat' dir='ltr'>iutrmlucti.</span> <span class='ocrx_word' id='word_1_410' title='bbox 2033 949 2087 966; x_wconf 71' lang='grc' dir='ltr'>ιιυιι</span> <span class='ocrx_word' id='word_1_411' title='bbox 2107 948 2170 974; x_wconf 74' lang='lat' dir='ltr'>per-</span> 
     </span>
     <span class='ocr_line' id='line_1_60' title="bbox 1175 987 2169 1022; baseline 0.002 -9"><span class='ocrx_word' id='word_1_412' title='bbox 1175 987 1296 1014; x_wconf 84' lang='lat' dir='ltr'>mittant</span> <span class='ocrx_word' id='word_1_413' title='bbox 1313 996 1359 1014; x_wconf 78' lang='lat' dir='ltr'>eos</span> <span class='ocrx_word' id='word_1_414' title='bbox 1375 997 1390 1013; x_wconf 88' lang='lat' dir='ltr'>a</span> <span class='ocrx_word' id='word_1_415' title='bbox 1409 988 1550 1015; x_wconf 67' lang='lat' dir='ltr'>[tolandm.</span> <span class='ocrx_word' id='word_1_416' title='bbox 1568 988 1697 1020; x_wconf 56' lang='lat' dir='ltr'>ejusdem</span> <span class='ocrx_word' id='word_1_417' title='bbox 1717 989 1885 1014; x_wconf 57' lang='lat' dir='ltr'>iticnnasterii</span> <span class='ocrx_word' id='word_1_418' title='bbox 1904 989 2048 1022; x_wconf 64' lang='lat' dir='ltr'>quondam</span> <span class='ocrx_word' id='word_1_419' title='bbox 2066 988 2169 1022; x_wconf 55' lang='lat' dir='ltr'>priore.</span> 
     </span>
     <span class='ocr_line' id='line_1_61' title="bbox 1174 1036 2170 1070; baseline -0.001 -8"><span class='ocrx_word' id='word_1_420' title='bbox 1174 1037 1220 1062; x_wconf 76' lang='lat' dir='ltr'>vel</span> <span class='ocrx_word' id='word_1_421' title='bbox 1233 1045 1248 1062; x_wconf 87' lang='lat' dir='ltr'>a</span> <span class='ocrx_word' id='word_1_422' title='bbox 1260 1036 1439 1070; x_wconf 66' lang='lat' dir='ltr'>quibuslibet</span> <span class='ocrx_word' id='word_1_423' title='bbox 1452 1036 1519 1062; x_wconf 72' lang='lat' dir='ltr'>alii&lt;</span> <span class='ocrx_word' id='word_1_424' title='bbox 1537 1036 1878 1066; x_wconf 61' lang='lat' dir='ltr'>1n‹›lcstari.se=leis-leun</span> <span class='ocrx_word' id='word_1_425' title='bbox 1894 1037 2078 1063; x_wconf 32' lang='lat' dir='ltr'>tratribus-10</span> <span class='ocrx_word' id='word_1_426' title='bbox 2089 1046 2170 1062; x_wconf 62' lang='lat' dir='ltr'>seeu-</span> 
     </span>
     <span class='ocr_line' id='line_1_62' title="bbox 1174 1084 2124 1117; baseline 0.001 -7"><span class='ocrx_word' id='word_1_427' title='bbox 1174 1084 1261 1110; x_wconf 81' lang='lat' dir='ltr'>ritate</span> <span class='ocrx_word' id='word_1_428' title='bbox 1278 1084 1460 1117; x_wconf 72' lang='lat' dir='ltr'>provideant.</span> <span class='ocrx_word' id='word_1_429' title='bbox 1479 1085 1608 1110; x_wconf 63' lang='lat'>—4[{13·‘·..</span> <span class='ocrx_word' id='word_1_430' title='bbox 1624 1085 1667 1111; x_wconf 82' lang='lat'>18.</span> <span class='ocrx_word' id='word_1_431' title='bbox 1685 1086 1702 1110; x_wconf 78' lang='lat' dir='ltr'>s.</span> <span class='ocrx_word' id='word_1_432' title='bbox 1720 1084 1769 1110; x_wconf 73' lang='lat'>321</span> <span class='ocrx_word' id='word_1_433' title='bbox 1788 1090 1832 1112; x_wconf 72' lang='lat' dir='ltr'>x·&#39;&#39;:</span> <span class='ocrx_word' id='word_1_434' title='bbox 1849 1094 1917 1110; x_wconf 86' lang='lat' dir='ltr'>ann.</span> <span class='ocrx_word' id='word_1_435' title='bbox 1936 1085 1992 1112; x_wconf 76' lang='lat' dir='ltr'>XI.</span> <span class='ocrx_word' id='word_1_436' title='bbox 2010 1096 2033 1110; x_wconf 78' lang='grc' dir='ltr'>ι’.</span> <span class='ocrx_word' id='word_1_437' title='bbox 2051 1085 2124 1111; x_wconf 78' lang='grc'>231.·</span> 
     </span>
    </p>
   </div>
   <div class='ocr_carea' id='block_1_13' title="bbox 1176 1197 2183 2862">
    <p class='ocr_par' dir='ltr' id='par_1_13' title="bbox 1176 1197 2183 2862">
     <span class='ocr_line' id='line_1_63' title="bbox 1217 1197 2173 1235; baseline 0.003 -12"><span class='ocrx_word' id='word_1_438' title='bbox 1217 1209 1229 1223; x_wconf 89' lang='lat'>«</span> <span class='ocrx_word' id='word_1_439' title='bbox 1254 1197 1358 1226; x_wconf 76' lang='lat' dir='ltr'>Fratri</span> <span class='ocrx_word' id='word_1_440' title='bbox 1379 1198 1539 1235; x_wconf 67' lang='lat' dir='ltr'>Stephano.</span> <span class='ocrx_word' id='word_1_441' title='bbox 1557 1198 1657 1234; x_wconf 73' lang='lat' dir='ltr'>priori</span> <span class='ocrx_word' id='word_1_442' title='bbox 1672 1199 1858 1234; x_wconf 74' lang='lat' dir='ltr'>provinciali</span> <span class='ocrx_word' id='word_1_443' title='bbox 1879 1200 2014 1232; x_wconf 73' lang='lat' dir='ltr'>fratrum</span> <span class='ocrx_word' id='word_1_444' title='bbox 2032 1198 2173 1226; x_wconf 75' lang='lat' dir='ltr'>I&#39;redt&#39;ra-</span> 
     </span>
     <span class='ocr_line' id='line_1_64' title="bbox 1176 1250 2170 1288; baseline -0.001 -9"><span class='ocrx_word' id='word_1_445' title='bbox 1176 1255 1274 1279; x_wconf 79' lang='lat' dir='ltr'>torum</span> <span class='ocrx_word' id='word_1_446' title='bbox 1305 1252 1335 1278; x_wconf 85' lang='grc' dir='ltr'><strong>ιή</strong></span> <span class='ocrx_word' id='word_1_447' title='bbox 1366 1250 1556 1279; x_wconf 81' lang='lat' dir='ltr'>Lombardin.</span> <span class='ocrx_word' id='word_1_448' title='bbox 1587 1250 1668 1280; x_wconf 89' lang='lat' dir='ltr'>Cum</span> <span class='ocrx_word' id='word_1_449' title='bbox 1698 1250 1856 1279; x_wconf 82' lang='lat' dir='ltr'>instantia</span> <span class='ocrx_word' id='word_1_450' title='bbox 1890 1255 1967 1279; x_wconf 82' lang='lat' dir='ltr'>etc..</span> <span class='ocrx_word' id='word_1_451' title='bbox 1996 1256 2029 1279; x_wconf 93' lang='lat' dir='ltr'>ut</span> <span class='ocrx_word' id='word_1_452' title='bbox 2057 1259 2170 1288; x_wconf 72' lang='lat' dir='ltr'>supra„</span> 
     </span>
     <span class='ocr_line' id='line_1_65' title="bbox 1177 1302 2173 1341; baseline 0.001 -10"><span class='ocrx_word' id='word_1_453' title='bbox 1177 1311 1281 1341; x_wconf 85' lang='lat' dir='ltr'>usque</span> <span class='ocrx_word' id='word_1_454' title='bbox 1296 1313 1302 1331; x_wconf 76' lang='grc' dir='ltr'>ε</span> <span class='ocrx_word' id='word_1_455' title='bbox 1320 1311 1377 1340; x_wconf 90' lang='lat' dir='ltr'>per</span> <span class='ocrx_word' id='word_1_456' title='bbox 1392 1311 1426 1332; x_wconf 91' lang='lat' dir='ltr'>se</span> <span class='ocrx_word' id='word_1_457' title='bbox 1443 1302 1563 1340; x_wconf 88' lang='lat' dir='ltr'>ipsum,</span> <span class='ocrx_word' id='word_1_458' title='bbox 1579 1302 1661 1331; x_wconf 92' lang='lat' dir='ltr'>illud</span> <span class='ocrx_word' id='word_1_459' title='bbox 1678 1312 1734 1340; x_wconf 88' lang='lat' dir='ltr'>per</span> <span class='ocrx_word' id='word_1_460' title='bbox 1752 1306 1781 1332; x_wconf 88' lang='lat' dir='ltr'>te</span> <span class='ocrx_word' id='word_1_461' title='bbox 1795 1303 1928 1332; x_wconf 83' lang='lat' dir='ltr'>concedi</span> <span class='ocrx_word' id='word_1_462' title='bbox 1945 1302 2173 1332; x_wconf 73' lang='lat' dir='ltr'>mandavimus</span> 
     </span>
     <span class='ocr_line' id='line_1_66' title="bbox 1176 1354 2174 1392; baseline 0 -8"><span class='ocrx_word' id='word_1_463' title='bbox 1176 1355 1305 1385; x_wconf 85' lang='lat' dir='ltr'>dilectis</span> <span class='ocrx_word' id='word_1_464' title='bbox 1322 1355 1401 1384; x_wconf 81' lang='lat' dir='ltr'>filiis</span> <span class='ocrx_word' id='word_1_465' title='bbox 1417 1354 1575 1384; x_wconf 87' lang='lat' dir='ltr'>fratribus</span> <span class='ocrx_word' id='word_1_466' title='bbox 1592 1354 1630 1384; x_wconf 88' lang='lat' dir='ltr'>de</span> <span class='ocrx_word' id='word_1_467' title='bbox 1653 1354 1878 1392; x_wconf 85' lang='lat' dir='ltr'>Campaniola.</span> <span class='ocrx_word' id='word_1_468' title='bbox 1903 1355 2082 1384; x_wconf 84' lang='lat' dir='ltr'>secundum</span> <span class='ocrx_word' id='word_1_469' title='bbox 2109 1360 2174 1384; x_wconf 83' lang='lat' dir='ltr'>sta-</span> 
     </span>
     <span class='ocr_line' id='line_1_67' title="bbox 1178 1406 2172 1445; baseline 0 -9"><span class='ocrx_word' id='word_1_470' title='bbox 1178 1412 1246 1437; x_wconf 88' lang='lat' dir='ltr'>tuta</span> <span class='ocrx_word' id='word_1_471' title='bbox 1265 1416 1377 1436; x_wconf 90' lang='lat' dir='ltr'>eorum</span> <span class='ocrx_word' id='word_1_472' title='bbox 1406 1406 1556 1444; x_wconf 73' lang='lat' dir='ltr'>ord[inis]</span> <span class='ocrx_word' id='word_1_473' title='bbox 1585 1407 1842 1441; x_wconf 83' lang='lat' dir='ltr'>reformandum,</span> <span class='ocrx_word' id='word_1_474' title='bbox 1871 1407 2083 1445; x_wconf 73' lang='lat' dir='ltr'>injungentes</span> <span class='ocrx_word' id='word_1_475' title='bbox 2114 1408 2172 1436; x_wconf 86' lang='lat' dir='ltr'>tibi</span> 
     </span>
     <span class='ocr_line' id='line_1_68' title="bbox 1178 1459 2173 1497; baseline 0 -9"><span class='ocrx_word' id='word_1_476' title='bbox 1178 1459 1416 1489; x_wconf 88' lang='lat' dir='ltr'>nichilominus</span> <span class='ocrx_word' id='word_1_477' title='bbox 1441 1464 1476 1488; x_wconf 89' lang='lat' dir='ltr'>ut</span> <span class='ocrx_word' id='word_1_478' title='bbox 1504 1459 1613 1497; x_wconf 86' lang='lat' dir='ltr'>ipsum</span> <span class='ocrx_word' id='word_1_479' title='bbox 1637 1459 1674 1489; x_wconf 84' lang='lat' dir='ltr'>dc</span> <span class='ocrx_word' id='word_1_480' title='bbox 1703 1459 1861 1488; x_wconf 79' lang='lat' dir='ltr'>fratribus</span> <span class='ocrx_word' id='word_1_481' title='bbox 1885 1460 2055 1488; x_wconf 83' lang='lat' dir='ltr'>civitatum</span> <span class='ocrx_word' id='word_1_482' title='bbox 2080 1460 2173 1489; x_wconf 83' lang='lat' dir='ltr'>Lom-</span> 
     </span>
     <span class='ocr_line' id='line_1_69' title="bbox 1177 1512 2172 1550; baseline 0 -8"><span class='ocrx_word' id='word_1_483' title='bbox 1177 1512 1290 1542; x_wconf 86' lang='lat' dir='ltr'>bardie</span> <span class='ocrx_word' id='word_1_484' title='bbox 1317 1516 1390 1543; x_wconf 82' lang='lat' dir='ltr'>etc..</span> <span class='ocrx_word' id='word_1_485' title='bbox 1415 1517 1449 1540; x_wconf 91' lang='lat' dir='ltr'>ut</span> <span class='ocrx_word' id='word_1_486' title='bbox 1475 1520 1584 1549; x_wconf 79' lang='lat' dir='ltr'>supra.</span> <span class='ocrx_word' id='word_1_487' title='bbox 1608 1520 1712 1550; x_wconf 75' lang='lat' dir='ltr'>usquc</span> <span class='ocrx_word' id='word_1_488' title='bbox 1732 1521 1738 1540; x_wconf 80' lang='lat' dir='ltr'>z</span> <span class='ocrx_word' id='word_1_489' title='bbox 1761 1512 1952 1541; x_wconf 80' lang='lat' dir='ltr'>sustentari.</span> <span class='ocrx_word' id='word_1_490' title='bbox 1981 1512 2064 1548; x_wconf 74' lang='lat' dir='ltr'>Quia</span> <span class='ocrx_word' id='word_1_491' title='bbox 2087 1520 2172 1542; x_wconf 76' lang='lat' dir='ltr'>vero.</span> 
     </span>
     <span class='ocr_line' id='line_1_70' title="bbox 1178 1564 2174 1603; baseline -0.002 -8"><span class='ocrx_word' id='word_1_492' title='bbox 1178 1569 1309 1603; x_wconf 83' lang='lat' dir='ltr'>propter</span> <span class='ocrx_word' id='word_1_493' title='bbox 1335 1564 1617 1602; x_wconf 83' lang='lat' dir='ltr'>presumptionem</span> <span class='ocrx_word' id='word_1_494' title='bbox 1640 1564 1746 1602; x_wconf 85' lang='lat' dir='ltr'>ipsius</span> <span class='ocrx_word' id='word_1_495' title='bbox 1772 1564 1931 1597; x_wconf 77' lang='lat' dir='ltr'>Rolandi,</span> <span class='ocrx_word' id='word_1_496' title='bbox 1963 1564 2035 1602; x_wconf 76' lang='lat' dir='ltr'>qui.</span> <span class='ocrx_word' id='word_1_497' title='bbox 2063 1564 2174 1593; x_wconf 80' lang='lat' dir='ltr'>volens</span> 
     </span>
     <span class='ocr_line' id='line_1_71' title="bbox 1178 1616 2175 1651; baseline -0.002 -4"><span class='ocrx_word' id='word_1_498' title='bbox 1178 1622 1291 1647; x_wconf 83' lang='lat' dir='ltr'>contra</span> <span class='ocrx_word' id='word_1_499' title='bbox 1308 1616 1480 1646; x_wconf 85' lang='lat' dir='ltr'>stimulum</span> <span class='ocrx_word' id='word_1_500' title='bbox 1495 1616 1700 1651; x_wconf 84' lang='lat' dir='ltr'>calcitrare¹,</span> <span class='ocrx_word' id='word_1_501' title='bbox 1713 1617 1819 1646; x_wconf 88' lang='lat' dir='ltr'>eidem</span> <span class='ocrx_word' id='word_1_502' title='bbox 1836 1617 2035 1646; x_wconf 84' lang='lat' dir='ltr'>monasterio</span> <span class='ocrx_word' id='word_1_503' title='bbox 2053 1617 2175 1645; x_wconf 84' lang='lat' dir='ltr'>inferre</span> 
     </span>
     <span class='ocr_line' id='line_1_72' title="bbox 1178 1669 2175 1708; baseline -0.002 -9"><span class='ocrx_word' id='word_1_504' title='bbox 1178 1670 1318 1708; x_wconf 88' lang='lat' dir='ltr'>dampna</span> <span class='ocrx_word' id='word_1_505' title='bbox 1346 1678 1403 1707; x_wconf 87' lang='lat' dir='ltr'>per</span> <span class='ocrx_word' id='word_1_506' title='bbox 1426 1678 1460 1698; x_wconf 82' lang='lat' dir='ltr'>se</span> <span class='ocrx_word' id='word_1_507' title='bbox 1485 1678 1521 1698; x_wconf 83' lang='lat' dir='ltr'>ac</span> <span class='ocrx_word' id='word_1_508' title='bbox 1546 1678 1623 1699; x_wconf 85' lang='lat' dir='ltr'>suos</span> <span class='ocrx_word' id='word_1_509' title='bbox 1653 1669 1917 1707; x_wconf 77' lang='lat' dir='ltr'>consanguineos</span> <span class='ocrx_word' id='word_1_510' title='bbox 1945 1669 2175 1700; x_wconf 76' lang='lat' dir='ltr'>comminatur,</span> 
     </span>
     <span class='ocr_line' id='line_1_73' title="bbox 1179 1721 2175 1760; baseline -0.002 -8"><span class='ocrx_word' id='word_1_511' title='bbox 1179 1722 1306 1760; x_wconf 75' lang='lat' dir='ltr'>expedit</span> <span class='ocrx_word' id='word_1_512' title='bbox 1322 1722 1398 1751; x_wconf 81' lang='lat' dir='ltr'>huic</span> <span class='ocrx_word' id='word_1_513' title='bbox 1414 1722 1505 1759; x_wconf 86' lang='lat' dir='ltr'>operi</span> <span class='ocrx_word' id='word_1_514' title='bbox 1522 1721 1673 1751; x_wconf 87' lang='lat' dir='ltr'>adhiberi</span> <span class='ocrx_word' id='word_1_515' title='bbox 1685 1731 1818 1751; x_wconf 89' lang='lat' dir='ltr'>manum</span> <span class='ocrx_word' id='word_1_516' title='bbox 1828 1721 1944 1751; x_wconf 76' lang='lat' dir='ltr'>auxilii</span> <span class='ocrx_word' id='word_1_517' title='bbox 1959 1745 1977 1749; x_wconf 94' lang='lat'>..</span> <span class='ocrx_word' id='word_1_518' title='bbox 1994 1721 2175 1759; x_wconf 71' lang='lat' dir='ltr'>potestatis.</span> 
     </span>
     <span class='ocr_line' id='line_1_74' title="bbox 1178 1774 2177 1812; baseline -0.002 -8"><span class='ocrx_word' id='word_1_519' title='bbox 1178 1774 1445 1804; x_wconf 85' lang='lat' dir='ltr'>consiliariorum</span> <span class='ocrx_word' id='word_1_520' title='bbox 1461 1778 1491 1803; x_wconf 87' lang='lat' dir='ltr'>et</span> <span class='ocrx_word' id='word_1_521' title='bbox 1508 1774 1692 1803; x_wconf 82' lang='lat' dir='ltr'>communis</span> <span class='ocrx_word' id='word_1_522' title='bbox 1712 1774 1856 1803; x_wconf 87' lang='lat' dir='ltr'>civitatis</span> <span class='ocrx_word' id='word_1_523' title='bbox 1873 1774 2031 1812; x_wconf 77' lang='lat' dir='ltr'>ejusdem,</span> <span class='ocrx_word' id='word_1_524' title='bbox 2045 1774 2177 1803; x_wconf 80' lang='lat' dir='ltr'>univer-</span> 
     </span>
     <span class='ocr_line' id='line_1_75' title="bbox 1179 1826 2175 1864; baseline -0.001 -8"><span class='ocrx_word' id='word_1_525' title='bbox 1179 1827 1308 1857; x_wconf 68' lang='lat' dir='ltr'>sitatem</span> <span class='ocrx_word' id='word_1_526' title='bbox 1335 1827 1482 1864; x_wconf 88' lang='lat' dir='ltr'>ipsorum</span> <span class='ocrx_word' id='word_1_527' title='bbox 1511 1827 1689 1863; x_wconf 81' lang='lat' dir='ltr'>rogandam</span> <span class='ocrx_word' id='word_1_528' title='bbox 1723 1827 1876 1856; x_wconf 81' lang='lat' dir='ltr'>(luximus</span> <span class='ocrx_word' id='word_1_529' title='bbox 1909 1831 1938 1855; x_wconf 84' lang='lat' dir='ltr'>et</span> <span class='ocrx_word' id='word_1_530' title='bbox 1971 1826 2175 1856; x_wconf 83' lang='lat' dir='ltr'>hortandam.</span> 
     </span>
     <span class='ocr_line' id='line_1_76' title="bbox 1181 1878 2178 1909; baseline 0 -1"><span class='ocrx_word' id='word_1_531' title='bbox 1181 1879 1302 1909; x_wconf 86' lang='lat' dir='ltr'>nostris</span> <span class='ocrx_word' id='word_1_532' title='bbox 1321 1879 1385 1908; x_wconf 87' lang='lat' dir='ltr'>sibi</span> <span class='ocrx_word' id='word_1_533' title='bbox 1402 1879 1517 1908; x_wconf 78' lang='lat' dir='ltr'>dantes</span> <span class='ocrx_word' id='word_1_534' title='bbox 1532 1878 1653 1908; x_wconf 85' lang='lat' dir='ltr'>litteris</span> <span class='ocrx_word' id='word_1_535' title='bbox 1669 1879 1702 1907; x_wconf 92' lang='lat' dir='ltr'>in</span> <span class='ocrx_word' id='word_1_536' title='bbox 1729 1879 1894 1908; x_wconf 85' lang='lat' dir='ltr'>mandatis</span> <span class='ocrx_word' id='word_1_537' title='bbox 1913 1884 1956 1908; x_wconf 83' lang='lat' dir='ltr'>ut.</span> <span class='ocrx_word' id='word_1_538' title='bbox 1977 1879 2036 1907; x_wconf 78' lang='lat' dir='ltr'>tibi</span> <span class='ocrx_word' id='word_1_539' title='bbox 2054 1880 2086 1907; x_wconf 93' lang='lat' dir='ltr'>in</span> <span class='ocrx_word' id='word_1_540' title='bbox 2104 1888 2178 1908; x_wconf 79' lang='lat' dir='ltr'>exe-</span> 
     </span>
     <span class='ocr_line' id='line_1_77' title="bbox 1179 1931 2177 1968; baseline -0.002 -7"><span class='ocrx_word' id='word_1_541' title='bbox 1179 1932 1310 1961; x_wconf 76' lang='lat' dir='ltr'>cutione</span> <span class='ocrx_word' id='word_1_542' title='bbox 1327 1931 1473 1960; x_wconf 84' lang='lat' dir='ltr'>mandati</span> <span class='ocrx_word' id='word_1_543' title='bbox 1491 1931 1594 1960; x_wconf 80' lang='lat' dir='ltr'>nostri</span> <span class='ocrx_word' id='word_1_544' title='bbox 1620 1931 1846 1961; x_wconf 80' lang='lat' dir='ltr'>favorabiliter</span> <span class='ocrx_word' id='word_1_545' title='bbox 1863 1931 2068 1960; x_wconf 77' lang='lat' dir='ltr'>assistentes.</span> <span class='ocrx_word' id='word_1_546' title='bbox 2090 1936 2177 1968; x_wconf 81' lang='lat' dir='ltr'>post—</span> 
     </span>
     <span class='ocr_line' id='line_1_78' title="bbox 1180 1983 2176 2022; baseline -0.001 -9"><span class='ocrx_word' id='word_1_547' title='bbox 1180 1993 1278 2022; x_wconf 83' lang='lat' dir='ltr'>quam</span> <span class='ocrx_word' id='word_1_548' title='bbox 1295 1984 1328 2012; x_wconf 91' lang='lat' dir='ltr'>in</span> <span class='ocrx_word' id='word_1_549' title='bbox 1347 1983 1546 2012; x_wconf 86' lang='lat' dir='ltr'>monasterio</span> <span class='ocrx_word' id='word_1_550' title='bbox 1574 1983 1645 2020; x_wconf 76' lang='lat' dir='ltr'>ipso</span> <span class='ocrx_word' id='word_1_551' title='bbox 1663 1983 1784 2013; x_wconf 81' lang='lat' dir='ltr'>fuerint</span> <span class='ocrx_word' id='word_1_552' title='bbox 1807 1983 1885 2013; x_wconf 88' lang='lat' dir='ltr'>dicti</span> <span class='ocrx_word' id='word_1_553' title='bbox 1904 1984 2023 2012; x_wconf 84' lang='lat' dir='ltr'>fratres</span> <span class='ocrx_word' id='word_1_554' title='bbox 2039 1983 2176 2015; x_wconf 75' lang='lat' dir='ltr'>inducti.</span> 
     </span>
     <span class='ocr_line' id='line_1_79' title="bbox 1181 2035 2179 2075; baseline 0 -9"><span class='ocrx_word' id='word_1_555' title='bbox 1181 2045 1245 2066; x_wconf 88' lang='lat' dir='ltr'>non</span> <span class='ocrx_word' id='word_1_556' title='bbox 1261 2036 1453 2074; x_wconf 84' lang='lat' dir='ltr'>permittant</span> <span class='ocrx_word' id='word_1_557' title='bbox 1469 2044 1523 2065; x_wconf 85' lang='lat' dir='ltr'>eos</span> <span class='ocrx_word' id='word_1_558' title='bbox 1542 2035 1590 2065; x_wconf 81' lang='lat' dir='ltr'>vel</span> <span class='ocrx_word' id='word_1_559' title='bbox 1608 2035 1695 2065; x_wconf 83' lang='lat' dir='ltr'>idem</span> <span class='ocrx_word' id='word_1_560' title='bbox 1711 2036 1949 2065; x_wconf 86' lang='lat' dir='ltr'>monasterium</span> <span class='ocrx_word' id='word_1_561' title='bbox 1961 2036 2083 2073; x_wconf 77' lang='lat' dir='ltr'>abipso</span> <span class='ocrx_word' id='word_1_562' title='bbox 2101 2036 2179 2075; x_wconf 79' lang='lat' dir='ltr'>R[o·</span> 
     </span>
     <span class='ocr_line' id='line_1_80' title="bbox 1180 2088 2178 2128; baseline -0.001 -10"><span class='ocrx_word' id='word_1_563' title='bbox 1180 2088 1288 2128; x_wconf 83' lang='lat' dir='ltr'>lando]</span> <span class='ocrx_word' id='word_1_564' title='bbox 1300 2093 1329 2117; x_wconf 86' lang='lat' dir='ltr'>et</span> <span class='ocrx_word' id='word_1_565' title='bbox 1342 2088 1545 2126; x_wconf 73' lang='lat' dir='ltr'>quibuslibet</span> <span class='ocrx_word' id='word_1_566' title='bbox 1558 2088 1645 2117; x_wconf 87' lang='lat' dir='ltr'>aliis.</span> <span class='ocrx_word' id='word_1_567' title='bbox 1655 2093 1814 2126; x_wconf 83' lang='lat' dir='ltr'>quantum</span> <span class='ocrx_word' id='word_1_568' title='bbox 1827 2088 1860 2117; x_wconf 94' lang='lat' dir='ltr'>in</span> <span class='ocrx_word' id='word_1_569' title='bbox 1873 2088 1920 2117; x_wconf 85' lang='lat' dir='ltr'>eis</span> <span class='ocrx_word' id='word_1_570' title='bbox 1934 2088 2045 2117; x_wconf 82' lang='lat' dir='ltr'>fuerit.</span> <span class='ocrx_word' id='word_1_571' title='bbox 2057 2093 2178 2117; x_wconf 80' lang='lat' dir='ltr'>temere</span> 
     </span>
     <span class='ocr_line' id='line_1_81' title="bbox 1181 2140 2179 2178; baseline -0.001 -8"><span class='ocrx_word' id='word_1_572' title='bbox 1181 2141 1365 2171; x_wconf 79' lang='lat' dir='ltr'>molestari:</span> <span class='ocrx_word' id='word_1_573' title='bbox 1393 2140 1464 2173; x_wconf 76' lang='lat' dir='ltr'>sed,</span> <span class='ocrx_word' id='word_1_574' title='bbox 1494 2145 1622 2178; x_wconf 85' lang='lat' dir='ltr'>recepta</span> <span class='ocrx_word' id='word_1_575' title='bbox 1649 2150 1747 2178; x_wconf 80' lang='lat' dir='ltr'>super</span> <span class='ocrx_word' id='word_1_576' title='bbox 1769 2140 1828 2169; x_wconf 83' lang='lat' dir='ltr'>hoc</span> <span class='ocrx_word' id='word_1_577' title='bbox 1860 2150 1875 2169; x_wconf 89' lang='lat' dir='ltr'>a</span> <span class='ocrx_word' id='word_1_578' title='bbox 1901 2140 2022 2178; x_wconf 77' lang='lat' dir='ltr'>quibus</span> <span class='ocrx_word' id='word_1_579' title='bbox 2047 2149 2179 2170; x_wconf 77' lang='lat' dir='ltr'>necesse</span> 
     </span>
     <span class='ocr_line' id='line_1_82' title="bbox 1181 2193 2180 2226; baseline -0.003 -2"><span class='ocrx_word' id='word_1_580' title='bbox 1181 2194 1292 2226; x_wconf 78' lang='lat' dir='ltr'>suerit,</span> <span class='ocrx_word' id='word_1_581' title='bbox 1309 2193 1489 2223; x_wconf 81' lang='lat' dir='ltr'>secundum</span> <span class='ocrx_word' id='word_1_582' title='bbox 1503 2198 1596 2223; x_wconf 86' lang='lat' dir='ltr'>tuum</span> <span class='ocrx_word' id='word_1_583' title='bbox 1615 2193 1800 2223; x_wconf 79' lang='lat' dir='ltr'>arbitrium.</span> <span class='ocrx_word' id='word_1_584' title='bbox 1821 2193 1996 2222; x_wconf 81' lang='lat' dir='ltr'>sufficienti</span> <span class='ocrx_word' id='word_1_585' title='bbox 2017 2198 2045 2222; x_wconf 90' lang='lat' dir='ltr'>et</span> <span class='ocrx_word' id='word_1_586' title='bbox 2064 2193 2180 2222; x_wconf 83' lang='lat' dir='ltr'>idonea</span> 
     </span>
     <span class='ocr_line' id='line_1_83' title="bbox 1182 2245 2180 2284; baseline -0.001 -9"><span class='ocrx_word' id='word_1_587' title='bbox 1182 2247 1345 2280; x_wconf 79' lang='lat' dir='ltr'>cautione,</span> <span class='ocrx_word' id='word_1_588' title='bbox 1363 2246 1410 2275; x_wconf 82' lang='lat' dir='ltr'>sic</span> <span class='ocrx_word' id='word_1_589' title='bbox 1428 2246 1476 2275; x_wconf 81' lang='lat' dir='ltr'>eis</span> <span class='ocrx_word' id='word_1_590' title='bbox 1493 2246 1531 2275; x_wconf 87' lang='lat' dir='ltr'>de</span> <span class='ocrx_word' id='word_1_591' title='bbox 1549 2246 1724 2275; x_wconf 81' lang='lat' dir='ltr'>securitate</span> <span class='ocrx_word' id='word_1_592' title='bbox 1741 2245 1942 2283; x_wconf 84' lang='lat' dir='ltr'>provideant.</span> <span class='ocrx_word' id='word_1_593' title='bbox 1962 2245 2047 2284; x_wconf 78' lang='lat' dir='ltr'>quod</span> <span class='ocrx_word' id='word_1_594' title='bbox 2065 2245 2180 2275; x_wconf 76' lang='lat' dir='ltr'>exind·-</span> 
     </span>
     <span class='ocr_line' id='line_1_84' title="bbox 1182 2298 2180 2336; baseline 0.001 -9"><span class='ocrx_word' id='word_1_595' title='bbox 1182 2299 1328 2329; x_wconf 78' lang='lat' dir='ltr'>divinam</span> <span class='ocrx_word' id='word_1_596' title='bbox 1346 2299 1470 2336; x_wconf 74' lang='lat' dir='ltr'>possint</span> <span class='ocrx_word' id='word_1_597' title='bbox 1489 2299 1628 2336; x_wconf 75' lang='lat' dir='ltr'>gratiam</span> <span class='ocrx_word' id='word_1_598' title='bbox 1645 2299 1780 2328; x_wconf 86' lang='lat' dir='ltr'>uberius</span> <span class='ocrx_word' id='word_1_599' title='bbox 1796 2299 1987 2336; x_wconf 83' lang='lat' dir='ltr'>promereri.</span> <span class='ocrx_word' id='word_1_600' title='bbox 2003 2303 2032 2327; x_wconf 84' lang='lat' dir='ltr'>et</span> <span class='ocrx_word' id='word_1_601' title='bbox 2050 2307 2108 2328; x_wconf 88' lang='lat' dir='ltr'>nos</span> <span class='ocrx_word' id='word_1_602' title='bbox 2125 2298 2180 2328; x_wconf 75' lang='lat' dir='ltr'>dc-</span> 
     </span>
     <span class='ocr_line' id='line_1_85' title="bbox 1184 2346 2178 2389; baseline -0.003 -8"><span class='ocrx_word' id='word_1_603' title='bbox 1184 2352 1346 2381; x_wconf 81' lang='lat' dir='ltr'>votioncm</span> <span class='ocrx_word' id='word_1_604' title='bbox 1385 2352 1530 2389; x_wconf 78' lang='lat' dir='ltr'>ipsorum</span> <span class='ocrx_word' id='word_1_605' title='bbox 1567 2346 1795 2381; x_wconf 70' lang='lat' dir='ltr'>commendare</span> <span class='ocrx_word' id='word_1_606' title='bbox 1830 2351 1947 2380; x_wconf 88' lang='lat' dir='ltr'>merito</span> <span class='ocrx_word' id='word_1_607' title='bbox 1990 2351 2178 2380; x_wconf 86' lang='lat' dir='ltr'>debeamus.</span> 
     </span>
     <span class='ocr_line' id='line_1_86' title="bbox 1184 2403 2178 2442; baseline -0.003 -8"><span class='ocrx_word' id='word_1_608' title='bbox 1184 2404 1388 2434; x_wconf 81' lang='lat' dir='ltr'>Sententiam</span> <span class='ocrx_word' id='word_1_609' title='bbox 1405 2408 1525 2433; x_wconf 80' lang='lat' dir='ltr'>autem.</span> <span class='ocrx_word' id='word_1_610' title='bbox 1547 2404 1574 2432; x_wconf 85' lang='lat' dir='ltr'>si</span> <span class='ocrx_word' id='word_1_611' title='bbox 1591 2413 1689 2442; x_wconf 80' lang='lat' dir='ltr'>quam</span> <span class='ocrx_word' id='word_1_612' title='bbox 1707 2408 1836 2441; x_wconf 79' lang='lat' dir='ltr'>propter</span> <span class='ocrx_word' id='word_1_613' title='bbox 1853 2403 1912 2432; x_wconf 84' lang='lat' dir='ltr'>hoc</span> <span class='ocrx_word' id='word_1_614' title='bbox 1930 2403 1991 2432; x_wconf 89' lang='lat' dir='ltr'>rite</span> <span class='ocrx_word' id='word_1_615' title='bbox 2015 2403 2128 2432; x_wconf 85' lang='lat' dir='ltr'>tuleris</span> <span class='ocrx_word' id='word_1_616' title='bbox 2147 2404 2178 2431; x_wconf 92' lang='lat' dir='ltr'>in</span> 
     </span>
     <span class='ocr_line' id='line_1_87' title="bbox 1185 2455 2180 2487; baseline -0.002 -1"><span class='ocrx_word' id='word_1_617' title='bbox 1185 2456 1335 2487; x_wconf 73' lang='lat' dir='ltr'>rebelles,</span> <span class='ocrx_word' id='word_1_618' title='bbox 1357 2461 1459 2485; x_wconf 84' lang='lat' dir='ltr'>ratam</span> <span class='ocrx_word' id='word_1_619' title='bbox 1481 2456 1677 2485; x_wconf 63' lang='lat' dir='ltr'>lial‘›el‘=i111us</span> <span class='ocrx_word' id='word_1_620' title='bbox 1706 2460 1734 2485; x_wconf 84' lang='lat' dir='ltr'>ct</span> <span class='ocrx_word' id='word_1_621' title='bbox 1760 2455 1931 2485; x_wconf 56' lang='lat' dir='ltr'>faciemus</span> <span class='ocrx_word' id='word_1_622' title='bbox 1953 2461 2084 2484; x_wconf 68' lang='lat' dir='ltr'>auctor(-</span> <span class='ocrx_word' id='word_1_623' title='bbox 2117 2456 2180 2484; x_wconf 90' lang='lat' dir='ltr'>Do-</span> 
     </span>
     <span class='ocr_line' id='line_1_88' title="bbox 1184 2507 2181 2547; baseline -0.003 -9"><span class='ocrx_word' id='word_1_624' title='bbox 1184 2510 1285 2539; x_wconf 88' lang='lat' dir='ltr'>mino.</span> <span class='ocrx_word' id='word_1_625' title='bbox 1309 2518 1412 2547; x_wconf 82' lang='lat' dir='ltr'>usque</span> <span class='ocrx_word' id='word_1_626' title='bbox 1438 2508 1477 2538; x_wconf 84' lang='lat' dir='ltr'>ad</span> <span class='ocrx_word' id='word_1_627' title='bbox 1507 2508 1768 2538; x_wconf 80' lang='lat' dir='ltr'>satisfactionem</span> <span class='ocrx_word' id='word_1_628' title='bbox 1793 2507 1987 2545; x_wconf 71' lang='lat' dir='ltr'>condignam</span> <span class='ocrx_word' id='word_1_629' title='bbox 2006 2507 2181 2536; x_wconf 82' lang='lat' dir='ltr'>inviolabi-</span> 
     </span>
     <span class='ocr_line' id='line_1_89' title="bbox 1184 2559 2181 2598; baseline -0.002 -8"><span class='ocrx_word' id='word_1_630' title='bbox 1184 2561 1260 2592; x_wconf 86' lang='lat' dir='ltr'>liter</span> <span class='ocrx_word' id='word_1_631' title='bbox 1275 2561 1454 2591; x_wconf 81' lang='lat' dir='ltr'>observari.</span> <span class='ocrx_word' id='word_1_632' title='bbox 1481 2561 1640 2597; x_wconf 68' lang='lat' dir='ltr'>Quocirca</span> <span class='ocrx_word' id='word_1_633' title='bbox 1672 2560 1864 2589; x_wconf 86' lang='lat' dir='ltr'>mandamus</span> <span class='ocrx_word' id='word_1_634' title='bbox 1893 2566 2055 2598; x_wconf 76' lang='lat' dir='ltr'>quatenus</span> <span class='ocrx_word' id='word_1_635' title='bbox 2079 2559 2181 2588; x_wconf 62' lang='lat' dir='ltr'>dictos</span> 
     </span>
     <span class='ocr_line' id='line_1_90' title="bbox 1185 2612 2183 2652; baseline -0.004 -9"><span class='ocrx_word' id='word_1_636' title='bbox 1185 2619 1387 2652; x_wconf 84' lang='lat' dir='ltr'>potestatem.</span> <span class='ocrx_word' id='word_1_637' title='bbox 1414 2613 1622 2643; x_wconf 79' lang='lat' dir='ltr'>consiliarios</span> <span class='ocrx_word' id='word_1_638' title='bbox 1640 2618 1667 2642; x_wconf 87' lang='lat' dir='ltr'>et</span> <span class='ocrx_word' id='word_1_639' title='bbox 1685 2621 1856 2642; x_wconf 72' lang='lat' dir='ltr'>commune</span> <span class='ocrx_word' id='word_1_640' title='bbox 1883 2612 1922 2641; x_wconf 89' lang='lat' dir='ltr'>ad</span> <span class='ocrx_word' id='word_1_641' title='bbox 1952 2612 1984 2641; x_wconf 80' lang='lat' dir='ltr'>id</span> <span class='ocrx_word' id='word_1_642' title='bbox 2007 2612 2183 2647; x_wconf 64' lang='lat' dir='ltr'>diligenter</span> 
     </span>
     <span class='ocr_line' id='line_1_91' title="bbox 1185 2665 2179 2702; baseline -0.006 -6"><span class='ocrx_word' id='word_1_643' title='bbox 1185 2675 1318 2696; x_wconf 85' lang='lat' dir='ltr'>moneas</span> <span class='ocrx_word' id='word_1_644' title='bbox 1336 2672 1365 2696; x_wconf 87' lang='lat' dir='ltr'>et</span> <span class='ocrx_word' id='word_1_645' title='bbox 1383 2667 1530 2696; x_wconf 80' lang='lat' dir='ltr'>inducas,</span> <span class='ocrx_word' id='word_1_646' title='bbox 1549 2671 1590 2696; x_wconf 83' lang='lat' dir='ltr'>et.</span> <span class='ocrx_word' id='word_1_647' title='bbox 1609 2666 1636 2694; x_wconf 80' lang='lat' dir='ltr'>si</span> <span class='ocrx_word' id='word_1_648' title='bbox 1654 2674 1787 2694; x_wconf 78' lang='lat' dir='ltr'>necesse</span> <span class='ocrx_word' id='word_1_649' title='bbox 1807 2665 1918 2694; x_wconf 74' lang='lat' dir='ltr'>tuerit.</span> <span class='ocrx_word' id='word_1_650' title='bbox 1935 2673 1991 2702; x_wconf 82' lang='lat' dir='ltr'>per</span> <span class='ocrx_word' id='word_1_651' title='bbox 2008 2673 2179 2693; x_wconf 81' lang='lat' dir='ltr'>censuram</span> 
     </span>
     <span class='ocr_line' id='line_1_92' title="bbox 1186 2716 2182 2756; baseline -0.007 -7"><span class='ocrx_word' id='word_1_652' title='bbox 1186 2719 1454 2749; x_wconf 80' lang='lat' dir='ltr'>ecclesiasticam.</span> <span class='ocrx_word' id='word_1_653' title='bbox 1484 2718 1701 2756; x_wconf 77' lang='lat' dir='ltr'>appellatione</span> <span class='ocrx_word' id='word_1_654' title='bbox 1731 2722 1865 2747; x_wconf 79' lang='lat' dir='ltr'>remota.</span> <span class='ocrx_word' id='word_1_655' title='bbox 1894 2716 2081 2754; x_wconf 81' lang='lat' dir='ltr'>compellas.</span> <span class='ocrx_word' id='word_1_656' title='bbox 2104 2716 2182 2744; x_wconf 65' lang='lat' dir='ltr'>Pro-</span> 
     </span>
     <span class='ocr_line' id='line_1_93' title="bbox 1187 2768 2182 2808; baseline -0.005 -8"><span class='ocrx_word' id='word_1_657' title='bbox 1187 2772 1255 2802; x_wconf 86' lang='lat' dir='ltr'>viso</span> <span class='ocrx_word' id='word_1_658' title='bbox 1270 2781 1308 2802; x_wconf 91' lang='lat' dir='ltr'>ne</span> <span class='ocrx_word' id='word_1_659' title='bbox 1325 2773 1359 2801; x_wconf 88' lang='lat' dir='ltr'>iu</span> <span class='ocrx_word' id='word_1_660' title='bbox 1378 2771 1627 2801; x_wconf 75' lang='lat' dir='ltr'>iiuiversitateni</span> <span class='ocrx_word' id='word_1_661' title='bbox 1649 2768 1912 2808; x_wconf 75' lang='lat' dir='ltr'>Mutiii·:1i[sitim]</span> <span class='ocrx_word' id='word_1_662' title='bbox 1931 2768 2096 2797; x_wconf 79' lang='lat' dir='ltr'>interdicti</span> <span class='ocrx_word' id='word_1_663' title='bbox 2122 2774 2182 2796; x_wconf 65' lang='lat' dir='ltr'>ete.</span> 
     </span>
     <span class='ocr_line' id='line_1_94' title="bbox 1188 2826 1477 2862; baseline -0.007 -8"><span class='ocrx_word' id='word_1_664' title='bbox 1188 2826 1258 2854; x_wconf 87' lang='lat' dir='ltr'>Dat.</span> <span class='ocrx_word' id='word_1_665' title='bbox 1278 2829 1311 2854; x_wconf 90' lang='lat' dir='ltr'>ut</span> <span class='ocrx_word' id='word_1_666' title='bbox 1335 2833 1444 2862; x_wconf 89' lang='lat' dir='ltr'>supra.</span> <span class='ocrx_word' id='word_1_667' title='bbox 1465 2836 1477 2848; x_wconf 72' lang='lat' dir='ltr'>n</span> 
     </span>
    </p>
   </div>
   <div class='ocr_carea' id='block_1_14' title="bbox 1220 2954 1623 2981">
    <p class='ocr_par' dir='ltr' id='par_1_14' title="bbox 1220 2954 1623 2981">
     <span class='ocr_line' id='line_1_95' title="bbox 1220 2954 1623 2981; baseline -0.007 -1"><span class='ocrx_word' id='word_1_668' title='bbox 1220 2957 1240 2980; x_wconf 81' lang='lat'>1.</span> <span class='ocrx_word' id='word_1_669' title='bbox 1257 2957 1320 2980; x_wconf 75' lang='grc' dir='ltr'>Αιῖτ.</span> <span class='ocrx_word' id='word_1_670' title='bbox 1340 2956 1414 2980; x_wconf 52' lang='lat'>1325</span> <span class='ocrx_word' id='word_1_671' title='bbox 1429 2954 1623 2981; x_wconf 70' lang='lat' dir='ltr'>etxxx&#39;1,t⁴.</span> 
     </span>
    </p>
   </div>
  </div>
 </body>
</html>
