2519 3518
19 0 69 22 θ’]4
77 0 90 15 Ι
119 5 124 10 ·

108 302 167 332 245

110 366 247 397 clericos
269 370 299 395 et
323 365 423 395 laicos
446 366 524 395 dicti
551 366 671 396 Montis
686 366 950 405 jurisdictionem
975 363 1108 393 ordina-

110 419 193 448 riam
203 422 377 452 exerceret,
389 427 425 447 ac
435 418 592 447 movendo
605 419 809 456 questionem
823 427 920 455 snper
935 416 1107 446 mediol-ate

110 474 327 508 proventuum
357 469 503 506 altalagii
528 470 566 499 ‹le
597 471 697 499 Ponte
725 469 881 502 Ursonis,
910 473 941 498 ct
968 467 1106 506 quedam

110 521 176 551 alia
192 525 303 551 contra
321 521 420 550 latum
445 521 617 550 arbitrium
642 521 807 553 sariendo,
832 530 947 559 penam
965 521 998 549 in
1025 528 1107 549 rom-

110 573 461 611 promissoappositam
474 573 619 602 noscitur
633 573 823 602 incurrisse.
838 573 883 602 Ast
897 572 965 603 licc,
976 580 1048 600 cunt
1059 571 1106 609 [..]

110 624 327 654 Abrinccnsis
340 624 490 654 ollicialis
506 625 538 653 in
559 647 577 653 ..
597 625 799 663 suppriorem
813 624 890 654 tlicti
904 623 1106 658 monasterii,

111 676 319 713 exigentibus
333 676 438 714 culpis
453 677 534 711 suis,
549 676 895 706 exconnnunicationis
910 676 1106 705 sententiam

110 728 311 767 protulisset,
331 733 360 757 et
377 734 572 758 conventum
589 729 733 768 ejusdem
752 729 828 761 loci,
847 729 922 767 qnia
940 728 1049 762 illum,
1068 728 1107 757 al>

109 790 148 811 eo
163 781 290 814 moniti,
312 790 374 810 non
393 781 540 810 vitabant
557 786 587 811 et
604 790 790 819 comparere
809 790 916 810 coram
935 781 1004 818 ipso
1016 780 1107 810 citati

108 833 326 871 peremptorie
347 842 409 862 non
433 838 608 867 (auat-unt,
628 843 645 862 a
666 833 886 863 celebratione
908 833 1105 867 divinorum,

109 894 183 916 cum
203 889 293 918 nota,
312 890 342 915 ct
362 885 546 924 pulsatione
569 886 795 924 suspendisset
817 885 914 915 ctiam
934 894 1108 923 campana-

110 946 194 972 rum,
212 937 271 972 illi,
286 937 488 967 mendaciter
503 938 660 967 facientes
677 947 783 967 coram
802 960 820 966 ..
837 937 968 967 officiali
985 937 1108 967 1101110-

110 989 257 1026 magensi
271 989 404 1027 proponi
415 989 511 1028 quod,
522 998 594 1019 cum
607 990 679 1027 ipsi,
693 990 753 1019 sul»
763 989 963 1019 correctione
973 989 1107 1027 etjuris-

109 1041 252 1070 dictione
270 1041 398 1071 abbatis
419 1041 487 1075 sui,
511 1042 690 1071 secundum
716 1041 801 1071 beati
825 1041 994 1070 Benedicti
1011 1050 1107 1077 regu-

108 1092 186 1128 lam,
196 1093 385 1126 existentes,
395 1102 459 1122 uon
467 1093 709 1128 consueverint,
721 1092 1107 1131 nisiperappellationem

109 1145 278 1175 abeodem
296 1145 411 1175 abbate
429 1145 672 1183 interpositam,
699 1145 749 1175 vel
770 1154 806 1175 eo
832 1145 1029 1182 negligente,
1052 1153 1108 1174 su-

110 1196 180 1226 bire
198 1197 412 1227 Ala-incensis
429 1197 572 1235 episcopi
592 1197 752 1236 judicium
778 1196 827 1225 vel
847 1205 998 1231 examen,
1021 1196 1107 1226 idem

108 1249 271 1283 officialis,
290 1253 377 1279 motu
396 1249 536 1287 proprio,
555 1249 587 1278 in
606 1249 762 1287 quosdam
781 1258 816 1278 ex
835 1249 894 1283 eis,
912 1249 1034 1278 omisso
1050 1248 1106 1278 ah-

109 1301 195 1334 hate,
211 1310 408 1340 quamquam
427 1301 597 1339 negligens
614 1310 676 1331 non
690 1301 808 1330 fuisset
825 1310 883 1330 nec
899 1305 1107 1338 essetprovo-

109 1357 217 1382 catum
240 1353 280 1382 ab
300 1362 348 1386 eo,
372 1353 720 1383 excommunicationis
742 1353 939 1382 sententiam
962 1352 1107 1390 promul-

109 1409 218 1441 garat.
244 1405 400 1441 magistro
426 1405 477 1439 R.,
504 1403 622 1434 clerico
642 1404 680 1434 de
707 1403 904 1443 Boi-dell[is]‚
935 1404 1107 1441 optinuere

108 1455 257 1485 mandari
278 1459 323 1490 ut,
341 1456 369 1485 si
387 1465 438 1485 res
457 1455 565 1485 taliter
583 1464 617 1486 se
640 1455 775 1485 haberet
801 1459 831 1485 et
852 1455 939 1485 idem
957 1454 1107 1484 officialis

108 1507 325 1538 Ala-incensis
342 1507 442 1538 nollet
464 1508 552 1537 infra
572 1508 683 1538 decem
706 1508 776 1538 dies
797 1513 869 1546 post
890 1508 1107 1537 monitionem

106 1559 225 1597 ipsius,
244 1559 326 1590 latas
343 1560 376 1589 in
393 1563 590 1590 conventum
607 1559 657 1589 vel
676 1568 788 1589 eorum
812 1559 954 1598 aliquem
973 1564 1106 1589 senten-

107 1611 171 1640 tias
188 1620 351 1645 revocare,
369 1620 405 1641 ex
420 1616 496 1641 tunc
513 1611 582 1649 ipse
599 1611 633 1640 id
650 1611 777 1641 efficere
794 1615 993 1649 procuraret,
1010 1615 1040 1641 et
1058 1612 1107 1641 sa—

105 1668 194 1693 ceret
207 1663 292 1702 quod
308 1663 509 1697 decerneret,
524 1672 581 1701 per
595 1672 769 1693 censuram
783 1663 1041 1693 ecclesiasticam
1055 1664 1106 1692 fir-

63 1745 65 1747 .
86 1715 205 1752 ,miter
226 1715 405 1745 observari.
423 1715 486 1751 Qui
508 1715 687 1753 procedens
711 1724 880 1753 perperam
900 1724 936 1745 ex
961 1719 1103 1754 arrupto,

106 1767 184 1798 licet
200 1767 550 1798 excommunicationis
567 1767 698 1797 vinculo
716 1772 892 1802 teneretur,
912 1772 939 1797 et
958 1768 1106 1805 prefatus

106 1819 374 1858 archiepiscopus
389 1819 578 1849 mandatum
590 1819 698 1857 ipsum
716 1828 749 1849 re
763 1819 891 1856 integra
907 1824 1103 1854 revocasset,

107 1871 238 1901 easdem
257 1871 450 1906 sententias,
468 1875 540 1909 post
556 1870 807 1909 appellationem
825 1871 864 1900 ad
882 1880 940 1900 nos
958 1871 1105 1909 legitime

105 1922 346 1960 interpositam,
367 1923 558 1953 memoratis
575 1922 726 1961 episeopo
744 1927 773 1952 et
799 1922 930 1952 officiali
951 1931 1015 1952 non
1037 1931 1106 1952 mo-

107 1974 188 2005 nitis
213 1974 360 2012 legitime
386 1983 445 2005 nec
471 1974 600 2010 citatis,
628 1983 687 2004 nec
714 1975 812 2004 etiam
840 1975 970 2012 cognito
996 1979 1106 2004 utrum

106 2026 232 2056 fuerint
250 2027 297 2056 sic
318 2026 454 2064 prolate,
479 2035 515 2056 ac
533 2026 616 2056 alias
633 2026 718 2065 juris
742 2026 856 2056 ordine
881 2027 1104 2064 pretermisso,

107 2078 147 2108 de
163 2079 259 2111 sacto.
283 2087 355 2108 cum
375 2078 413 2108 de
432 2079 506 2117 jure
530 2078 733 2117 nequiverit,
759 2077 928 2107 relaxavit.
951 2079 1105 2108 Preterea

107 2139 197 2165 rum,
231 2138 317 2159 anno
345 2133 377 2159 et
405 2129 546 2168 amplius
577 2138 595 2159 a
624 2133 766 2167 tempore
792 2130 877 2159 facte
904 2130 1104 2160 visitationis

107 2181 234 2220 elapso,
257 2181 363 2211 dictus
387 2181 570 2220 episcopus,
595 2185 725 2219 propter
747 2181 847 2211 multa
871 2181 1019 2211 enormia
1042 2191 1105 2220 que

106 2234 145 2264 de
161 2233 243 2272 ipsis
259 2233 430 2263 monachis
447 2233 487 2263 ad
509 2242 605 2264 aures
626 2233 696 2272 ejus
715 2238 947 2271 pervenerant,
966 2242 1104 2272 quorum

105 2286 244 2325 quedam
262 2290 355 2316 erant
372 2286 513 2322 notoria,
533 2286 572 2315 ad
588 2285 695 2316 locum
711 2285 929 2324 personaliter
946 2287 1106 2317 accessis-

107 2342 167 2371 set,
191 2337 239 2377 [..]
261 2338 351 2376 prior
373 2342 404 2368 et
426 2337 579 2367 monachi
602 2338 794 2367 monasterii
816 2338 988 2376 sepedicti,
1010 2339 1106 2376 quasi

105 2391 296 2421 continuato
312 2390 503 2420 rebellionis
529 2390 665 2428 spiritu,
690 2398 754 2419 non
776 2389 881 2419 solum
897 2390 1020 2420 intrare
1040 2399 1105 2420 non

104 2442 327 2481 permiserunt
343 2442 498 2477 eundem,
516 2450 630 2472 verum
647 2441 757 2476 etiam,
774 2446 940 2480 tamquam
956 2447 1105 2480 peccato-

105 2504 158 2526 res
183 2495 255 2533 qui,
282 2504 355 2524 cum
378 2495 529 2524 venerint
550 2494 584 2523 in
607 2494 805 2532 profundum
828 2494 1007 2529 malorum,
1031 2504 1103 2524 con—

104 2549 319 2585 tempnunt&
330 2556 415 2581 eum,
430 2546 470 2576 ad
484 2546 695 2581 visitandum,
711 2546 940 2584 corrigendum
956 2550 985 2576 et
999 2547 1104 2576 refor-

104 2599 260 2629 mandum
277 2598 514 2629 monasterium
531 2598 657 2628 intrare
670 2597 849 2633 volentem,
867 2598 1011 2636 impulsu
1027 2599 1104 2628 ostii

103 2651 291 2681 vehementi
314 2650 558 2689 comprimendo
578 2654 690 2688 pectus
717 2650 788 2689 ejus
811 2654 841 2679 et
863 2650 996 2685 faciem,
1021 2660 1104 2681 ausu

104 2703 280 2732 temerario
295 2702 486 2741 repulerunt
501 2713 506 2738 ;
528 2706 659 2740 propter
674 2701 759 2740 quod
777 2706 958 2731 noscuntur
976 2710 1104 2732 excom-

103 2755 339 2785 municationis
356 2755 509 2793 laqueum
526 2754 719 2785 incurrisse.
740 2754 834 2785 Unde
854 2754 1020 2792 sepefatus
1039 2755 1104 2792 epi·

104 2815 222 2845 scopus
245 2816 300 2837 eos
325 2816 343 2837 a
363 2807 584 2837 celebratione
607 2806 807 2840 divinorum,
831 2814 905 2835 eum
922 2810 1008 2837 nota.
1027 2810 1058 2836 et
1085 2815 1104 2836 a

136 2917 157 2940 1.
174 2917 216 2942 Ct'.
233 2918 326 2944 Pnov„
342 2917 440 2946 xvnt.
457 2917 480 2942 3.

944 290 1170 328 NECVIEME
1192 290 1350 328 ANNFJE.

2126 300 2181 328 ‘240

1188 371 1419 400 campanarum
1438 363 1621 401 pulsatione
1638 363 1809 401 sota—iiipni.
1829 363 1986 400 {ni-emissa
2002 364 2181 393 monitione

1188 415 1397 452 competenti,
1415 416 1604 453 suspendit:
1623 420 1650 443 et
1669 415 1746 453 qnia
1764 416 2012 453 suspensionem
2032 425 2094 445 non
2112 425 2181 446 ser-

1188 466 1307 495 vabant
1324 466 1471 498 eandem,
1490 466 1588 495 immo
1604 463 1702 495 altius
1717 466 1812 495 solito
1827 466 1991 495 celebrare
2004 471 2033 495 et
2051 467 2181 505 pulsare

1188 526 1363 555 campanas
1382 518 1500 547 fortius
1522 518 1768 556 prestniwbant,
1793 528 1924 547 manum
1948 528 2128 552 arm-arans
2148 520 2179 548 in

1189 570 1329 599 eosdem.
1344 570 1723 607 cnm.01·1.·sc··nt··«·ntpa.
1742 580 1822 607 pena
1835 570 1947 598 ‹lvlwat
1964 571 2180 603 animm-atari.

1190 621 1304 650 sasivit
1332 621 1476 651 decimas
1501 631 1581 660 quas
1607 622 1752 659 optinent
1775 622 1807 650 in
1830 622 1948 650 diocesi
1974 622 2180 651 Abrinvensi.

1189 673 1349 711 Denique,
1368 682 1440 702 cum
1461 696 1479 702 ..
1499 673 1637 711 priorem
1657 673 1694 702 ‹le
1714 674 1813 702 l‘ontt·
1834 674 1972 703 [rs-onis
1989 679 2018 702 vt
2038 674 2182 703 Lauren-

1190 725 1287 755 tium.
1313 725 1530 754 monachum¹
1555 725 1698 763 ejusdcm
1723 726 1924 755 monasterii¹
1953 735 2008 763 pro
2031 736 2067 754 vo
2084 726 2180 764 quod.

1189 777 1278 805 citati
1296 786 1402 806 coram
1423 777 1534 806 eodem
1551 777 1716 815 episcopo,
1743 786 1805 805 non
1825 782 1982 806 vvnernnt
2001 787 2058 806 nec
2076 787 2131 815 pro
2148 787 2182 806 se

1189 834 1385 858 curaverunt
1405 829 1620 858 sullicientem
1638 828 1779 867 aliquem
1804 829 1985 863 destinare,
2006 834 2034 857 ct
2052 830 2129 867 quia
2148 830 2180 858 in

1189 880 1312 918 capella
1328 881 1366 910 tle
1385 882 1484 910 Ponte
1502 881 1652 915 Ursonis,
1676 880 1715 909 ali
1739 881 1808 918 ipso
1829 881 1979 918 episcopo
1997 881 2180 913 interdicta.

1188 932 1353 962 celebrare
1376 937 1654 970 ptesutnpseiwtnt.
1680 932 2026 961 vxt'otnmunicationis
2053 932 2182 962 vinculo

1188 984 1352 1013 innodarit
1372 989 1400 1012 et
1419 984 1714 1013 extromumnit-atos
1737 984 1846 1012 svm-rit
1874 984 2000 1021 pululice
2023 985 2179 1017 nuntiari,

1188 1036 1296 1074 ipsum
1315 1045 1443 1074 quoque
1461 1036 1620 1067 abbatem.
1636 1045 1691 1073 pro
1709 1045 1744 1065 eo
1757 1036 1841 1073 qnod
1856 1036 1894 1064 :nl
1911 1036 2071 1073 synmtnm
2089 1046 2180 1065 suam

1189 1097 1253 1117 non
1270 1092 1403 1117 venerat
1420 1096 1478 1117 nec
1496 1088 1627 1117 miserat
1645 1087 1803 1125 aliquem.
1823 1087 1891 1116 lon-o
1908 1088 1974 1117 sui.
1993 1093 2113 1117 statuta
2129 1098 2182 1117 sa-

1188 1139 1295 1168 lubria
1312 1143 1529 1176 recepturum.
1549 1148 1607 1168 nec
1627 1148 1660 1168 se
1678 1139 1878 1168 sutticienter
1892 1139 1988 1168 etiam
2007 1148 2182 1170 excusave-

1187 1195 1248 1225 rat,
1267 1191 1503 1228 suspendisset.
1522 1200 1557 1220 ac
1577 1191 1727 1220 eundem.
1746 1191 1973 1228 suspensionis
1986 1192 2181 1220 sententiam

1188 1252 1252 1272 non
1272 1247 1468 1275 servantem.
1483 1243 1829 1272 excommunicationis
1844 1242 1959 1280 laqueo
1974 1243 2182 1273 innodasset:

1188 1294 1266 1324 dicti
1283 1294 1383 1324 abbas
1401 1299 1431 1323 et
1452 1299 1646 1328 conventus,
1670 1295 1866 1324 mentientes
1887 1303 1920 1323 se
1937 1295 1975 1323 ad
1993 1295 2100 1324 sedem
2120 1297 2183 1325 Ro-

1189 1346 1433 1384 thomagensem
1462 1355 1498 1376 ex
1526 1346 1722 1384 quibusdam
1753 1346 1861 1375 causis
1889 1346 2045 1383 legitimis
2074 1347 2185 1385 appel-

1187 1398 1284 1432 lasse,
1305 1407 1403 1435 super
1420 1398 1590 1435 premissis
1607 1399 1752 1427 fecerunt
1771 1398 1909 1427 eundem
1927 1398 2113 1436 episcopum
2130 1407 2183 1427 ro—

1187 1459 1256 1479 ram
1271 1449 1516 1487 archiepiscopo
1528 1450 1714 1487 supradicto
1727 1450 1845 1479 vocari.
1862 1451 1896 1479 In
1914 1450 2007 1488 cujus
2020 1451 2182 1488 presentia

1186 1501 1374 1540 petentibus
1390 1501 1457 1530 illis
1474 1501 1635 1539 predictas
1660 1502 1805 1531 nuntiari
1825 1502 2005 1531 sententias
2022 1512 2093 1531 csse
2111 1502 2185 1531 nul-

1187 1553 1246 1587 las,
1262 1558 1427 1592 tamquam
1441 1558 1511 1591 post
1529 1553 1779 1591 appellationem
1796 1554 1939 1588 legitime
1957 1554 2182 1592 interpositam

1185 1605 1426 1643 promulgatas,
1459 1614 1531 1635 cum
1563 1605 1681 1635 suisset
1710 1605 1771 1635 suli
1801 1606 1912 1635 eodem
1939 1605 2183 1643 archiepiscopo

1187 1657 1391 1696 aliquamdiu
1408 1657 1584 1695 litigatum.
1605 1657 1731 1687 tandem
1750 1657 1810 1686 suit
1829 1667 1926 1695 super
1941 1657 2094 1687 omnibus
2111 1667 2183 1687 cau-

1187 1710 1233 1739 sis
1261 1709 1358 1739 motis
1389 1718 1496 1739 coram
1524 1709 1787 1755 quibuscumque
1810 1709 1977 1747 judicibus
2006 1709 2183 1738 ordinariis

1187 1762 1256 1791 sive
1273 1761 1447 1797 delegatis,
1465 1766 1494 1791 et
1513 1761 1656 1799 querelis
1673 1761 1748 1790 aliis
1766 1761 1930 1790 universis
1948 1770 2028 1799 quas
2046 1765 2183 1799 utraque

1185 1822 1262 1851 pars
1278 1813 1413 1843 haberet
1429 1818 1541 1842 contra
1559 1813 1730 1851 reliquam,
1751 1813 1782 1841 in
1799 1812 2000 1842 Joliannem.
2019 1812 2183 1841 archidia-

1186 1875 1305 1895 conum
1329 1865 1635 1896 Constantiensem.
1658 1865 1793 1904 ejusque
1817 1865 1958 1900 collegas
1980 1865 2185 1894 concorditer

1187 1917 1457 1956 compromissum
1477 1927 1483 1945 :
1501 1917 1546 1947 ita
1563 1917 1649 1955 quod
1668 1917 1752 1947 hona
1776 1917 1853 1946 title.
1877 1916 2071 1955 simpliciter
2091 1922 2122 1947 et
2143 1918 2182 1947 de

1186 1969 1295 2008 plano,
1313 1970 1384 1999 sine
1401 1969 1631 1999 advocatorum
1648 1970 1798 2007 strepitu,
1823 1969 1861 1998 «le
1884 1969 2090 2006 proprietate.
2109 1978 2183 2007 pos-

1187 2022 1345 2055 sessione,
1363 2030 1426 2050 usu
1443 2025 1473 2051 et
1489 2021 1726 2051 consuetudine
1744 2025 1806 2050 tam
1819 2020 1955 2050 ecclesie
1968 2020 2183 2051 Alii-incensis

1186 2083 1285 2112 quam
1298 2073 1491 2103 monasterii
1507 2073 1675 2111 sepedicti,
1694 2077 1724 2102 et
1740 2072 1815 2102 aliis
1829 2073 1999 2111 dequibus
2014 2073 2183 2111 inquiren-

1186 2127 1262 2156 dum
1280 2126 1438 2159 viderent.
1457 2126 1663 2164 inquirerent
1681 2125 1869 2155 veritatem:
1888 2130 1919 2155 et
1933 2130 2051 2163 partes.
2073 2126 2182 2164 inqui-

1186 2179 1306 2208 sitione
1330 2179 1426 2211 saeta,
1451 2187 1508 2216 per
1530 2187 1563 2207 se
1587 2177 1636 2207 vel
1659 2187 1716 2215 per
1742 2182 1967 2215 procuratores
1992 2178 2126 2207 idoneos
2148 2179 2181 2207 in

1185 2231 1269 2261 festo
1285 2231 1441 2261 Omnium
1457 2231 1650 2260 Sanctorum
1664 2239 1767 2267 nuper
1783 2230 1938 2267 preterito
1952 2230 1984 2258 in
2004 2234 2114 2259 nostra
2131 2230 2183 2259 de-

1186 2283 1351 2322 he[b]ant²
1369 2292 1555 2320 comparere
1574 2283 1750 2321 presentia,
1769 2282 1966 2312 sententiam
1984 2282 2032 2311 vel
2049 2282 2182 2311 ordina-

1185 2336 1308 2365 tionem
1325 2335 1535 2373 apostolicam
1551 2327 1734 2372 'receptui-e.
1753 2335 1871 2372 Sirque
1886 2334 1992 2364 dictus
2010 2335 2181 2372 episcopus

1186 2387 1368 2417 sententias
1384 2387 1562 2421 interdicti,
1582 2386 1929 2417 ext-omniunicationis
1946 2391 1974 2416 et
1993 2386 2184 2424 suspensio-

1186 2440 1239 2469 nis
1258 2444 1289 2469 et
1307 2440 1435 2469 sasinas
1452 2440 1614 2477 predictas
1626 2448 1730 2477 nsque
1747 2439 1786 2468 ad
1804 2440 1922 2468 testum
1938 2438 2181 2476 Assumptionis

1184 2491 1278 2522 beate
1302 2491 1451 2529 Virginis
1475 2492 1622 2521 futurum
1649 2496 1724 2520 tunc
1752 2491 1897 2529 proximo
1919 2490 2095 2520 relaxavit:
2124 2490 2180 2527 [ita

1185 2543 1304 2582 quod]³
1319 2549 1456 2573 extunc.
1475 2543 1540 2573 nisi
1556 2543 1729 2581 inquisitio
1742 2543 1823 2572 sacta
1837 2547 1934 2572 esset.
1949 2542 2035 2571 omni
2050 2550 2182 2579 prorsus

1219 2654 1238 2677 l.
1253 2656 1302 2678 Ms.
1315 2663 1322 2677 .-
1334 2663 1345 2675 «ι
1358 2654 1504 2677 monachos

1185 2703 1230 2720 ces
1246 2697 1319 2720 deux
1334 2704 1421 2726 noms,
1437 2698 1462 2721 le
1477 2704 1525 2721 ms.
1543 2701 1620 2727 porte
1636 2697 1697 2719 bien
1715 2697 1884 2719 monachum
1901 2696 1944 2723 (cs.
1958 2695 2009 2717 col.
2024 2695 2149 2722 ‘zie-250).

1215 2740 1238 2764 2.
1254 2743 1302 2765 Ms.
1316 2751 1323 2765 s
1335 2750 1345 2763 a
1363 2741 1479 2764 debeant
1495 2747 1520 2768 ιη
1539 2741 1605 2763 dans
1621 2747 1674 2763 une
1690 2744 1767 2763 autre
1782 2740 1867 2769 partie
1883 2739 1916 2762 de
1932 2739 1955 2761 la
1975 2739 2054 2764 butte,
2070 2738 2105 2760 oii
2122 2742 2181 2760 tout

1185 2791 1216 2808 ce
1230 2791 1352 2815 passage.
1365 2785 1462 2814 depuis
1475 2794 1485 2805 n
1498 2784 1658 2809 Johannem.
1675 2783 1895 2806 archidiaconum
1909 2782 2144 2806 Constantiensem
2159 2790 2180 2807 u.

1185 2831 1227 2852 est
1242 2828 1333 2858 repete
1350 2834 1466 2858 presque
1482 2827 1696 2852 textuellement.
1713 2833 1747 2849 ou
1763 2827 1793 2849 tit
1809 2827 1941 2848 debebant
1957 2825 2000 2851 (cs.
2018 2824 2068 2847 eol.
2085 2823 2148 2851 ⁴250).

1216 2872 1238 2895 3.
1254 2874 1303 2895 Ms.
1319 2881 1326 2895 :
1342 2881 1352 2893 α
1369 2876 1394 2895 et
1412 2879 1436 2900 υς
1453 2871 1514 2901 plus
1529 2871 1592 2896 loin.
1612 2872 1647 2893 ita
1663 2871 1746 2898 qnod,
1763 2869 1830 2891 «lans
1844 2870 1868 2891 la
1882 2868 2027 2898 repetition
2045 2868 2104 2897 plus
2119 2874 2180 2890 cor-

1185 2917 1259 2938 recte
1274 2915 1308 2938 de
1323 2918 1382 2938 tout
1397 2921 1426 2937 ce
1442 2920 1555 2944 passage
1571 2913 1613 2941 (cs.
1631 2913 1682 2936 col.
1697 2913 1760 2941 250).

1522 2660 1548 2682 »ις
1565 2655 1624 2684 plus
1639 2654 1704 2678 loin,
1721 2653 1787 2676 dans
1799 2660 1835 2675 un
1848 2659 1960 2682 passage
1972 2652 2006 2674 οῐι
2021 2652 2180 2674 revicnnent
