2423 3487
211 336 265 364 747
926 322 1161 354 lzerls'l‘lzlis
1184 319 1238 348 DE
1260 310 1480 347 &ancorae
1504 316 1559 344 lx.
2231 311 2291 341 743

281 400 393 428 3847
779 392 910 423 Viterbe‚
925 391 955 418 31
973 392 1039 416 aout
1054 388 1131 414 1237.

249 456 675 493 Johannae,filia015i111‹·nisjt.
691 455 807 482 comitis
822 453 941 480 Pontivi
960 456 1002 483 (z
1016 448 1173 478 Ponthieu)
1185 450 1202 474 ¹.

214 509 346 537 concedit
369 511 400 534 ut
423 515 487 533 cum
510 504 728 540 [Ferdinando]v
751 511 815 535 rege
838 501 982 529 castellae
1007 502 1032 524 vt
1056 495 1202 529 Legionis.

214 567 268 584 non
283 558 415 583 obstante
429 555 503 588 quod
517 554 612 580 dictus
627 560 675 578 rex
692 560 754 578 eam
778 550 863 576 tertia
878 544 1152 580 consanguinitatis,
1169 551 1203 569 ex

213 615 270 632 una
283 607 373 639 parte,
388 607 414 629 et
427 608 539 636 quarta,
552 610 586 628 ex
599 602 700 631 altera,
714 597 902 625 transversali
918 596 995 622 linea
1006 591 1203 625 contingebat,

213 652 433 679 matrimonium
457 651 626 677 contrahere
649 649 756 674 valeat.
788 661 819 664 —
847 646 932 675 (Rea.
961 643 1003 671 18.
1032 643 1051 668 f.
1083 641 1132 667 317
1158 642 1203 669 v⁰;

211 710 279 728 ann.
295 701 346 727 xl.
362 708 385 725 c.
407 700 481 725 214.)

255 828 265 841 a
291 814 387 843 Nobili
414 813 536 840 mulieri
557 812 703 839 johanne.
730 814 798 836 nate
824 807 932 835 nobilis
957 805 1017 833 riri
1047 826 1065 831 ..
1089 803 1205 831 comilis

216 867 345 896 I'onliri.
364 864 623 894 l-'uudamentum
642 867 669 890 et
691 860 844 889 fundator
867 875 915 886 —.
933 857 1014 887 Cum
1038 856 1149 892 itaque
1165 853 1203 882 de

214 917 422 948 matrimonio
441 914 662 945 contrahendo
692 913 777 941 inter
807 917 835 941 te
865 920 901 940 ac
930 908 1141 938 karissimum
1170 906 1203 934 in

214 971 344 1003 Christo
363 970 465 998 tilium
486 973 632 997 nostrum
650 990 670 995 ..
692 966 853 995 illustrem
880 972 987 1001 regem
1017 959 1157 991 Castelle
1175 963 1203 988 et

216 1024 377 1061 Legionis.
405 1022 487 1051 sicut
517 1030 551 1050 ex
574 1021 643 1058 ejus
667 1023 756 1057 parte
781 1018 843 1047 suit
866 1015 1067 1055 propositum
1096 1021 1205 1042 coram

216 1077 319 1109 nobis,
345 1076 502 1104 hactenus
531 1074 573 1103 sit
597 1076 780 1105 tractatum,
806 1070 883 1109 quia
907 1069 1012 1098 dictus
1036 1076 1089 1096 rex
1110 1065 1206 1095 tertia

214 1127 522 1164 consanguinitatis.
551 1135 586 1155 ex
612 1134 676 1154 uua
696 1128 798 1162 parte,
819 1127 849 1152 et.
876 1126 1006 1160 quarta,
1031 1129 1066 1149 ex
1091 1118 1203 1147 altera.

216 1180 425 1210 transversali
444 1179 531 1208 linea
549 1183 577 1207 te
595 1178 764 1214 contingit,
787 1185 850 1205 non
868 1175 958 1213 prius
971 1173 1060 1202 duxit
1079 1171 1118 1201 ad
1134 1180 1206 1200 cou-

215 1233 430 1263 sumationem
458 1232 561 1270 ipsius
585 1229 787 1260 matrimonii
819 1226 1075 1266 procedendum.
1109 1232 1206 1262 quam

216 1295 312 1325 super
328 1286 388 1315 hoc
411 1285 450 1314 ad
466 1286 647 1314 Romanam
665 1285 847 1312 recurreret
864 1279 1054 1310 Ecclesiam.
1070 1281 1206 1306 matrem

216 1348 318 1369 suam.
337 1338 430 1367 nobis
448 1336 617 1366 humiliter
634 1335 822 1373 supplicans
839 1338 882 1368 ut.
903 1341 986 1365 cum,
1007 1335 1137 1369 propter
1153 1338 1207 1366 ge-

217 1392 426 1421 nerositatem
441 1390 574 1427 regiam.
594 1388 703 1426 aliqua
721 1388 773 1416 vix
789 1390 935 1416 occurrat
949 1393 1007 1414 suo
1023 1384 1120 1420 digna
1135 1391 1207 1411 con-

213 1445 314 1483 jugio.
340 1452 401 1482 que
426 1443 534 1480 ipsum
555 1442 589 1470 in
616 1440 716 1478 gradu
744 1439 909 1478 prohibito
933 1446 997 1467 non
1027 1436 1205 1472 contingat.

218 1496 347 1526 salubre
364 1494 538 1525 consilium
555 1502 766 1531 apponamus.
789 1493 856 1521 Nos
873 1491 985 1528 igitur,
1003 1488 1208 1518 attendentes

218 1548 313 1587 quod.
341 1557 376 1577 ex
400 1556 436 1577 eo
460 1547 544 1585 quod
569 1547 676 1584 ipsum
702 1554 809 1582 regem
834 1542 1027 1581 glorificavit
1048 1540 1208 1570 Dominus

218 1604 303 1631 inter
326 1606 449 1631 ceteros
479 1600 643 1638 principes
670 1598 888 1630 Christianos,
909 1596 989 1625 dans
1009 1594 1071 1624 sihi
1090 1593 1210 1631 glorio-

220 1661 291 1683 sum
307 1653 462 1682 adversus
479 1651 552 1680 tidei
570 1654 679 1680 nostre
695 1649 817 1683 hostes,
835 1657 899 1677 non
912 1647 1034 1685 absque
1051 1645 1209 1675 miraculo

220 1705 338 1740 divino.
361 1703 574 1741 triumphum.
590 1711 654 1732 non
671 1706 719 1732 est
735 1701 910 1731 exaltatum
935 1708 989 1729 cor
1005 1694 1132 1728 suum'.
1151 1706 1209 1727 nec

220 1759 252 1786 in
269 1757 397 1794 magnis
418 1764 514 1793 super
537 1764 570 1784 se
589 1763 695 1793 neque
716 1754 749 1782 in
768 1752 977 1781 mirabilibus
996 1745 1208 1780 ambulavit³.

219 1809 276 1839 sed
293 1808 596 1846 magnanimitatem
615 1815 720 1837 suam.
732 1806 765 1834 in
780 1804 978 1834 humilitatis
998 1803 1127 1841 spiritu,
1144 1803 1210 1832 Deo

220 1866 247 1891 et
266 1860 409 1891 Ecclesie
431 1869 531 1898 prona
560 1859 730 1889 devotione
750 1857 950 1887 substernit.
972 1861 1102 1894 propter
1126 1855 1211 1893 quod

221 1922 391 1951 personam
409 1920 500 1941 suam
527 1911 661 1949 speciali
678 1910 817 1949 quadam
842 1909 1047 1947 prerogativa
1062 1908 1210 1937 dilectio-

221 1967 271 1995 nis
291 1970 320 1995 et
338 1965 439 2002 gratie
457 1964 656 1994 sinceritatis
672 1962 817 1992 brachiis
834 1961 1067 1999 amplexamur,
1086 1970 1121 1990 ac
1143 1969 1209 1998 spe-

220 2024 340 2052 rantes,
358 2018 457 2046 immo
475 2017 635 2055 probabili
652 2016 897 2054 presumptione
912 2019 1060 2044 tenentes
1075 2013 1161 2052 quod
1176 2013 1210 2042 in

221 2070 364 2109 ejusdem
395 2071 606 2100 Sacrosancte
632 2070 777 2099 Romane
809 2068 965 2098 Ecclesie.
995 2067 1109 2096 matris
1135 2075 1210 2097 sue.

221 2124 389 2154 devotione
410 2124 564 2161 proficere
594 2122 707 2152 debeat
735 2122 939 2151 incessanter
962 2130 967 2148 z
995 2120 1100 2158 ipsius
1124 2119 1212 2157 regis

221 2177 345 2206 devotis
361 2175 655 2213 supplicationibus
679 2174 841 2208 inclinati,
865 2174 903 2203 de
928 2174 1066 2202 fratrum
1086 2176 1213 2201 nostro-

224 2238 292 2258 rum
306 2228 454 2258 consilio.
473 2228 636 2257 nobilitati
653 2234 704 2257 tue
717 2227 910 2256 auctoritate
922 2226 1124 2264 presentium
1141 2234 1213 2254 con-

224 2282 368 2311 cedimus
385 2280 604 2318 dispensando
621 2284 655 2308 ut
686 2288 758 2308 cum
786 2279 896 2308 eodem
925 2287 999 2315 rege
1021 2278 1213 2308 contrahere

225 2333 348 2365 valeas,
375 2333 606 2371 impedimento
633 2332 820 2371 hujusmodi
848 2340 912 2361 non
936 2331 1097 2360 obstante.
1121 2330 1213 2360 Nulli

226 2394 301 2423 vrgo
323 2390 431 2415 nostre
454 2385 675 2414 concessionis
697 2389 755 2413 etc.
782 2384 816 2413 Si
836 2384 909 2422 quis
933 2387 1040 2412 autem
1063 2387 1120 2412 etc.
1140 2383 1212 2412 Dat.

228 2438 379 2468 viterbii.
404 2439 433 2467 11
462 2437 618 2467 kalendas
650 2436 856 2474 septembris,
880 2444 966 2465 anno
989 2435 1171 2465 undecimo.
1200 2447 1211 2461 »

292 2646 407 2674 3848
772 2645 914 2679 [Viterbe‚
928 2646 958 2673 31
974 2648 1040 2672 aout
1054 2644 1145 2680 1237.]

260 2717 273 2734 (ι
290 2710 321 2736 ln
336 2709 459 2735 eundem
478 2710 536 2735 lere
553 2709 668 2735 modum
685 2729 701 2734 ..
714 2709 819 2733 illustri
830 2709 887 2740 reyi
898 2708 1009 2733 Castelle
1025 2710 1048 2732 et
1062 2707 1214 2740 LeyionlisJ,

224 2766 313 2791 usque
329 2757 358 2783 in
375 2758 471 2783 finem.
488 2765 501 2781 ι)

257 2891 274 2913 1.
293 2889 333 2914 Ct'.
351 2896 445 2918 supra,
461 2893 488 2911 n·
504 2889 571 2912 3135.

253 2934 275 2957 Ἴ.
292 2933 332 2956 Ct'.
349 2933 428 2956 PsAL.
445 2932 550 2957 CXXX.
567 2933 574 2955 t

254 2977 526 3002 3.cf.1mn..1·aem.

1355 382 1470 409 :3849
1834 376 1978 412 [Viterbe,
1994 377 2025 403 31
2043 379 2109 403 aout
2126 375 2219 411 1237.]

1320 444 1490 478 Philippae.
1508 443 1585 469 filiae
1602 438 1769 476 [Simonis],
1787 439 1905 466 comitis
1919 438 2041 465 Pontivi
2057 440 2101 469 (=
2118 438 2288 472 Ponthieu),

1285 492 1425 519 similiter
1447 491 1577 518 scribens
1591 511 1597 522 ,
1623 488 1757 516 concedit
1779 492 1809 514 ut
1836 495 1901 514 cun]
1926 487 2066 519 Alionso,
2092 486 2153 513 filio
2175 485 2292 521 [Fer-di·-

1286 540 1399 575 nandi]‚
1417 540 1491 574 regis
1506 540 1653 567 Castellae
1669 540 1697 564 et
1716 537 1869 570 Legionis,
1891 544 1948 562 non
1969 535 2104 562 obstante
2119 536 2195 570 quod
2211 535 2288 563 idem

1284 590 1426 616 Alsonsus
1442 596 1504 614 eam
1521 590 1624 621 quarta
1638 584 1907 619 consanguinitatis
1924 584 2002 610 linea
2016 585 2207 611 transversali
2221 592 2291 611 con-

1285 637 1418 670 tingebat
1430 658 1436 669 ,
1466 635 1690 662 matrimonium
1727 634 1899 660 contrahere
1927 633 2035 659 valeat.
2066 647 2097 650 —
2128 633 2213 663 (Rue.
2246 632 2292 666 18,

1287 687 1306 712 f.
1324 686 1375 712 317
1391 688 1434 717 νη
1451 693 1520 711 ann.
1539 683 1726 714 X1.c.‘215.)

1329 825 1340 837 «
1359 813 1458 841 Nobili
1480 812 1604 840 mulieri
1631 810 1807 849 Ph[itippe]‚
1827 815 1897 838 nale
1918 810 2028 838 nobilis
2052 811 2113 838 viri
2135 832 2154 838 ..
2173 810 2294 839 comicis

1287 865 1419 893 Pontici.
1438 863 1701 893 Fundamentum
1726 867 1755 891 et
1777 862 1932 892 fundator
1947 879 1996 890 —.
2014 861 2096 892 Cum
2120 862 2232 900 itaque
2251 862 2292 893 de

1287 917 1497 946 matrimonio
1526 915 1750 946 contrahendo
1780 915 1868 944 inter
1894 919 1926 945 te
1953 919 1983 944 et
2011 914 2156 944 nobilem
2183 914 2291 944 virum

1287 969 1473 999 Alt'onsum.
1507 974 1619 998 natum
1650 968 1821 997 karissimi
1845 967 1879 996 in
1899 967 2032 997 Christo
2052 966 2113 996 filii
2139 967 2244 997 nostri
2269 991 2288 996 ..

1287 1022 1428 1051 illustris
1445 1022 1532 1059 regis
1547 1021 1688 1052 Castelle
1701 1024 1731 1050 et
1744 1020 1910 1058 Legionis,
1929 1020 2015 1049 sicut
2029 1029 2065 1050 ex
2082 1024 2172 1058 parte
2186 1020 2294 1058 ipsius
2338 1054 2341 1055 ⁷

1288 1075 1375 1112 regis
1392 1075 1453 1104 suit
1471 1074 1675 1112 propositum
1690 1082 1799 1103 coram
1816 1073 1923 1104 nobis.
1941 1072 2103 1102 hactenus
2120 1073 2164 1102 sit
2179 1076 2295 1102 tracta-

1290 1132 1368 1162 tum,
1389 1127 1465 1165 quia
1482 1127 1589 1156 dictus
1607 1125 1728 1155 nobilis
1750 1130 1867 1164 quarta
1888 1125 2190 1163 consanguinitatis
2205 1124 2296 1156 linea

1289 1179 1502 1209 transversali
1520 1184 1549 1209 te
1568 1179 1742 1216 contingit,
1760 1187 1824 1207 non
1841 1178 1934 1216 prius
1951 1178 1991 1207 ad
2011 1177 2293 1208 consumationem

1288 1233 1393 1271 ipsius
1414 1232 1618 1262 matrimonii
1635 1236 1683 1261 est
1699 1240 1906 1270 processum,
1925 1240 2023 1269 quam
2045 1239 2144 1269 super
2166 1231 2228 1261 hoc
2242 1239 2295 1261 re-

1289 1294 1405 1314 cursus
1432 1285 1471 1313 ad
1494 1286 1678 1314 Romanam
1702 1283 1884 1314 Ecclesiam
1910 1283 2100 1314 haberetur.
2126 1284 2235 1320 Quare
2257 1292 2295 1313 ex

1288 1342 1379 1375 parte
1400 1337 1506 1375 ipsius
1530 1337 1652 1366 nobilis
1671 1337 1734 1366 fuit
1758 1337 1854 1366 nobis
1879 1336 2052 1366 humiliter
2075 1336 2295 1375 supplicatum

1290 1395 1335 1421 ut,
1357 1399 1442 1425 cum,
1466 1394 1596 1428 propter
1615 1394 1689 1420 etc..
1714 1398 1842 1428 usque:
1866 1398 2079 1427 apponamus.
2103 1389 2188 1426 Quia
2206 1397 2295 1425 vero,

1290 1452 1327 1472 ex
1347 1442 1404 1472 illa
1427 1443 1531 1480 gratia
1555 1442 1690 1480 speciali
1714 1451 1779 1481 qua
1804 1442 1944 1472 eundem
1969 1451 2079 1480 regem
2101 1441 2298 1480 glorificavit

1290 1496 1450 1525 Dominus
1460 1496 1547 1525 inter
1560 1496 1727 1534 principes
1739 1495 1961 1530 Christianos,
1976 1503 2080 1534 usque
2093 1495 2173 1525 adeo
2186 1495 2296 1534 ipsum

1290 1548 1472 1586 diligimus.
1486 1548 1568 1578 utad
1578 1557 1674 1578 suum
1687 1553 1718 1577 et
1730 1557 1865 1578 suorum
1877 1547 2082 1577 commodum
2096 1552 2126 1577 et
2138 1547 2295 1578 honorem

1291 1601 1466 1630 efficaciter
1491 1601 1676 1638 aspiremus
1698 1617 1736 1622 —-
1760 1610 1766 1629 :
1793 1600 1939 1639 ejusdem
1965 1600 2054 1638 regis
2083 1599 2298 1638 supplicatio-

1292 1654 1390 1683 nibus
1406 1654 1569 1687 inclinati.
1588 1654 1626 1684 de
1643 1654 1783 1684 fratrum
1801 1657 1989 1683 nostrorum
2005 1653 2155 1689 consilio,
2176 1652 2298 1683 nobili-

1292 1707 1350 1736 tati
1368 1711 1420 1736 tue
1437 1707 1631 1736 auctoritate
1647 1706 1853 1745 presentium
1869 1710 1943 1742 etc.‚
1962 1710 1997 1735 ut
2013 1715 2123 1744 supra,
2141 1705 2297 1745 usquein

1292 1762 1402 1791 finem.
1424 1775 1436 1787 »

1328 1912 1429 1935 3850.
1445 1923 1475 1926 —
1494 1909 1526 1935 In
1541 1908 1666 1935 eundem
1684 1909 1744 1935 fere
1760 1908 1880 1935 modum
1902 1908 1989 1933 nobili
2008 1910 2066 1933 riro
2086 1908 2208 1940 Alsonso,
2233 1909 2300 1934 nalo

1293 1958 1434 1981 karissimi
1452 1958 1480 1981 in
1497 1957 1604 1983 Christo
1619 1957 1673 1988 filie·
1687 1957 1776 1982 nostri
1793 1978 1810 1983 ..
1827 1957 1948 1981 illustris
1963 1957 2033 1989 reqis
2046 1957 2168 1983 castelle.

1363 2191 1474 2219 385¹
1864 2191 1998 2224 Viterbe,
2015 2191 2048 2218 28
2064 2193 2131 2218 aout
2148 2191 2227 2219 1237.

1332 2253 1402 2286 Regi
1425 2253 1572 2280 Castellae
1594 2256 1622 2280 et
1646 2253 1821 2287 Legionensi
1839 2253 1952 2287 petenti
1972 2254 2107 2288 indulget
2124 2258 2157 2281 ut
2177 2254 2208 2281 in
2227 2254 2299 2281 loeis

1295 2309 1368 2334 quae
1390 2301 1425 2327 de
1446 2310 1521 2328 novo
1541 2302 1576 2328 de
1601 2302 1827 2328 Sarracenorum
1856 2302 1994 2329 manibus
2017 2302 2189 2336 acquisierit
2209 2304 2238 2329 et
2261 2302 2296 2330 ad

1295 2350 1407 2376 cultum
1426 2350 1492 2376 fidei
1513 2350 1702 2377 Christianae
1718 2351 1879 2383 reduxerit,
1899 2351 1991 2385 possit
2014 2355 2139 2379 rectores
2159 2351 2299 2379 ecclesia-

1295 2407 1371 2430 rum,
1389 2399 1485 2432 prima
1507 2399 1582 2432 vice,
1605 2400 1660 2426 loci
1677 2400 1812 2434 episcopo
1835 2403 2031 2434 praesentare,
2054 2409 2125 2435 quos
2142 2401 2205 2436 ipse
2220 2400 2299 2436 epis-

1295 2455 1383 2481 copus
1398 2448 1558 2474 secundum
1574 2448 1740 2475 sanctiones
1757 2449 1915 2476 canonicas
1929 2449 2088 2476 admittere
2103 2451 2248 2476 teneatur.
2265 2464 2298 2468 -

1295 2496 1381 2525 (Rau.
1400 2495 1443 2525 18,
1460 2497 1479 2522 t.
1498 2496 1549 2523 318
1564 2499 1602 2528 r';
1617 2505 1686 2523 ann.
1704 2497 1757 2530 XI,
1775 2506 1799 2524 c.
1815 2497 1882 2529 216;
1896 2512 1928 2516 —
1942 2497 2075 2526 MOREAU
2096 2497 2175 2531 1191,
2189 2498 2209 2525 f.
2224 2497 2301 2530 350.)

1337 2635 1348 2647 u
1370 2645 1389 2650 ..
1407 2624 1525 2652 illustri
1543 2626 1605 2662 reyi
1623 2626 1745 2654 Castelle
1757 2630 1783 2654 et
1799 2624 2009 2665 Leyionenjsi}
2028 2625 2141 2655 Fidem
2159 2629 2190 2655 et
2202 2624 2301 2655 devo-

1297 2675 1418 2705 tionem
1432 2693 1478 2705 -.
1496 2677 1566 2706 Dat.
1584 2677 1737 2713 viterbii,
1753 2678 1781 2707 V
1794 2677 1954 2708 kalendas
1970 2677 2197 2716 septembr-18¹,
2213 2685 2301 2707 anno

1297 2727 1480 2757 undecimo.
1504 2740 1516 2754 n

1330 2891 1348 2914 t.
1367 2891 1404 2915 La
1421 2893 1499 2922 copie
1514 2893 1546 2916 de
1563 2894 1587 2917 la
1603 2895 1749 2918 collection
1763 2894 1883 2918 MonEAu
1897 2895 1988 2918 donne
2002 2896 2028 2918 la
2040 2895 2102 2918 date
2117 2901 2122 2918 :
2139 2897 2177 2918 111
2189 2895 2301 2924 (nonae,

1296 2935 1402 2965 corrige
1421 2942 1453 2958 en
1471 2938 1487 2965 z)
1505 2938 1640 2961 kalendas
1656 2940 1769 2968 auqusti
1786 2943 1824 2968 t:
1840 2939 1996 2969 30Ju1'ttet);
2013 2941 2084 2962 cette
2102 2939 2181 2968 copie
2201 2944 2235 2962 ne
2250 2945 2298 2968 pa-

1298 2979 1348 3001 rait
1367 2986 1414 3009 pas
1431 2981 1508 3003 avoir
1524 2981 1566 3004 ε’·ῑὸ
1582 2982 1654 3011 prise
1669 2982 1849 3006 directement
1864 2990 1911 3006 sur
1926 2983 1951 3006 le
1967 2985 2099 3012 [registro.
