2423 3487
216 305 271 335 ί1113
934 295 1172 329 0110151005
1194 294 1249 324 DE
1272 285 1493 323 GREGOIRE
1517 293 1575 323 1x.
2239 295 2296 329 204

219 376 245 399 ··t
265 371 409 399 fautores
425 368 532 397 illius.
551 372 583 397 ut
603 376 677 397 eum
696 376 713 396 a
729 365 959 405 prosecutione
973 363 1058 403 juris
1076 361 1127 391 sui
1147 369 1217 390 ces-

218 431 288 451 sare
315 420 555 458 compellerent,
584 428 682 457 super
709 418 848 457 quadam
874 417 1012 456 pecunie
1036 422 1163 444 summa
1187 416 1215 442 et

218 474 313 503 rebus
330 473 415 502 aliis.
433 472 533 501 multa
551 475 662 501 contra
676 480 749 501 enm
767 471 859 509 paria
871 470 1068 501 litterarum,
1084 468 1118 497 in
1136 474 1217 506 qua-

219 532 289 556 tuor
305 525 501 555 diocesibus.
517 524 555 553 ad
566 524 695 563 judices
709 523 857 553 diversos
873 527 901 552 et
918 522 987 551 loca
1001 525 1136 555 remota,
1151 524 1216 549 tam

217 590 230 607 ;1
251 577 430 608 venerabili
451 577 550 606 fratre
572 580 682 605 nostro
705 599 724 604 ..
752 575 926 605 Portuensi
948 574 1114 612 episcopo,
1139 577 1217 602 tunc

217 631 327 660 Sancti
344 629 461 667 Aug-*li
484 628 620 658 diacono
643 627 820 663 cardinali,
844 626 1028 665 Apostolice
1052 624 1146 655 Sedis
1168 624 1216 654 10-

216 689 300 719 gato.
318 692 414 721 quam
433 693 450 711 a
467 682 548 712 Sede
564 681 755 719 Apostolica
771 681 1001 718 impetrarunt.
1020 677 1114 708 Unde
1131 677 1216 706 bone

216 735 371 765 memorie
390 735 430 764 H.
450 743 548 772 papa,
568 734 780 772 predecessor
797 737 922 767 noster,
941 731 1054 761 volens
1071 731 1100 760 ei
1117 739 1216 768 super

216 789 273 817 boc
298 787 556 817 11115011001-(11101
580 786 762 824 providere,
788 785 895 823 legato
918 784 1086 814 mandavit
1109 783 1215 813 eidem

215 845 259 875 ut,
278 845 427 870 revocato
445 839 477 868 in
495 839 642 872 irritum,
662 838 690 867 si
709 837 787 876 quid
805 841 1032 874 attemptatum
1050 835 1215 865 inveniret

215 893 406 922 auctoritate
438 891 623 921 litterarum
660 890 850 929 hujusmodi
882 893 995 919 contra
1025 889 1149 927 ipsum,
1184 893 1215 918 et

214 954 325 975 carum
343 944 610 982 impetratorilms
628 943 667 972 ad
686 952 779 973 suam
796 942 997 980 presentiam
1014 940 1212 975 convocatis,

214 998 342 1028 audiret
362 997 439 1026 hine
461 997 536 1026 inde
559 996 726 1034 proposita
749 1001 780 1025 et
800 996 924 1025 faceret
945 994 1031 1033 quod
1054 998 1141 1024 esset
1163 1002 1215 1024 se-

214 1050 355 1080 cundum
370 1038 745 1089 justitiam‘faciendum.
758 1049 829 1085 Quo
841 1048 1065 1078 committente
1079 1046 1214 1086 ..priori

214 1102 325 1133 Sancti
355 1102 511 1132 Maxentii
538 1106 567 1131 et
595 1102 665 1141 ejus
690 1101 930 1140 conjudicibus,
959 1104 1125 1130 reservata
1150 1099 1215 1129 sibi

214 1155 388 1184 diffinitiva
405 1155 586 1188 sententia,
605 1154 693 1184 vices
711 1163 803 1185 suas,
822 1153 885 1192 ipsi
905 1154 1067 1183 dictorum
1083 1162 1215 1191 proces-

214 1217 286 1237 sum
304 1208 451 1247 judicum
474 1211 685 1242 revocarunt,
709 1207 743 1235 in
762 1206 865 1236 dictos
888 1206 1030 1244 priorem
1050 1210 1079 1235 et
1096 1206 1215 1235 fratres

214 1260 468 1298 Andcgavenses
485 1264 513 1290 et
527 1260 685 1299 quosdam
702 1259 783 1289 alios
796 1259 1016 1297 predictorum
1033 1268 1215 1289 excommu-

214 1314 391 1343 nicationis
408 1314 572 1343 sententia
588 1313 810 1351 p1·onmtgata;
830 1322 927 1351 quam
947 1336 966 1341 ..
985 1312 1085 1342 abbas
1102 1312 1214 1341 Sancti

214 1366 406 1404 Leodegarii
423 1367 560 1405 ejusque
576 1366 710 1403 college,
729 1366 849 1404 quibus
866 1375 964 1404 super
979 1366 1040 1395 boc.
1056 1365 1214 1403 scriptum

214 1420 287 1449 suit.
313 1424 343 1449 et
364 1424 398 1448 ut
421 1420 528 1457 ipsum
551 1419 585 1448 in
608 1419 851 1456 possessionem
876 1418 1069 1448 inducerent
1091 1423 1119 1448 et
1143 1423 1215 1448 tue—

215 1476 328 1501 rentur
345 1471 531 1506 inductum,
553 1471 752 1501 mandarunt
774 1480 879 1509 usque
897 1471 935 1500 ad
952 1471 1213 1500 satisfactionem

214 1534 392 1562 congruam
422 1524 601 1559 observari,
633 1528 663 1554 et
695 1524 850 1559 eundem,
883 1533 979 1562 quem
1010 1524 1215 1562 subdelegati

211 1578 339 1617 judices
352 1586 465 1607 verum
479 1577 725 1607 declaraverant
736 1585 970 1615 possessorem,
986 1577 1020 1605 in
1035 1577 1215 1615 predictam

214 1630 456 1668 possessionem
470 1630 601 1659 induci:
620 1630 876 1659 contradictores
889 1639 1027 1659 censura
1045 1629 1215 1659 ecclesias-

216 1684 279 1712 tica
303 1683 549 1720 compescendo.
575 1683 649 1717 Sed,
677 1683 755 1721 quia
773 1683 891 1721 prefati
908 1682 1104 1717 adversarii,
1130 1683 1169 1712 ad
1194 1706 1213 1711 ..

215 1735 364 1765 abbatem
386 1735 497 1765 Sancti
514 1735 621 1773 Sergii
646 1740 674 1765 01
695 1736 765 1773 ejus
783 1735 982 1774 conjudices.
1008 1745 1043 1765 ac.
1061 1735 1142 1765 alios
1165 1735 1215 1764 (11-

215 1797 325 1818 vcrsos
347 1788 476 1826 judices
500 1792 527 1817 et
552 1788 621 1817 loca
644 1788 812 1821 distantia,
836 1793 900 1817 tani
920 1798 937 1817 a
961 1788 1054 1818 nobis
1072 1797 1170 1826 quant
1198 1798 1214 1817 a

215 1841 320 1878 legato
338 1842 462 1879 prefato
479 1841 619 1870 (liversis
643 1841 763 1870 11110115
785 1841 986 1879 impetratis,
1006 1850 1069 1870 11011
1090 1841 1216 1871 facien-

214 1894 301 1923 tibus
319 1894 520 1923 mcntioncm
538 1894 575 1923 de
598 1894 829 1923 commissione
846 1895 930 1923 facta
952 1894 1058 1931 legato
1076 1898 1104 1923 et
1122 1903 1215 1924 revo-

213 1946 340 1975 catione
366 1956 580 1984 processuum
608 1947 828 1984 predictorum
844 1970 849 1982 ,
879 1947 1043 1975 faciebant
1074 1956 1130 1985 per
1160 1956 1215 1976 cas

214 1998 365 2036 impediri
382 2008 571 2036 processum
589 2008 723 2028 5110111111
736 1999 885 2037 judicum
908 2004 936 2028 (·1
958 1999 992 2028 111
1016 1999 1124 2037 ipsum
1149 2000 1215 2029 fre-

212 2055 350 2090 quenter
365 2052 402 2081 (10
417 2052 501 2081 facto
518 2053 869 2081 excommunicationis
886 2053 1085 2082 sententiam
1102 2053 1215 2082 fulmi-

212 2104 284 2133 nari
307 2114 312 2132 :
342 2114 410 2139 nos,
441 2114 538 2142 super
566 2106 665 2134 tantis
696 2106 766 2144 ejus
791 2106 954 2143 angustiis
978 2106 1215 2143 compatientes

212 2156 328 2186 cidem.
349 2180 366 2185 ..
386 2157 486 2194 priori
504 2158 621 2187 Sancte
640 2158 742 2187 Marie
759 2158 796 2187 de
813 2158 929 2187 Niorto
946 2162 976 2187 et
994 2158 1128 2196 collegis
1145 2159 1215 2189 suis

212 2209 436 2247 injuncximus
448 2214 493 2244 111.
508 2210 655 2239 exhiberi
669 2210 733 2239 sibi
746 2215 895 2248 optentus
907 2211 984 2239 hinc
998 2211 1074 2241 inde
1087 2211 1215 2241 litteras

213 2266 243 2290 ct
260 2270 431 2299 processus
449 2272 504 2300 per
521 2272 575 2291 cas
594 2263 722 2292 babitos
738 2264 916 2293 facientes.
934 2264 961 2293 si
979 2269 1065 2293 esset
1082 2264 1141 2295 ita.
1159 2274 1216 2303 ap-

213 2314 358 2351 probatis
381 2315 589 2352 procos-sibus
612 2324 693 2353 quos
722 2316 948 2353 approbandos
972 2317 1138 2346 viderent.
1163 2327 1216 2347 10-

211 2366 313 2404 liquis
332 2367 524 2404 reprobatis.
550 2367 761 2406 injungerent
784 2368 852 2397 illis
877 2368 915 2397 ad
932 2378 1013 2406 quos
1026 2369 1216 2407 jurisdictio

211 2419 403 2457 pertineret.
422 2423 455 2447 ut
473 2420 686 2457 procederent
703 2420 794 2458 juxta
813 2420 965 2449 traditam
983 2421 1047 2450 sibi
1062 2422 1213 2451 formam.

212 2471 276 2507 Qui
294 2480 367 2500 cum
389 2471 449 2501 hoc
465 2472 616 2507 fecerint,
637 2472 783 2511 judicum
806 2473 909 2510 partis
931 2474 1106 2509 contrarie,
1125 2475 1216 2512 vide-

211 2523 288 2553 licet
307 2547 325 2552 ..
342 2524 453 2554 Sancti
469 2525 575 2562 Sergii
593 2529 621 2554 et
640 2548 660 2553 ..
679 2525 717 2555 de
735 2525 885 2555 Asneriis
903 2525 1057 2555 abbatum
1075 2531 1105 2556 et
1122 2527 1215 2557 00110-

212 2585 327 2613 garum
358 2586 503 2611 50010111,
532 2578 741 2615 processibus
771 2578 965 2615 reprobatis,
996 2579 1143 2616 prefatus
1175 2580 1213 2609 B.

210 2628 301 2659 111105
315 2638 387 2658 011111
403 2630 473 2659 suis
485 2630 700 2668 complicibus
715 2630 815 2659 multa
830 2630 942 2660 letalia
954 2631 1092 2660 vulnera
1109 2632 1215 2662 eidem

210 2681 349 2717 inflixit3
377 2692 479 2721 quare
507 2684 701 2713 auctoritate
723 2684 883 2713 dictorum
909 2684 1059 2722 judicum
1083 2685 1215 2715 vincul«)

210 2734 274 2763 suit
291 2736 641 2766 excommunicationis
666 2737 831 2766 astrictus.
858 2737 997 2766 Demum
1021 2737 1108 2766 idem
1129 2739 1165 2767 13.
1185 2743 1215 2767 et,

211 2787 377 2825 predictus
396 2788 1215 2827 111111511151115,0011110μο111οε(1110(10151101111111111111

211 2839 248 2869 de
265 2841 417 2869 Asneriis
430 2847 458 2870 ct
475 2842 703 2880 conjudicibus
718 2842 787 2871 suis
801 2851 899 2871 causa
911 2842 1019 2871 suerat
1036 2851 1072 2871 ex
1087 2842 1215 2881 integro

212 2892 249 2922 de
273 2902 411 2923 assensu
434 2895 577 2932 partium
600 2895 747 2931 delegata
772 2900 800 2924 ct
823 2895 893 2933 ipse
916 2895 1138 2925 subdiaconus
1159 2906 1216 2934 per

212 2947 342 2977 eosdem
360 2949 491 2978 vinculo
509 2950 859 2979 excommunicationis
876 2949 1042 2985 astrictus,
1061 2950 1101 2979 ad
1118 2960 1215 2981 vene-

1298 359 1437 388 rabilem
1468 359 1603 388 fratrem
1634 362 1784 388 nostrum
1815 381 1834 386 ..
1863 358 2089 389 Turonensem
2118 360 2297 402 archiepis-

1298 421 1414 450 copum
1428 420 1527 450 super
1540 411 1600 442 hoc
1616 411 1745 441 litteras
1756 411 1985 449 impetrarunt.
2004 412 2108 443 Droco
2119 422 2246 454 quoque
2259 425 2295 448 ac

1298 464 1445 501 Egidius,
1471 464 1559 494 cives
1578 463 1846 502 Andegavenses,
1871 472 2012 502 quorum
2033 464 2115 496 alter
2137 467 2294 505 predictas

1298 516 1410 546 domos
1435 521 1570 552 emerat,
1598 521 1670 554 post
1699 525 1810 546 veram
1834 516 2078 554 possessionem
2102 518 2295 552 declaratam

1297 568 1415 604 eidem,
1431 574 1459 599 et
1475 569 1624 608 reliquus
1636 570 1766 599 fructus
1779 569 1962 599 abstulerat
1974 569 2156 608 vinearum,
2169 577 2298 612 propter

1298 621 1384 660 quod
1416 631 1434 651 a
1463 622 1560 652 dictis
1590 621 1707 652 abbate
1737 621 1850 652 Sancti
1880 621 2074 660 Leodegarii
2103 628 2134 653 et
2164 625 2295 665 collegis

1296 673 1403 712 ipsius
1420 675 1555 704 suerunt
1573 674 1909 705 excommunicationi
1926 674 2083 714 subjecti,
2102 677 2295 710 mentientes

1297 727 1337 757 ab
1354 736 1391 756 eo
1409 737 1442 757 se
1459 736 1567 757 coram
1587 751 1606 757 ..
1624 727 1733 766 priore
1749 727 1787 758 de
1803 728 1920 758 Niorto
1939 732 1970 758 et
1985 729 2211 768 conjudicibus
2227 731 2295 771 ejus

1297 789 1396 818 super
1412 780 1610 818 quibusdam
1627 781 1779 810 domibus
1796 784 1827 810 et
1842 780 1942 811 rebus
1959 780 2034 811 aliis
2051 781 2092 811 ad
2106 781 2193 821 ipsos
2210 792 2296 814 com-

1296 833 1442 863 muniter
1466 833 1730 871 pertinentibus,
1757 837 1877 863 tractos
1901 833 1937 862 in
1960 842 2110 871 causam,
2134 839 2165 865 et
2185 835 2223 866 ab
2249 836 2297 868 eis

1295 886 1536 924 interposuisse
1554 886 1784 924 appellationis
1801 886 1976 925 objectum,
1995 890 2126 925 propter
2143 889 2299 927 exceptio-

1296 948 1373 969 nem
1389 939 1742 969 excommunicationis
1762 939 1801 969 ab
1821 939 1947 970 eisdem
1965 944 2079 970 contra
2097 939 2204 978 ipsum
2224 950 2296 980 pro-

1296 992 1438 1030 positam
1453 1001 1519 1022 non
1535 992 1725 1028 admissam,
1745 992 1853 1022 eidem
1867 992 2054 1022 Turonensi
2070 996 2101 1023 et
2116 993 2185 1032 ejus
2201 994 2297 1026 sociis

1296 1045 1514 1075 obtinuerunt
1538 1045 1736 1083 rescriptum
1766 1044 1984 1083 apostolicum
2015 1045 2191 1082 destinari3
2223 1046 2298 1085 aliis

1296 1098 1438 1128 diversis
1453 1098 1576 1129 litteris
1593 1098 1633 1128 ab
1649 1098 1721 1137 ipso
1737 1099 1788 1134 B.,
1803 1103 1869 1128 tam
1879 1107 1937 1137 per
1951 1107 1986 1129 se
1999 1107 2098 1137 quam
2114 1107 2187 1129 cum
2201 1108 2297 1132 uxore

1297 1161 1367 1187 sua,
1391 1152 1431 1181 ad
1454 1151 1602 1181 diversos
1620 1151 1749 1190 judices
1772 1151 1807 1180 in
1828 1151 1980 1190 pluribus
1996 1151 2182 1182 diocesibus
2196 1152 2298 1192 impe-

1297 1204 1403 1239 tratis,
1423 1204 1461 1233 de
1478 1204 1584 1234 forma
1602 1204 1848 1234 commissionis
1864 1204 1950 1234 facte
1965 1204 2068 1242 priori
2084 1204 2122 1234 de
2139 1204 2252 1236 Niorto
2267 1209 2298 1236 et

1297 1258 1368 1297 ejus
1396 1257 1531 1295 collegis
1563 1266 1599 1287 ac
1627 1267 1741 1287 eorum
1769 1257 1981 1296 processibus
2009 1266 2074 1288 non
2102 1257 2296 1289 facientibus

1296 1311 1510 1341 mentionem.
1531 1312 1594 1341 Per
1615 1319 1697 1349 quas
1720 1319 1794 1340 011111
1814 1311 1886 1349 ipse
1906 1310 2086 1349 plurimum
2108 1311 2300 1350 fatigaretur

1298 1368 1326 1393 et
1341 1364 1403 1399 sui,
1418 1364 1457 1393 ad
1470 1364 1657 1402 Apostolice
1669 1364 1764 1394 Sedis
1776 1364 1869 1394 duxit
1881 1363 2042 1394 auxilium
2053 1363 2296 1404 recurrendum,

1297 1417 1469 1447 humiliter
1479 1417 1668 1455 supplicans
1678 1421 1713 1446 ut
1726 1417 1790 1447 sibi
1802 1417 2027 1455 dignaremur,
2038 1421 2110 1456 post
2121 1421 2299 1456 totoppres-

1298 1471 1409 1501 siones
1419 1475 1448 1500 et
1459 1470 1556 1504 tedia,
1567 1479 1711 1507 congruo
1723 1470 1869 1500 remedio
1880 1470 2067 1506 subvenire,
2080 1474 2110 1500 et
2119 1470 2298 1501 faceremus

1297 1529 1423 1562 partein
1447 1522 1601 1558 alteram,
1622 1532 1679 1561 pro
1702 1532 1738 1553 eo
1756 1523 1843 1561 quod
1859 1523 1906 1553 510
1924 1522 2062 1553 malitiis
2077 1523 2205 1553 vexavit
2219 1531 2299 1554 eun-

1298 1576 1391 1611 dem,
1415 1577 1451 1605 in
1474 1576 1627 1614 expensis
1650 1575 1811 1614 legitimis
1832 1576 2078 1614 condempnari.
2099 1577 2166 1607 Nos
2186 1575 2296 1614 igitur,

1298 1629 1356 1668 qui
1383 1638 1420 1659 ex
1446 1628 1552 1658 officio
1579 1632 1691 1658 nostro
1718 1628 1891 1667 providere
1920 1628 2077 1659 debemus
2105 1637 2146 1659 ne
2174 1627 2299 1659 malitia

1299 1682 1438 1712 obsistat
1463 1681 1612 1721 justitie,
1642 1681 1820 1720 quominus
1841 1681 1876 1711 in
1895 1681 2059 1720 judicium
2081 1685 2296 1718 convertatur,

1299 1744 1373 1765 cum
1392 1744 1456 1764 non
1475 1734 1580 1764 solum
1602 1743 1700 1772 grave
1717 1734 1777 1769 sit,
1796 1734 1853 1764 sed
1870 1734 1969 1764 etiam
1985 1734 2158 1770 tediosum‚
2177 1734 2299 1765 referre

1298 1788 1350 1818 rel
1366 1788 1481 1818 audire
1493 1797 1550 1826 per
1565 1787 1697 1825 singula
1711 1788 1888 1817 innumera
1905 1788 2096 1826 gravamina
2110 1796 2172 1827 que
2187 1787 2227 1818 ob
2239 1787 2299 1818 hoc

1298 1841 1405 1871 dictus
1433 1841 1655 1871 subdiaconus
1685 1850 1719 1871 50
1752 1840 1904 1879 queritur
1934 1840 2128 1879 pertulisse,
2155 1839 2300 1870 volentes

1298 1894 1429 1931 negotio
1446 1894 1545 1923 finem
1562 1894 1705 1932 imponi,
1723 1894 1919 1923 mandamus
1936 1898 2117 1932 quatenus,
2135 1893 2163 1923 si
2180 1896 2228 1923 est
2241 1892 2297 1928 ita,

1297 1947 1459 1977 facientes
1476 1947 1625 1976 exbiberi
1642 1946 1734 1976 vobis
1750 1946 1879 1976 litteras
1896 1946 1975 1976 hinc
1997 1946 2074 1976 inde
2096 1946 2243 1976 obtentas
2263 1953 2300 1976 ac

1297 2010 1472 2039 processus
1487 2000 1618 2030 habitos
1632 2010 1690 2038 per
1701 2000 1844 2035 easdem,
1858 2000 2027 2037 negotium
2039 2007 2137 2037 super
2149 1998 2300 2029 omnibus

1299 2054 1516 2092 supradictis,
1540 2054 1568 2083 si
1591 2054 1629 2083 de
1652 2053 1798 2091 partium
1818 2052 1987 2082 voluntate
2007 2051 2219 2090 processerit,
2235 2051 2299 2081 fine

1299 2108 1408 2137 debito
1423 2107 1626 2141 ter1ninetis;
1644 2107 1792 2145 alioquin
1809 2106 1930 2144 ipsum,
1944 2115 2018 2135 cum
2028 2104 2194 2135 universis
2207 2103 2298 2139 actis,

1299 2161 1502 2190 sufficienter
1524 2160 1741 2195 instructum,
1762 2159 1822 2189 sub
1846 2158 1968 2196 sigillis
1987 2158 2105 2188 vestris
2126 2156 2301 2188 remittatis

1300 2213 1340 2242 ad
1355 2212 1542 2250 Apostolice
1562 2212 1657 2243 Sedis
1674 2221 1828 2247 examen,
1849 2212 2047 2250 prefigentes
2067 2210 2214 2249 partibus
2236 2213 2300 2240 ter-

1299 2266 1428 2295 minum
1451 2270 1690 2304 competentem
1709 2270 1782 2300 ete,
1806 2273 1912 2303 usque
1931 2274 1936 2292 :
1957 2267 2138 2302 receptui-e.
2159 2261 2251 2300 Quod
2271 2261 2298 2292 si

1300 2328 1364 2348 non
1388 2328 1501 2348 omnes
1525 2322 1585 2348 etc.
1609 2319 1683 2347 Dat.
1700 2317 1859 2352 Viterbii,
1886 2317 1917 2346 X
1932 2316 2090 2347 kalendas
2107 2314 2299 2350 decembris,

1300 2380 1386 2401 anno
1403 2380 1500 2401 110110,
1521 2384 1533 2397 n

1370 2543 1487 2571 2842

1335 2605 1498 2632 Senonensi
1519 2606 1754 2640 archiepiscopo,
1776 2608 1803 2632 et
1824 2604 1962 2632 Trecensi
1980 2607 2008 2631 et
2027 2601 2204 2637 Lingonensi
2223 2600 2300 2636 epis-

1298 2654 1377 2688 copis
1394 2654 1514 2681 mandat
1532 2657 1675 2688 quatenus
1692 2662 1793 2681 causas
1811 2653 1934 2680 audiant
1950 2652 2142 2687 quorumdam
2159 2651 2299 2677 mercato-

1298 2711 1362 2729 rum
1386 2703 1561 2730 Senensium
1572 2725 1578 2736 ,
1603 2711 1673 2737 quos
1690 2702 1826 2729 nonnulli
1846 2701 1994 2728 malitiose
2008 2700 2044 2727 ad
2060 2700 2176 2726 diversa
2189 2696 2300 2732 judicia

1297 2755 1408 2779 remota
1423 2752 1590 2779 trahebant.
1608 2767 1639 2770 —
1657 2752 1742 2784 (neo.
1757 2750 1805 2783 18,
1825 2751 1845 2777 f.
1863 2750 1896 2777 85
1912 2752 1958 2782 v⁰;
1979 2757 2048 2776 ann.
2065 2748 2122 2781 IX,
2143 2756 2167 2774 c.
2183 2745 2249 2778 289;
2266 2759 2297 2763 —

1298 2800 1429 2827 Monimo
1447 2801 1526 2833 1190,
1545 2802 1564 2827 f.
1579 2800 1654 2832 168.)

1783 2542 1916 2575 Viterbe,
1930 2542 1964 2569 26
1980 2541 2137 2569 novembre
2151 2539 2228 2568 1235.

1340 2914 1351 2927 ι(
1373 2925 1392 2929 ..
1410 2902 1576 2931 8111011011.ςί
1594 2901 1837 2938 archiepiscopo,
1864 2905 1889 2928 ct
1912 2922 1929 2928 ..
1956 2899 2092 2928 Trecensi
2109 2902 2135 2926 ct
2152 2919 2172 2925 ..
2191 2896 2300 2932 Lingo-

1298 2955 1384 2982 nemsi
1400 2955 1554 2991 episeopis.
1573 2945 1847 2990 Significantitms
1863 2952 1976 2987 Bene„
1995 2950 2152 2981 Rainerio
2168 2948 2301 2979 Fiet-ea-
