2519 3518
105 267 140 297 21
951 265 1180 303 NEUVIEME
1201 266 1360 304 ANNEE.
2156 283 2192 312 22

105 333 206 362 etiam
239 334 405 363 sententia
435 334 542 365 felicis
576 337 814 367 recordationis
844 339 984 368 Ilonorii
1014 347 1109 375 pape,

103 385 350 423 predecessoris
372 386 488 419 nostri,
507 391 538 416 et
554 387 692 418 arbitrio
706 389 788 419 hone
802 391 959 420 memorie
972 390 1109 427 Pelagii,

104 436 307 467 Albanensis
331 438 487 476 episcopi,
513 448 611 477 super
633 440 724 470 mille
748 443 923 479 nongentis
946 443 1111 479 octoginta

104 489 253 528 quinque
278 489 374 519 libris
397 491 694 531 Pruvinien[sium]
722 494 858 524 Francie
887 504 923 524 ac
952 495 1111 533 (madrin-

104 541 214 580 gentis
230 546 261 571 et
277 542 389 572 decem
405 543 525 573 marcis
543 544 801 582 sterlinguorum
818 546 964 584 prolatis,
985 547 1110 576 instru-

103 594 226 624 mentis
247 603 394 633 quoque,
417 595 539 626 litteris
561 596 613 626 vel
636 598 768 635 seriptis
792 598 832 627 al)
853 599 964 628 eodem
985 598 1111 628 Mathia

103 649 218 675 contra
232 650 262 676 te
279 651 310 676 et
325 647 445 676 dictam
461 648 635 678 ecclesiam
653 650 865 680 Anieiensem
878 651 1032 681 obtentis.
1047 660 1110 689 que

103 699 216 728 omnia
238 699 386 736 prefatus
413 700 605 731 KVillelmus
628 702 662 731 in
686 702 818 732 modum
842 704 1109 733 recouvvnfionis

101 751 199 790 petiit
225 760 331 787 cassa,
359 752 455 782 irrita
485 757 515 782 et
545 754 679 784 inutilia
709 756 868 790 nuntiari,
897 765 933 785 ac
958 755 1109 793 pluribus

101 802 179 833 aliis
208 803 330 833 debitis
357 809 388 833 et
417 805 585 840 articulis,
619 816 728 836 coram
757 807 874 838 dilecto
904 808 972 837 filio
998 812 1110 837 nostro

103 855 312 894 S[inibaldo],
337 856 425 886 tituli
448 858 560 888 Sancti
582 859 754 889 Laurentii
777 860 811 889 in
833 861 960 890 Lucina
981 860 1110 898 presbi-

100 911 182 943 tero,
201 912 232 938 et
250 909 378 946 Egidio,
401 910 595 941 Sanctorum
613 912 730 942 Cosme
748 917 778 942 et
794 913 950 942 Damiani
972 913 1109 942 diacono

100 960 339 996 cardinalibus,
358 971 440 1000 quos
456 963 528 998 tibi,
547 964 650 994 frater
668 965 830 1003 episcope,
844 974 902 1003 pro
917 970 946 994 te
963 969 993 995 et
1009 965 1109 995 eccle-

100 1013 152 1044 sia
168 1017 239 1049 tua,
261 1022 297 1043 ex
315 1019 406 1051 parte
426 1024 506 1050 una,
529 1020 561 1046 et
583 1016 689 1046 eidem
706 1017 842 1052 Mathie,
860 1026 917 1055 pro
936 1026 970 1047 se
989 1021 1019 1047 et
1035 1026 1109 1055 pre-

99 1065 198 1095 dictis
218 1067 457 1097 mercatoribus
476 1068 698 1106 Papiensibus
716 1074 747 1099 et
766 1070 984 1105 Lucensibus,
1005 1079 1042 1099 ex
1062 1069 1109 1099 al-

99 1121 188 1153 tera,
208 1119 434 1149 concessimus
453 1120 640 1155 auditores,
663 1121 849 1150 adinvicem
870 1121 1081 1159 litigantibus
1101 1131 1107 1150 :

97 1170 212 1206 iidem,
235 1170 294 1200 lite
319 1180 429 1201 coram
451 1171 534 1210 ipsis
555 1181 573 1202 a
591 1177 802 1210 procuratore
827 1183 863 1203 ac
887 1173 1011 1203 Mathia
1034 1183 1109 1212 pre—

98 1223 196 1253 dictis
211 1223 360 1261 legitime
377 1228 571 1259 contestata,
593 1225 782 1264 juramento
803 1226 841 1256 de
863 1226 1053 1264 calumpnia
1068 1226 1108 1255 ab

96 1279 239 1315 utraque
254 1281 346 1314 parte
363 1277 511 1314 prestito,
533 1277 656 1307 auditis
678 1278 757 1308 hinc
782 1278 858 1308 inde
878 1279 1056 1317 propositis
1077 1283 1108 1308 et

97 1329 366 1359 confessionibus
383 1330 543 1367 partium,
571 1330 712 1368 cognitis
731 1340 829 1361 cause
846 1331 974 1361 meritis
992 1335 1022 1361 et
1038 1331 1107 1369 ple-

96 1381 176 1411 nius
194 1381 385 1417 intellectis,
402 1383 704 1420 pronuntiaverunt
727 1392 785 1421 per
804 1383 1014 1412 diffinitivam
1031 1391 1107 1413 sen-

97 1434 237 1464 tentiam
256 1443 371 1464 omnes
394 1434 534 1470 litteras,
555 1435 800 1471 instrumenta,
826 1435 967 1474 scripta,
996 1440 1107 1474 proto-

98 1486 183 1517 colla
203 1491 234 1517 et
257 1486 340 1517 alias
360 1487 574 1526 probationes
599 1497 662 1526 que
681 1493 795 1518 contra
823 1492 853 1518 te
881 1497 917 1518 ac
944 1489 1107 1527 prefatam

95 1539 313 1569 Aniciensem
334 1539 511 1570 ecclesiam
532 1549 631 1579 super
655 1541 813 1579 predictis
837 1541 958 1571 debitis
981 1544 1012 1570 et
1030 1540 1105 1571 aliis

94 1592 247 1622 articulis
264 1597 471 1631 apparerent,
488 1594 596 1629 irrita,
615 1603 708 1624 cassa
726 1599 757 1624 et
771 1593 916 1629 inutilia,
932 1594 1105 1633 etjuribus

93 1645 230 1675 omnino
256 1654 384 1681 carere;
411 1646 589 1684 presertim
614 1655 689 1676 cum
717 1646 886 1685 predictus
912 1646 1105 1676 Willelmus

90 1703 287 1737 procurator
309 1698 443 1728 solverit
473 1699 561 1737 apud
584 1699 764 1730 Perusium
789 1700 876 1736 [etc.,
904 1703 940 1728 ut
971 1700 1102 1737 supra¹,

92 1759 200 1790 usque
228 1752 249 1788 :]
274 1751 403 1789 integre
427 1752 637 1782 satisfactum
661 1752 768 1782 extitit
795 1756 825 1782 et
854 1751 1010 1781 solutum.
1035 1752 1103 1781 Nos

90 1803 198 1842 igitur
215 1804 416 1835 antedictam
434 1805 647 1841 sententiam,
667 1814 685 1835 a
703 1805 861 1844 predictis
877 1804 1103 1834 cardinalibus

94 1857 340 1888 rationabiliter
361 1857 619 1896 promulgatam,
645 1858 740 1897 cujus
768 1862 917 1887 tenorem
941 1857 981 1887 de
1003 1857 1102 1886 verbo

93 1910 136 1940 ad
160 1910 298 1940 verbum
317 1910 529 1948 presentibus
551 1910 693 1940 fecimus
713 1910 882 1945 annotari,
906 1909 1101 1940 auctoritate

92 1963 275 2002 apostolica
296 1964 532 1994 confirmamus
555 1968 586 1994 et
605 1964 771 2002 presentis
787 1963 902 2001 scripti
917 1962 1102 2001 patrocinio

93 2017 351 2047 communimus.
371 2017 474 2056 Cujus
494 2020 588 2047 tenor
604 2020 654 2047 est
668 2016 745 2046 talis
764 2026 770 2045 :

159 2202 300 2238 [2498]
615 2203 752 2235 Perouse‚
768 2203 802 2229 17
816 2202 932 2236 janvier
947 2201 1026 2229 1235.

124 2263 304 2300 [Sinibaldi‚
327 2265 410 2292 tituli
433 2265 538 2292 Sancti
560 2264 716 2292 Laurentii
738 2264 769 2290 in
793 2264 907 2291 Lucina
933 2263 1099 2298 presbyteri

86 2314 259 2348 cardinalis,
274 2316 303 2341 et
315 2314 445 2348 Aegidii,
459 2314 636 2341 Sanctorum
651 2314 775 2342 Cosmae
790 2315 818 2340 et
828 2313 969 2340 Damiani
981 2312 1098 2339 diaconi

88 2363 266 2396 cardinalis,
280 2363 382 2390 omnia
397 2363 598 2390 instrumenta
613 2371 687 2396 quae
702 2364 804 2388 contra
819 2361 1004 2388 Bernardum
1021 2361 1099 2395 epis-

87 2419 210 2445 copum,
226 2419 281 2438 nec
296 2420 354 2438 non
373 2413 401 2438 et
421 2411 576 2438 ecclesiam
593 2413 621 2438 et
637 2410 801 2445 capitulum
823 2410 1014 2442 Anieienses,
1031 2418 1098 2436 cuni

87 2467 175 2494 super
195 2459 320 2486 summis
336 2459 486 2486 Matthiae
508 2459 654 2487 Guidonis
674 2459 805 2486 Marron.
823 2460 852 2485 et
866 2458 934 2485 aliis
954 2460 1098 2484 mercato-

85 2507 168 2535 ribus
181 2508 218 2535 ab
228 2508 340 2535 eisdem
352 2507 472 2541 debitis,
487 2508 672 2535 satisfactum
688 2507 802 2539 fuisset,
816 2509 1002 2541 apparerent,
1017 2515 1099 2533 cassa

85 2565 148 2584 esse
163 2560 192 2584 et
204 2557 300 2591 irrita,
316 2560 344 2585 et
357 2558 494 2585 omnibus
509 2557 624 2591 juribus
638 2565 736 2583 carere
748 2556 1019 2590 pronuntiantium,
1033 2564 1097 2582 sen-

85 2607 199 2639 tentia;
215 2606 326 2633 inserto
346 2606 448 2633 libello
461 2606 640 2640 petitionum
653 2605 806 2631 willelmi
827 2604 863 2631 de
883 2604 991 2636 Podio,
1012 2611 1096 2638 prae-

84 2654 232 2682 dictorum
245 2655 455 2682 Aniciensium
470 2652 690 2689 procuratoris.]

125 2767 138 2781 «
164 2756 202 2785 In
228 2755 363 2785 nomine
388 2755 523 2785 Domini
548 2754 663 2784 Nostri
683 2753 790 2784 Jhesu
814 2752 951 2783 Christi.
976 2752 1093 2781 Amen.

84 2819 99 2835 »
122 2808 220 2838 Anno
236 2807 430 2838 Nativitatis
445 2807 593 2846 ejusdem
606 2805 870 2840 M⁰CC⁰XXXV⁰‚
883 2804 1094 2842 pontificatus

113 2925 136 2950 1.
155 2925 196 2950 Cf.
210 2933 307 2956 supra,
321 2931 350 2949 n⁹
365 2926 436 2955 2493,
453 2927 483 2949 in
497 2926 562 2954 fine.

1195 350 1209 364 »
1234 339 1358 368 domini
1387 341 1537 378 Gregorii
1568 353 1647 381 pape
1679 345 1775 373 VIIII
1804 353 1889 373 anno
1923 350 2055 375 octavo,
2087 347 2193 376 indic-

1195 401 1208 415 11
1235 391 1322 420 tione
1340 393 1429 422 VIII.
1448 402 1559 423 mcnsc
1573 395 1730 433 januarii.
1749 395 1800 425 die
1818 396 2192 429 xvll.C11rn‹10minus

1195 454 1208 468 11
1233 451 1315 480 papa
1330 452 1445 474 causas
1461 446 1530 475 sive
1547 448 1736 484 ‹pi-stiones
1753 457 1834 486 quas
1852 448 1993 477 Mathia<
2005 450 2192 489 Guidpnns]

1195 506 1208 519 11
1233 495 1390 529 Marma,
1411 497 1492 526 civis
1511 498 1697 533 Remmius,
1718 510 1772 536 pro
1789 509 1822 529 se
1846 505 1874 529 et
1893 501 2089 539 quibusdam
2107 512 2193 531 rner-

1194 558 1207 572 1>
1233 547 1399 577 catoribus
1419 549 1638 586 Papiensibus
1655 555 1685 580 vt
1703 552 1922 587 Lucensiltus,
1944 562 1981 582 ex
1999 562 2062 582 una
2082 559 2189 591 parte,

1194 610 1207 624 »
1233 603 1261 627 et
1280 600 1484 634 Bernartlus,
1505 603 1703 632 von-erabilis
1719 604 1908 633 „tuiciensis
1929 606 2117 643 episcopus,
2136 615 2194 644 pro

1194 663 1207 677 11
1231 660 1265 680 sc
1291 656 1319 681 et
1345 653 1483 682 ecclesia
1500 655 1768 689 stia,exalt-71·a.
1793 656 1957 686 habebant
1986 658 2190 694 adinvicem,

1194 714 1207 728 11
1234 704 1329 733 nobis
1346 705 1555 741 Signilatltlo.
1580 707 1665 736 tituli
1690 709 1800 737 Sans-ti
1826 709 1993 738 Laurentii
2011 711 2043 739 in
2068 711 2193 740 Lucina

1194 767 1206 781 n
1231 756 1428 793 presbitero,
1445 762 1475 787 et
1494 759 1625 795 ligidio.
1645 762 1837 789 Sanctorum
1855 762 1970 791 Cosme
1988 767 2014 791 <ft
2039 764 2193 792 Damiani

1194 819 1206 833 »
1232 807 1368 838 diacono
1392 810 1635 845 cardinalibus,
1663 812 1842 843 audiendas
1865 815 2065 843 conuniscrit
2087 819 2117 845 et
2139 824 2192 845 or-

1193 871 1206 885 11
1232 860 1307 890 dine
1325 861 1502 899 judiciario
1521 863 1698 897 liniendas,
1718 866 1874 902 porrectis
1892 867 2105 903 petitionibus
2123 868 2192 897 Ma-

1193 924 1206 939 »
1231 913 1342 952 th[ie],
1372 919 1438 943 tam
1468 920 1579 945 contra
1608 916 1714 955 ipsum
1746 918 1932 956 episcopum
1964 925 1993 949 et
2019 920 2192 950 ecclesiam

1193 977 1206 991 1)
1232 975 1329 1004 quam
1349 971 1461 996 contra
1477 968 1682 998 XVillelmum
1700 969 1737 997 de
1756 970 1864 1000 Potlio.
1884 976 2126 1008 procuratorem
2142 972 2192 1010 ip-

1232 1027 1354 1053 sorum,
1371 1024 1401 1049 et
1416 1019 1485 1049 litis
1499 1022 1736 1051 contestatione
1751 1032 1807 1060 pro
1826 1023 1946 1053 eisdem
1965 1029 2086 1054 sut-uta.
2106 1024 2192 1054 idem

1231 1071 1422 1101 &Villelmus
1449 1073 1482 1101 111
1505 1073 1687 1103 continenti
1713 1075 1745 1103 111
1771 1075 1900 1104 modum
1927 1077 2191 1106 reconventionis

1231 1128 1342 1153 contra
1374 1124 1482 1161 ipsura
1513 1125 1670 1155 Mathiam
1700 1135 1808 1155 coram
1836 1128 1928 1157 nobis
1958 1129 2127 1166 proposuit
2155 1129 2189 1158 in

1230 1175 1318 1205 hunc
1338 1177 1470 1206 modum
1486 1187 1492 1205 2

1262 1380 1401 1416 [μων]

1227 1442 1370 1478 [Libellus
1385 1444 1536 1470 wilielmi
1559 1445 1594 1471 de
1610 1444 1717 1475 Podi0‚
1740 1445 1933 1478 procuratoris
1953 1444 2079 1478 episcopi
2096 1449 2123 1471 et
2144 1453 2191 1472 ec-

1190 1493 1297 1519 clesiae
1318 1493 1540 1526 Aniciensium,
1566 1502 1621 1527 quo
1647 1493 1721 1527 petit
1745 1493 1845 1520 omnia
1867 1494 2063 1520 instrumenta
2085 1494 2190 1527 quibus

1189 1541 1335 1568 Matthias
1350 1541 1494 1568 Guidonis
1510 1542 1640 1568 Marron.
1657 1545 1684 1568 et
1698 1542 1750 1568 alii
1769 1545 1941 1568 mercatores
1954 1541 1982 1567 111
1995 1550 2079 1567 causa
2091 1545 2191 1568 contra

1190 1590 1306 1617 eosdem
1323 1589 1497 1616 Anicienses
1512 1590 1555 1616 usi
1569 1591 1695 1622 fuerant,
1710 1598 1790 1616 cassa
1804 1592 1832 1616 et
1847 1589 1929 1616 irrita
1947 1588 2151 1624 pronuntiari.]

1230 1710 1242 1724 «
1270 1698 1336 1735 Ego
1363 1697 1555 1727 XYillelmus
1584 1697 1622 1727 de
1648 1697 1768 1729 Pollio,
1797 1701 1988 1734 procurator
2014 1696 2191 1729 Bernardi,

1189 1762 1202 1777 «
1229 1750 1388 1787 episcopi,
1408 1754 1437 1779 et
1462 1749 1599 1779 ecclesie
1622 1749 1827 1784 Aniciensis,
1851 1753 1941 1786 peto,
1964 1749 2094 1778 nomine
2113 1749 2190 1777 dicti

1189 1815 1202 1830 ιι
1228 1802 1373 1841 episcopi
1396 1807 1425 1832 et
1450 1802 1603 1836 ecclesie,
1625 1801 1770 1840 quinque
1798 1801 1889 1839 paria
1914 1801 2097 1830 litterarum
2126 1801 2191 1830 Ro-

1189 1867 1202 1882 «
1226 1855 1323 1889 berti,
1340 1855 1505 1893 quondam
1521 1854 1711 1883 Aniciensis
1727 1854 1870 1891 episcopi
1885 1853 1934 1882 vel
1948 1853 2042 1882 electi
2056 1863 2062 1881 ε
2078 1862 2188 1885 unam,

1189 1921 1202 1935 α
1228 1917 1285 1946 per
1302 1917 1400 1946 quam
1417 1908 1451 1936 in
1469 1908 1625 1937 trecentis
1643 1912 1673 1937 et
1693 1907 1934 1945 quinquaginta
1951 1906 2060 1941 libris3
2079 1906 2188 1936 aliam.

1187 1973 1201 1988 «
1225 1970 1284 1999 per
1313 1969 1412 1999 quam
1440 1960 1474 1989 in
1499 1960 1589 1990 mille
1618 1960 1768 1989 ducentis
1792 1959 1904 1993 libris,
1929 1964 1959 1988 et
1986 1959 2102 1988 aliam,
2134 1967 2190 1996 per

1188 2026 1201 2041 (1
1227 2022 1326 2052 quam
1343 2013 1379 2042 in
1396 2013 1648 2052 quadringentis
1665 2012 1775 2047 litu—153
1791 2012 1870 2041 item
1887 2011 1999 2040 aliam.
2018 2020 2074 2048 per
2091 2019 2188 2049 quam

1187 2079 1200 2094 «
1225 2068 1260 2097 in
1284 2067 1419 2104 triginta
1446 2066 1592 2104 quinque
1617 2065 1730 2100 libris,
1755 2069 1785 2094 et
1807 2064 1925 2099 aliam,
1950 2073 2007 2102 per
2033 2072 2130 2102 quam
2153 2063 2187 2092 in

1187 2132 1201 2147 ιι
1226 2119 1377 2149 ducentis
1392 2119 1487 2148 libris
1504 2119 1614 2147 minus
1630 2121 1719 2152 octo;

1226 2185 1239 2199 «
1261 2171 1409 2202 Alteram
1437 2171 1573 2209 insuper
1600 2170 1683 2199 bone
1710 2169 1868 2199 memorie
1894 2168 2069 2206 Stephani,
2100 2167 2188 2197 tituli

1185 2237 1198 2252 α
1222 2225 1360 2255 basilice
1382 2224 1563 2254 Duodecim
1588 2222 1819 2261 Apostolorum
1839 2221 2014 2260 presbiteri
2037 2220 2188 2250 cardina-

1185 2290 1199 2305 «
1222 2277 1285 2313 lis,
1310 2287 1369 2315 per
1396 2286 1494 2316 quani
1517 2277 1551 2306 in
1578 2276 1669 2306 mille
1695 2275 1845 2305 ducentis
1868 2274 1962 2304 libris
1986 2274 2188 2304 Provenien-

1185 2342 1198 2357 «
1224 2331 1333 2368 [sium]
1347 2329 1502 2364 Francie,

1224 2395 1237 2410 «
1256 2384 1339 2413 Item
1355 2391 1468 2412 omnes
1487 2381 1569 2411 alias
1584 2381 1764 2418 scripturas
1781 2384 1811 2409 et
1827 2379 1937 2408 omnia
1953 2379 2183 2410 instrumenta,

1220 2445 1279 2475 per
1302 2445 1365 2475 que
1387 2435 1438 2465 vel
1463 2444 1520 2473 per
1543 2443 1624 2473 quas
1647 2428 1753 2463 dictus
1775 2432 1937 2462 Robertus
1958 2430 2113 2468 obligavit
2134 2429 2185 2459 vel

1221 2489 1352 2519 videtur
1367 2488 1531 2525 obligasse
1546 2487 1733 2524 episcopum
1747 2489 1775 2515 et
1789 2484 1960 2514 ecclesiam
1973 2485 1996 2512 Α
2004 2483 2184 2512 niciensem

1221 2541 1329 2581 ipsi[s]
1355 2541 1499 2575 Mathie,
1520 2539 1689 2569 Leonardo
1711 2543 1740 2567 et
1759 2537 1922 2575 quondam
1942 2535 2110 2574 Guidpmi]
2127 2533 2184 2563 Al-

1220 2595 1348 2625 berucii
1362 2593 1531 2626 fratribus,
1549 2592 1676 2622 civibus
1694 2589 1924 2628 Papiensibus.
1942 2587 2086 2618 ι1011011111
2102 2586 2184 2616 Vul-

1218 2647 1298 2686 pelli
1323 2651 1353 2677 et
1380 2646 1553 2676 Frederico
1582 2644 1717 2681 Gangii.
1747 2642 1873 2672 civibus
1902 2640 2124 2670 Luci-usibus.
2152 2643 2181 2667 et

1220 2709 1333 2731 eorum
1362 2699 1557 2728 heredibus.
1582 2706 1599 2726 a
1622 2696 1742 2735 quibus
1772 2694 1877 2722 dictus
1902 2692 2043 2721 Mathias
2068 2695 2179 2720 contra

1219 2753 1342 2782 dictum
1364 2752 1552 2789 episcopum
1569 2753 1598 2778 et
1618 2747 1789 2777 ecclesiam
1814 2744 2011 2774 constitutus
2028 2743 2088 2771 suit
2106 2751 2180 2780 pro-

1180 2818 1193 2833 2
1181 2766 1194 2781 Ω
1181 2714 1195 2728 Α
1181 2661 1195 2675 ι’-Ι
1182 2608 1195 2622 Ω
1182 2555 1196 2570 ἢ
1183 2502 1196 2517 ἢ
1183 2449 1197 2464 2

1218 2810 1348 2835 curator
1362 2814 1367 2839 ς

1220 2870 1232 2885 α
1262 2859 1345 2887 Item
1366 2856 1424 2885 illa
1445 2855 1564 2892 scripta
1582 2852 1631 2882 vel
1657 2852 1893 2882 instrumenta,
1913 2856 1969 2885 per
1987 2855 2049 2885 que
2070 2846 2179 2875 dictus

1180 2924 1193 2938 «
1218 2910 1361 2940 Mathias
1380 2909 1487 2938 factus
1502 2907 1564 2936 fuit
1586 2907 1775 2943 procurator
1800 2900 1850 2930 vel
1873 2908 2102 2938 quamcunque
2126 2907 2180 2928 re-
