2423 3487
163 289 228 317 ιω
879 281 1116 312 nnoisrasss
1139 279 1193 308 DE
1217 271 1438 308 (inmotae
1464 280 1521 308 ix.
2176 278 2248 306 1‘25‘2

159 360 284 382 laneus.
308 362 369 381 non
389 357 531 385 coactus,
550 356 641 388 prout
660 351 764 388 ipsam
788 353 905 385 gerunt
924 348 981 377 alii
1003 345 1155 376 catholici

156 405 210 443 qui
227 405 264 433 ad
278 405 375 433 Terre
393 404 509 433 Sancte
525 402 711 431 subsidium
725 401 909 429 voluntarie
922 409 955 429 se
968 399 1155 435 accingunt.

156 456 194 485 asl
212 461 318 493 partes
336 455 409 484 illas
428 464 499 483 cum
515 454 590 483 aliis
604 453 770 482 nobilibus
789 451 1044 489 magnanimiter
1056 450 1089 478 in
1104 459 1158 485 ge—

158 508 259 537 nerali
278 508 429 545 passas-*io
451 507 651 536 transiturus
666 515 701 534 ac
716 509 903 534 moraturus
922 504 1055 533 ibidem.
1073 503 1156 531 sicut

155 561 183 590 ei
202 561 361 589 Dominus
378 559 566 597 inspirabit,
591 559 661 596 ejus
678 558 711 586 in
734 557 792 586 hac
812 561 902 594 parte
919 556 1082 586 desiderio
1100 564 1158 584 an-

156 622 255 642 nuere
277 620 479 641 curaremus.
507 611 708 641 Carissimus
736 618 865 648 quoque
890 609 978 638 filius
1001 612 1112 637 noster
1138 631 1156 636 ..

153 675 209 695 rex
235 666 433 694 Francorum
463 664 604 693 illustris
626 672 682 701 pro
706 663 818 692 eodem
841 662 958 691 comite
984 661 1079 690 nohis
1104 669 1159 698 per

155 718 376 748 venerabilem
394 718 529 746 fratrem
548 722 696 746 nostrum
717 739 735 744 ..
754 715 1059 746 Claromontensem
1077 714 1159 751 epis-

155 780 268 808 copum
291 771 366 799 fecit
388 769 626 799 nichilominus
645 768 823 806 supplicari
841 772 874 796 ut
892 767 1000 804 ipsum
1020 766 1160 795 habere-

156 832 227 852 mus
251 823 283 851 in
308 823 377 851 suis
398 822 499 859 justis
528 820 743 858 petitionibus
770 819 1046 848 commendatum.
1070 818 1159 847 Licet

156 876 256 912 igitur
273 875 377 904 eidem
396 874 473 909 ref-ri.
501 882 597 911 quem
624 873 711 902 inter
732 877 857 901 ceteros
879 872 968 901 orbis
994 871 1160 909 principes

156 927 356 957 sinceritatis
376 926 521 955 tim-hiis
548 925 783 964 amplexamur.
809 926 842 953 in
861 924 926 954 hiis
948 933 1010 963 que
1028 934 1044 953 a
1066 923 1160 953 nobis

152 981 239 1019 juste
254 980 380 1009 duxerit
398 979 603 1017 postulanda,
622 979 766 1007 favorem
777 977 916 1007 velimus
932 976 1159 1014 apostolicum.

943 1030 1021 1068 quia
1052 1034 1160 1058 tamen

156 1086 241 1115 idem
255 1094 363 1115 comes
380 1086 569 1119 Dominum.
587 1084 768 1114 Ecclesiam
781 1088 809 1113 et
830 1083 1071 1113 ecclesiasticas
1089 1091 1162 1120 per-

157 1038 314 1071 quantum
339 1041 412 1061 cum
431 1034 497 1061 Deo
514 1040 706 1070 possumus.
731 1031 894 1068 impertiri
915 1040 920 1058 z

156 1147 252 1168 sonas
270 1148 305 1167 ac
323 1137 581 1167 ecclesiasticam
597 1137 783 1166 libertatem
798 1136 965 1165 multoties
979 1140 1007 1164 ct
1026 1135 1058 1163 in
1076 1134 1162 1164 niul-

159 1192 198 1220 tis
214 1191 360 1219 noscitur
374 1190 518 1227 graviter
530 1188 719 1219 offendisse.
736 1194 866 1227 propter
882 1189 966 1226 quod
985 1187 1161 1225 multiplici

156 1243 505 1273 excommunicationis
524 1242 655 1271 vinculo
672 1247 719 1271 est
739 1242 905 1271 astrictus.
928 1242 973 1271 sic
993 1246 1057 1270 tam
1074 1241 1162 1278 regis

157 1306 254 1335 quam
287 1296 417 1325 comitis
448 1296 668 1334 predictormn
695 1294 991 1332 supplicationibus
1016 1303 1162 1324 annuere

158 1359 216 1379 nos
228 1354 364 1387 oportet.
379 1358 417 1378 ne
432 1349 633 1378 dissolvatur
650 1349 783 1377 omnino
802 1357 922 1377 nervus
940 1347 1163 1377 ecclesiastice

157 1402 342 1440 discipline.
362 1403 503 1440 Ideoque
527 1402 721 1431 mandamus
743 1407 916 1440 quatenus.
937 1401 964 1429 si
984 1401 1091 1430 dictus
1110 1409 1164 1430 co-

157 1465 225 1485 mes
246 1456 367 1485 nostris
387 1460 416 1485 et
434 1455 579 1485 Ecclesie
599 1456 745 1484 Romane
766 1454 982 1492 beneplacitis
1002 1454 1111 1484 taliter
1129 1463 1163 1484 se

157 1513 294 1546 coaptet.
313 1513 341 1538 et
365 1509 398 1537 in
418 1518 455 1538 eo
478 1509 571 1545 signa
597 1508 781 1537 devotionis
801 1512 977 1545 appareant
999 1508 1078 1536 adeo
1094 1516 1165 1536 ma-

157 1561 288 1591 nifesta.
307 1561 391 1599 quod
407 1570 440 1590 se
459 1560 643 1598 Apostolice
662 1560 756 1590 Sedis
772 1561 875 1598 gratia
893 1561 1011 1589 merito
1027 1560 1164 1597 dignum

156 1614 277 1649 reddat,
303 1614 385 1643 sicut
403 1623 458 1651 per
480 1614 609 1643 eosdem
632 1614 766 1643 nuntios
785 1613 902 1642 obtulit
921 1622 954 1642 se
976 1614 1162 1642 facturum:

158 1671 330 1705 postquam
358 1676 414 1704 per
440 1671 480 1698 te,
509 1666 561 1695 cui
588 1666 829 1695 ahsolutionem
852 1666 958 1703 ipsius
986 1665 1165 1695 committi-

157 1727 240 1753 muS.
258 1719 348 1756 juxta
367 1719 505 1747 sormam
531 1718 590 1746 tibi
618 1718 771 1747 traditam
795 1719 891 1747 fuerit
911 1718 1094 1748 absolutus.
1113 1727 1165 1747 re-

154 1776 249 1809 cepta
279 1781 335 1809 per
365 1771 505 1801 eundem
536 1780 658 1809 regem.
687 1771 725 1800 de
755 1771 895 1801 consilio
923 1771 1165 1801 venerabilium

156 1825 294 1853 fratrum
317 1828 501 1853 nostrorum
530 1847 548 1852 ..
573 1824 777 1853 Senonensis
796 1829 824 1852 ‹·t
848 1847 866 1852 ..
884 1823 1165 1861 Rothomagensis

156 1876 491 1914 arcliiepist‘t'iporum.
510 1876 631 1914 quibus
652 1885 749 1914 super
766 1876 826 1906 hoc
843 1877 965 1914 scripta
982 1882 1095 1906 nostra
1114 1876 1164 1905 di-

157 1929 307 1966 rigimus,
337 1935 444 1967 preter
462 1929 658 1968 juratoriam
682 1929 861 1958 sufficienti
887 1934 916 1959 et
945 1929 1063 1959 idonea
1087 1938 1165 1958 cau-

159 1982 258 2011 tione.
291 1982 376 2020 quod
403 1982 437 2010 in
463 1982 610 2019 proximo
637 1981 784 2019 generali
812 1982 965 2019 passagio
989 1991 1063 2011 cum
1091 1982 1166 2011 aliis

160 2034 436 2063 Ultramontanis.
456 2034 549 2072 juxta
565 2043 622 2063 sue
646 2033 830 2063 nobilitatis
846 2034 1038 2072 potentiam.
1059 2039 1167 2064 trans—

159 2088 301 2116 fretabit.
320 2088 353 2116 in
379 2087 537 2126 obsequio
555 2087 639 2117 dicte
658 2088 757 2117 Terre
782 2096 838 2125 per
860 2088 1042 2117 triennium
1060 2097 1167 2118 mora-

160 2145 262 2175 turus,
296 2140 454 2170 redeundi
473 2146 589 2169 extunc
605 2140 773 2170 licentiam
792 2141 995 2178 presentium
1014 2141 1077 2170 sibi
1095 2150 1168 2171 auc-

161 2193 289 2221 toritate
304 2193 474 2227 concedas,
491 2193 535 2221 ita
552 2192 705 2222 videlicet
721 2193 817 2231 quod.
834 2194 861 2222 si
879 2198 992 2223 contra
1007 2194 1168 2231 premissa

161 2246 297 2274 venerit.
318 2246 351 2274 in
370 2245 460 2275 nullo
476 2246 539 2274 sibi
558 2254 713 2275 concessa
730 2246 865 2275 licentia
881 2247 1092 2283 suffragetur.
1112 2247 1168 2276 sed

162 2307 217 2335 pro
234 2298 427 2327 inconcessa
452 2299 558 2336 pomus
584 2298 755 2327 habeatur.
774 2300 848 2328 Dat.
867 2300 1033 2329 Laterani.
1051 2300 1078 2328 V
1094 2299 1168 2328 idus

157 2350 254 2389 junii,
276 2359 361 2379 anno
378 2351 603 2380 duodecimo¹.
626 2364 637 2376 »

230 2561 346 2590 4⁷62

200 2624 306 2657 Regem
323 2624 500 2649 Francorum
514 2625 549 2650 (le
563 2625 806 2658 praecedentibus
823 2625 941 2656 litteris,
954 2625 989 2651 ad
1003 2625 1170 2659 episcopum

166 2672 393 2697 Praenestinum
425 2672 557 2704 directis,
587 2673 640 2699 sub
670 2681 791 2699 numero
818 2674 883 2699 4761
911 2673 1031 2702 notatis.
1060 2680 1170 2700 certum

168 2719 249 2751 tacit,
266 2728 391 2753 eumque
407 2724 487 2753 rogat
511 2724 538 2747 et
560 2726 656 2747 monet
681 2725 824 2755 quatenus
845 2721 1038 2748 sufficientem
1059 2730 1073 2748 a
1090 2730 1174 2755 prae-

166 2769 246 2794 dicto
273 2769 380 2795 comite
404 2769 569 2796 Tholosano
596 2770 761 2796 cautionem
796 2770 930 2803 recipiat.
955 2785 987 2787 —
1017 2771 1103 2800 (lim.
1130 2771 1174 2802 19,

776 2564 896 2590 Latran.
912 2564 927 2589 8
941 2564 1003 2596 juin
1021 2564 1099 2590 1238.

199 2895 217 2917 l.
236 2894 274 2917 La
292 2895 354 2918 date
376 2896 409 2918 de
431 2901 502 2919 cette
529 2897 604 2926 piece
626 2904 660 2920 ne
682 2902 758 2926 porte
783 2904 829 2927 pas
851 2897 884 2920 de
905 2900 993 2920 traces
1014 2897 1047 2920 ile
1068 2897 1174 2920 modifi-

167 2943 283 2963 canons,

1240 345 1260 370 f.
1275 344 1377 379 80[74]
1395 348 1437 376 x·⁰;
1454 348 1512 377 pose
1527 353 1597 372 ann.
1619 345 1687 372 XII.
1704 353 1729 371 c.
1752 344 1818 375 419;
1842 359 1875 362 —
1897 344 2030 371 Monens
2050 344 2129 375 1192,
2152 345 2172 370 f.
2193 344 2247 375 51;

1240 393 1318 425 aaa„
1337 393 1446 423 t.107.)

1282 507 1294 519 «
1318 517 1336 523 ..
1357 495 1474 522 illustri
1492 495 1553 530 reyz'
1577 495 1777 522 Francorwn.
1800 492 1996 523 Constantia
2018 492 2203 522 devotionis
2220 496 2252 522 et

1241 547 1335 576 tidei¹
1356 555 1453 584 quam
1472 546 1698 584 progenitores
1723 550 1796 575 tuos
1821 554 1898 583 erga
1919 546 2169 575 Sacrosanctam
2189 546 2250 575 Ro—

1242 608 1373 628 manam
1390 599 1572 629 Ecclesiam
1588 599 1747 628 habuisse
1764 607 1801 628 ac
1821 603 1851 628 te
1867 598 1976 636 ipsum
1995 598 2117 628 habere
2133 598 2252 627 didici-

1242 660 1326 686 mus,
1351 651 1383 680 in
1412 660 1449 681 eo
1475 660 1533 681 nos
1555 651 1727 681 constituit
1754 651 1920 689 proposito
1945 650 2142 685 voluntatis,
2163 650 2250 680 utin

1242 704 1309 733 hiis
1328 713 1392 742 que
1409 714 1426 733 a
1444 704 1540 733 nobis
1559 704 1715 734 duxeris²
1733 703 1941 742 postulanda.
1961 703 2031 738 tibi,
2051 712 2149 742 quem
2165 703 2253 733 inter

1243 762 1368 786 ceteros
1391 766 1484 794 reges
1507 756 1688 786 catholicos
1712 761 1743 786 et
1768 756 1934 794 principes
1956 756 2157 786 christianos
2182 757 2253 786 sin-

1243 819 1317 839 cera
1341 809 1374 838 in
1402 809 1543 839 Domino
1567 809 1704 839 caritate
1728 809 1914 847 diligimus,
1940 809 2086 839 favorem
2111 809 2253 840 velimus

1244 862 1461 900 apostolicum
1489 862 1669 900 impertiri3
1700 862 1757 892 sed
1787 865 1817 891 et
1849 866 1904 891 tua
1936 861 2143 892 sublimitas.
2168 862 2255 892 sieut

1244 914 1421 944 credimus.
1437 923 1502 943 non
1512 914 1643 951 ignorat
1657 914 1744 952 quod
1756 919 1878 952 quanto
1892 914 2093 943 universalis
2107 914 2254 944 Ecclesie

1244 967 1433 996 sollicitudo
1444 966 1662 1005 principalius
1682 966 1777 996 nobis
1794 967 1959 1002 imminet,
1974 971 2065 996 tanto
2083 967 2121 997 de
2136 967 2255 997 hones—

1246 1023 1310 1048 tate
1322 1018 1429 1056 ipsius
1442 1022 1594 1048 tenemur
1606 1018 1784 1048 sollicitius
1798 1018 1953 1055 cogitare,
1971 1028 2010 1048 ne
2023 1028 2080 1057 per
2090 1019 2254 1049 incuriam

1246 1076 1391 1101 nostram
1416 1071 1466 1101 vel
1492 1071 1730 1109 negligentiam
1749 1076 1858 1101 notam
1878 1071 2020 1109 alicujus
2041 1072 2256 1102 detractionis

1245 1125 1406 1154 incurrat.
1433 1124 1523 1154 Licet
1546 1129 1656 1154 autem
1683 1124 1778 1154 nobis
1804 1133 1859 1162 pro
1883 1124 1987 1154 nobili
2012 1125 2082 1154 viro
2100 1125 2257 1155 ..comite

1245 1177 1407 1207 Tolosano
1427 1186 1484 1215 per
1509 1177 1733 1207 venerabilem
1758 1177 1894 1206 fratrem
1919 1182 2068 1206 nostrum
2096 1201 2116 1206 ..
2143 1177 2257 1208 Claro-

1247 1235 1453 1259 montensem
1473 1230 1662 1268 episcopum
1681 1240 1696 1259 a
1715 1230 1810 1259 nobis
1827 1230 1946 1260 feceris
1965 1230 2136 1268 postulari.
2154 1235 2189 1260 ut
2206 1230 2258 1268 ip-

1247 1293 1320 1313 sum
1334 1283 1535 1313 haberemus
1554 1283 1588 1312 in
1611 1283 1682 1313 suis
1696 1283 1796 1322 justis
1814 1283 2031 1321 petitionibus
2048 1283 2258 1314 commenda—

1247 1341 1333 1366 tum:
1356 1337 1435 1375 quia
1452 1341 1561 1366 tamen
1575 1336 1662 1365 idem
1675 1345 1783 1366 comes
1801 1340 1875 1370 etc..
1892 1345 2015 1374 usque:
2033 1336 2257 1366 ecclesiastice

1247 1389 1435 1427 discipline.
1457 1389 1536 1419 Tuis
1557 1389 1660 1427 igitur
1685 1388 1976 1427 postulationibus,
1999 1393 2159 1427 quantum
2184 1398 2256 1419 cum

1247 1443 1314 1472 Deo
1334 1451 1521 1480 possumus,
1545 1446 1743 1478 annuentes.
1768 1441 1964 1480 [venerabili
1986 1441 2083 1471 fratri
2105 1446 2216 1472 nostro
2238 1464 2257 1471 ..

1248 1496 1399 1533 episcopo
1424 1495 1634 1531 Pcnestrino,
1654 1494 1841 1533 Apostolice
1861 1494 1956 1524 Sedis
1973 1494 2125 1534 legato³.]
2143 1495 2259 1526 damus

1249 1549 1372 1578 nostris
1388 1548 1510 1578 litteris
1526 1548 1561 1577 in
1581 1547 1747 1577 mandatis
1765 1551 1810 1581 ut.
1831 1547 1859 1577 si
1879 1547 1987 1577 dictus
2010 1556 2119 1577 comes
2137 1548 2260 1578 nostris

1248 1607 1277 1632 et
1299 1602 1447 1632 Ecclesie
1468 1603 1615 1632 Romane
1639 1601 1858 1639 beneplacitis
1877 1606 1951 1637 etc.‚
1974 1607 2009 1631 ut
2027 1611 2135 1640 supra,
2155 1612 2261 1641 usque

1248 1655 1282 1684 in
1299 1656 1409 1690 finem,
1427 1655 1536 1684 verbis
1554 1659 1778 1693 competenter
1794 1655 1941 1684 mutatis
1959 1655 2045 1691 Quia
2063 1664 2140 1685 vero
2156 1656 2261 1685 firmi-

1249 1713 1297 1738 ter
1322 1708 1499 1738 credimus.
1523 1708 1624 1737 immo
1651 1707 1815 1745 probabili
1838 1708 2085 1746 presumptione
2112 1713 2261 1739 tenemus.

1249 1761 1336 1800 quod
1358 1761 1455 1800 quasi
1474 1761 1548 1799 jure
1567 1760 1770 1790 hereditario
1788 1764 1817 1790 te
1836 1760 1939 1798 tangit
1958 1760 2083 1799 injuria
2099 1761 2260 1798 crucifixi,

1250 1814 1373 1851 regiam
1397 1813 1627 1843 excellentiam
1649 1822 1816 1851 rogamus.
1841 1822 2014 1843 monemus
2036 1818 2067 1843 et
2091 1813 2262 1844 hortamur

1250 1868 1283 1897 in
1306 1868 1457 1902 Domino.
1477 1872 1641 1906 quatenus
1670 1871 1735 1896 tam
1760 1867 1979 1896 sufficientem
2009 1871 2040 1897 et
2064 1867 2217 1897 idoneam
2243 1877 2262 1897 a

1250 1921 1336 1950 dicto
1353 1921 1470 1950 comite
1490 1920 1632 1958 recipias
1648 1920 1846 1955 cautionem,
1867 1920 1952 1958 quod
1974 1921 2042 1950 Deo
2061 1925 2091 1950 et
2116 1920 2262 1950 Ecclesie

1251 1974 1442 2004 nullatenus
1459 1973 1630 2003 illudatur.
1646 1974 1720 2003 Dat.
1736 1973 1901 2007 Laterani,
1919 1973 1963 2003 VI
1976 1973 2160 2012 idusjunii,
2175 1982 2262 2003 anno

1250 2027 1475 2056 duodecinio⁴.
1497 2039 1509 2052 »

1320 2212 1439 2240 4583
1867 2212 1989 2242 Latran,
2003 2212 2019 2238 4
2034 2211 2098 2245 juin
2111 2211 2190 2238 1238.

1287 2276 1390 2303 Eidem
1401 2276 1549 2309 significat
1561 2284 1602 2307 se,
1613 2276 1699 2309 juxta
1712 2275 1775 2309 ejus
1787 2283 1896 2309 preces,
1912 2274 2106 2301 Praenestino
2116 2273 2264 2307 episeopo,

1250 2324 1439 2358 Apostolicae
1456 2324 1542 2351 Sedis
1558 2325 1663 2357 legato,
1679 2323 1733 2350 sub
1749 2328 1827 2350 certa
1840 2324 1933 2350 forma
1944 2322 2159 2350 absolutionem
2175 2320 2265 2356 [Ray-

1253 2373 1357 2400 mundi
1371 2371 1450 2407 V11],
1463 2373 1582 2399 comitis
1595 2372 1767 2403 Tholosani,
1784 2371 1980 2403 commisisse,
1997 2379 2123 2404 eumque
2139 2373 2220 2404 rogat
2236 2372 2265 2396 et

1254 2423 1386 2448 hortatur
1406 2426 1551 2455 quatenus
1574 2421 1610 2448 ab
1630 2421 1730 2448 eodem
1753 2420 1861 2447 comite
1879 2419 2073 2446 sufficientem
2097 2419 2264 2445 cautionem

1253 2470 1388 2504 recipiat,
1410 2470 1486 2504 quod
1504 2470 1534 2497 in
1555 2470 1689 2504 proximo
1705 2469 1834 2503 generali
1853 2468 1985 2503 passagio
1999 2476 2065 2494 cum
2083 2467 2151 2494 aliis
2163 2467 2266 2494 Ultra-

1255 2518 1404 2545 montanis
1419 2518 1635 2545 transfretabit.
1652 2518 1683 2544 in
1698 2517 1837 2551 obsequio
1852 2517 1958 2543 Terrae
1969 2516 2096 2543 Sanctae
2112 2523 2163 2550 per
2177 2515 2267 2542 trien-

1254 2567 1337 2593 nium
1365 2570 1542 2593 moratur-us.
1568 2581 1599 2584 —
1624 2567 1712 2597 (Res.
1734 2565 1778 2598 19,
1800 2566 1820 2592 f.
1843 2565 1873 2591 81
1897 2563 1953 2599 [75]
1971 2567 2012 2596 r⁰;
2031 2566 2087 2597 post
2108 2572 2178 2590 ann.
2197 2563 2266 2595 XII,

1289 2681 1308 2703 l.
1325 2680 1364 2703 En
1381 2687 1472 2710 marge
1491 2684 1518 2703 et
1538 2687 1572 2703 en
1590 2681 1645 2703 tete
1666 2679 1699 2702 de
1715 2682 1787 2702 cette
1808 2679 1890 2706 bulte,
1911 2684 2016 2701 comme
2032 2684 2065 2700 en
2082 2684 2174 2707 margo
2190 2680 2217 2700 et
2234 2683 2268 2699 en

1257 2724 1310 2747 tete
1328 2724 1361 2747 de
1377 2724 1402 2747 la
1417 2723 1592 2754 precedente,
1608 2730 1643 2747 on
1659 2724 1689 2746 lit
1709 2730 1714 2746 :
1733 2731 1744 2745 (ι
1758 2721 1820 2746 Non
1835 2722 1973 2745 transivit.
1991 2729 2002 2744 ι)

1287 2768 1310 2791 Q,
1326 2770 1395 2792 Με.;
1412 2768 1533 2796 duxerit,
1550 2768 1657 2797 change}
1673 2774 1708 2790 en
1728 2766 1850 2790 duxeris.

1288 2812 1309 2835 3.
1328 2811 1365 2835 Le
1382 2813 1502 2835 membre
1517 2812 1550 2835 de
1566 2812 1666 2842 phrase
1678 2817 1731 2841 que
1745 2817 1816 2834 nous
1829 2810 1991 2840 imprimons
2003 2812 2080 2832 entre
2094 2808 2221 2832 croehets
2233 2807 2268 2838 [],

1257 2863 1271 2878 a
1287 2855 1339 2883 ete,
1355 2856 1423 2879 dans
1438 2856 1462 2880 le
1477 2857 1609 2886 Reqistre,
1627 2855 1719 2885 ajoute
1734 2862 1767 2878 en
1783 2861 1884 2884 marge.

1288 2900 1310 2922 4.
1334 2900 1371 2923 La
1387 2900 1449 2923 date
1472 2900 1505 2923 de
1529 2903 1600 2923 cette
1619 2899 1695 2929 piece
1718 2905 1752 2922 ne
1775 2901 1854 2928 porte
1872 2903 1920 2927 pas
1945 2896 1978 2919 de
1997 2900 2086 2919 traces
2107 2895 2140 2919 de
2161 2895 2269 2919 modifi-

1258 2944 1373 2967 cations.
