2423 3487
186 279 243 309 399
910 272 1149 304 REGISTRES
1171 272 1226 301 DE
1248 264 1471 302 GREGOIRE
1494 273 1553 303 lx.
2225 274 2285 304 400

258 344 376 372 3165

223 406 333 433 Abbati
355 405 527 431 monasterii
552 404 654 430 Sancti
676 403 823 435 Facundi,
847 403 960 429 ordinis
982 401 1077 428 sancti
1098 401 1193 427 Beue-

189 455 272 486 dicti,
290 453 480 487 Legiouensis
494 452 646 483 dioecesis,
662 452 796 485 indulget
807 454 850 483 ut,
863 466 894 469 —
907 457 973 477 eum
985 459 1002 477 a
1015 450 1089 477 Sede
1102 450 1193 483 Apos—

189 503 277 529 tolica
307 506 381 528 esset
403 509 572 527 concessum
598 504 630 527 ut
655 500 774 527 abbates
798 500 929 533 ejusdem
957 498 1140 530 monasterii,
1157 497 1192 524 ad

191 552 354 577 Romanam
379 549 542 576 Ecclesiam
572 550 654 575 nullo
686 549 863 583 pertinentis
893 547 1057 579 mediante,
1084 547 1193 580 episco-

189 599 305 633 palibus
330 600 483 625 uterentur
503 597 687 631 insignibus,
709 600 736 624 et
757 601 899 631 tanquam
923 596 1052 630 episcopi
1072 596 1192 622 sollem-

189 648 266 674 niter
280 646 498 677 benedicerent,
517 661 547 663 —
565 646 591 672 ei
608 650 634 672 et
652 646 714 679 ejus
728 645 943 672 successoribus
959 645 1046 671 liceat
1060 644 1192 678 ejusdem

189 694 361 721 monasterii
378 694 554 720 indumenta
571 694 763 720 sacerdotalia
780 694 962 725 benedicere,
982 702 1014 720 ac
1036 693 1194 719 monachos

798 341 902 373 Terni,
917 341 951 367 30
966 340 1025 367 mai
1041 339 1120 366 1236.

187 747 215 770 et
236 743 356 770 clericos
377 744 540 769 saeculares
564 743 742 769 monasterio
760 743 817 777 ipsi
840 744 927 777 pleno
947 743 1011 776 jure
1031 742 1192 775 subjectos,

187 792 325 826 usquead
337 792 495 818 acolitatus
507 792 639 818 ordinem
655 800 836 825 promovere.
850 806 881 809 —
892 792 978 824 (Rm.
991 791 1035 823 18,
1049 792 1068 817 f.
1081 790 1132 817 159
1146 794 1192 821 1”’;

187 850 255 867 ann.
273 841 312 873 X,
329 849 354 867 c.
369 841 425 871 95.)

229 956 241 968 α
268 966 287 971 ..
311 943 411 971 abbati
436 943 614 970 monnslrrii
640 942 747 970 Sancli
769 942 925 977 Facundi,
954 942 1074 970 ordinis
1095 941 1195 970 suncti

187 996 350 1029 Benedicti,
369 996 559 1032 Leyionensis
575 995 709 1024 diocesis.
728 994 914 1032 Apostolice
934 994 1029 1024 Sedis
1045 994 1196 1031 benigni-

189 1053 237 1078 tas
253 1066 302 1076 —.
323 1049 396 1077 Dat.
426 1048 625 1082 Interainne,
653 1048 702 1077 III
724 1047 882 1077 kalendas
903 1047 1002 1086 junii,
1031 1056 1117 1077 anno
1140 1047 1196 1076 de-

188 1110 285 1131 cimo.
306 1113 318 1127 »

259 1294 376 1322 3168
819 1294 919 1327 Terni,
934 1295 949 1321 2
965 1295 1030 1329 juin
1044 1295 1123 1322 1236.

223 1356 399 1383 Abbatissae
420 1360 447 1382 et
474 1355 654 1381 monialibus
677 1357 849 1383 monasterii
871 1357 974 1384 Sancti
995 1358 1139 1385 Johannis
1161 1358 1197 1385 de

190 1406 275 1440 Pipia
297 1405 519 1437 Cremonensis,
538 1419 568 1422 —
586 1413 653 1431 cum
672 1405 761 1431 irater
774 1405 957 1439 Stephanus,
974 1407 1052 1441 prior
1070 1408 1195 1434 fratrum

188 1455 430 1482 Pracdicatorum
455 1454 485 1480 in
512 1454 704 1487 Lombardia,
729 1454 776 1481 cui
803 1455 866 1489 ipse
890 1463 965 1490 papa
991 1456 1195 1483 visitationem

188 1503 320 1537 ejusdem
349 1502 537 1535 monasterii,
567 1502 699 1529 maxime
727 1503 757 1529 in
787 1503 994 1537 spiritualibus
1021 1505 1195 1538 deformati,

189 1551 388 1583 commiserat,
406 1551 484 1585 ipsas
498 1550 678 1578 abbatissam
694 1554 720 1577 et
738 1552 891 1585 moniales,
909 1552 989 1586 prius
1006 1552 1036 1579 in
1052 1557 1197 1581 monaste-

190 1600 232 1626 rio
248 1599 392 1631 Boseelli,
408 1599 616 1627 Cremonensis
636 1599 792 1632 dioecesis,
811 1601 873 1626 1000
889 1601 980 1627 nimis
995 1601 1106 1636 inepto,
1122 1602 1197 1636 posi-

191 1652 249 1680 tas,
269 1650 296 1674 et
317 1656 451 1674 summae
472 1648 626 1681 egestatis,
643 1648 679 1674 ad
700 1648 776 1675 illud
792 1649 1005 1676 monasterium
1028 1650 1131 1677 Sancti
1149 1651 1197 1678 Jo-

192 1696 311 1728 hannis,
325 1705 391 1723 cum
407 1697 491 1723 nulla
505 1704 569 1730 spes
581 1700 743 1730 superesset
758 1697 834 1731 quod
848 1697 925 1724 idem
942 1699 1154 1733 monasterium
1166 1700 1197 1726 in

190 1754 242 1772 suo
258 1748 354 1780 posset
373 1745 475 1771 ordine
493 1745 659 1777 reformari,
674 1748 701 1772 et
717 1746 859 1773 moniales
878 1746 908 1773 in
928 1755 959 1773 eo
975 1747 1113 1781 degentes
1129 1749 1198 1776 inde

191 1797 320 1821 remotae
340 1794 481 1826 fuissent,
504 1794 720 1827 transtulisset,
745 1797 773 1822 et
794 1795 871 1829 ipsas
894 1796 1006 1823 ibidem
1030 1797 1199 1825 substituis—

191 1846 233 1870 set
250 1843 397 1877 prioribus
414 1842 605 1875 monialibus,
619 1851 742 1877 quarum
760 1844 858 1877 plures
872 1845 1002 1879 ipsarum
1021 1846 1155 1873 habitum
1171 1851 1199 1874 et

190 1892 323 1918 ordinem
340 1894 544 1926 sumpserant,
559 1900 685 1926 cumque
701 1892 770 1918 inde
786 1893 897 1919 factum
920 1894 1022 1921 suisset
1040 1895 1130 1928 quod,
1149 1895 1199 1923 ubi

191 1942 272 1976 prius
286 1944 350 1968 octo
366 1941 511 1968 moniales
522 1941 554 1967 in
567 1944 739 1975 paupertate
753 1945 779 1968 et
793 1942 912 1969 miseria
927 1943 1028 1970 vivere
1039 1953 1200 1972 consueve-

190 1993 268 2022 rant,
282 1998 361 2016 nunc
375 1989 591 2023 quinquaginta
603 1990 663 2016 fere
675 1990 861 2023 habitabant,
875 2006 906 2009 —
919 1992 1067 2025 significat
1080 2002 1109 2020 se
1123 1994 1199 2028 quod

190 2039 227 2065 ab
243 2039 343 2065 eodem
366 2038 517 2072 Stephano
535 2038 564 2064 in
583 2039 636 2065 hac
657 2042 739 2072 parte
760 2040 870 2066 factum
890 2041 999 2073 tuerat,
1015 2042 1198 2069 confirmare.

190 2102 223 2106 —
238 2088 324 2119 (REG.
342 2087 385 2119 18,
402 2088 421 2113 f.
439 2087 490 2113 159
504 2091 549 2119 v⁰;
564 2096 633 2113 ann.
651 2088 694 2119 X,
710 2096 734 2114 c.
752 2088 809 2119 96.)

234 2201 246 2214 «
266 2211 287 2216 ..
307 2189 453 2217 abbatisse
471 2193 496 2216 el
515 2189 701 2217 monialibus
720 2191 898 2218 monasterii
920 2191 1027 2220 Sancti
1050 2193 1202 2222 lobannis

192 2240 226 2269 de
243 2241 334 2277 Pipio
350 2241 596 2277 C1·emon[rns1's].
623 2241 787 2276 Quoniam
810 2242 970 2280 seriptum
993 2248 1042 2273 est
1058 2262 1106 2273 —.
1127 2246 1200 2275 Dat.

193 2293 393 2327 Interamne,
417 2293 484 2322 IIII
503 2292 718 2331 nonasjunii,
736 2302 822 2323 anno
839 2294 977 2325 decimo.
999 2308 1010 2322 »

266 2485 316 2512 31
326 2485 382 2512 Gi)
807 2488 907 2521 Terni,
924 2490 958 2516 30
974 2492 1033 2518 mai
1050 2492 1128 2519 1236.

232 2547 343 2574 Abbati
368 2548 471 2574 Sancti
499 2548 644 2582 Stephani
670 2550 882 2583 Bononiensis,
905 2553 1045 2586 magistro
1067 2555 1200 2590 Zuwen.,

195 2596 451 2631 archipresbytero
473 2597 669 2630 Bononiensi,
687 2601 714 2624 et
735 2599 912 2633 Raymundo
931 2601 966 2628 de
985 2602 1201 2638 Villauquesio,

195 2645 338 2672 canonico
350 2645 566 2679 Magalonensi,
581 2647 731 2673 Bononiae
745 2649 952 2682 commoranti,
966 2652 1088 2679 mandat
1100 2658 1202 2687 quate-

196 2702 261 2727 nus,
273 2709 303 2712 —
316 2702 394 2727 cum,
408 2695 531 2721 ecclesia
546 2695 665 2722 Polensi
676 2700 791 2729 pastore
801 2697 955 2731 destituta,
966 2700 1129 2734 capitulum
1145 2704 1203 2730 Po-

196 2744 276 2770 lense
301 2742 544 2769 archidiaconum
570 2744 743 2777 polensem,
767 2745 797 2771 in
820 2746 983 2774 minoribus
1007 2750 1201 2778 constitutum

195 2790 364 2823 ordinibus,
387 2791 417 2817 in
439 2799 524 2817 suum
542 2792 712 2826 episcopum
736 2796 803 2820 voto
829 2795 965 2822 unanimi
989 2799 1202 2833 postulassent,

196 2843 234 2873 et,
257 2840 442 2874 patriarchae
462 2841 672 2874 Aquilegensi,
691 2842 738 2868 cui
754 2842 818 2875 jure
836 2845 1064 2878 metropolitano
1080 2849 1204 2876 ecclesia

196 2889 277 2916 dicta
292 2889 420 2921 suberat,
439 2890 667 2923 pustulationem
690 2899 772 2917 suam
788 2896 1025 2927 praesentantes,
1040 2895 1134 2930 ipsam
1152 2898 1204 2924 ad-

197 2937 277 2964 mitti
299 2937 455 2963 humiliter
471 2937 641 2971 petiissent,
659 2942 685 2965 et
703 2939 844 2973 denique,
863 2941 962 2968 eodem
986 2944 1153 2976 patriarcha
1175 2947 1204 2973 id

1275 338 1388 365 efficere
1404 347 1461 365 non
1485 342 1620 371 curante,
1638 340 1774 366 eumdem
1799 339 2058 373 archidiaconum,
2076 343 2207 375 tempore
2222 342 2283 368 sta-

1276 389 1338 413 tuto
1352 387 1383 413 in
1399 387 1613 414 subdiaconum
1630 391 1814 422 promotum,
1832 388 1862 414 in
1879 390 1992 422 patrem
2013 397 2098 415 suum
2121 393 2148 416 et
2169 389 2282 424 episco—

1276 442 1345 468 pum
1363 436 1538 469 elegis-scum
1554 451 1586 454 —
1605 445 1671 463 cum
1689 445 1757 463 vero
1778 437 1929 471 praefatus
1948 437 2117 471 patriarcha
2137 438 2184 470 B„
2199 445 2284 472 prae-

1275 483 1403 517 positum
1436 484 1683 512 Concordiensem
1694 506 1700 516 ,
1730 485 1760 511 in
1789 485 1960 519 episcopum
1986 486 2117 519 ejusdem
2143 486 2284 513 ecclesiae

1276 532 1411 559 Polensis
1427 533 1581 567 elegisset3
1605 536 1723 568 propter
1747 534 1823 567 quod
1849 535 2015 568 praefatum
2039 534 2203 568 capitulum
2227 534 2284 561 Po-

1276 580 1366 613 lense,
1384 584 1549 608 asserentes
1565 590 1649 608 suam
1664 581 1820 608 ecclesiam
1838 590 1974 615 magnam
1992 582 2137 609 sustinere
2152 582 2183 608 in
2199 582 2285 617 spiri-

1276 629 1407 656 tualibus
1431 632 1459 656 et
1480 630 1694 664 temporalibus
1716 630 1892 663 laesionem,
1914 631 2028 657 litteras
2051 631 2226 665 apostolicas
2248 631 2284 658 ad

1276 677 1446 712 episcopum
1464 678 1667 706 Castellanum
1686 682 1713 705 et
1730 687 1795 706 suos
1809 679 1978 712 conjudices
1992 679 2200 713 impetrarant,
2215 687 2284 706 con-

1276 726 1406 753 tinentes
1422 730 1453 754 ut
1467 727 1502 753 de
1519 727 1604 754 modo
1620 728 1810 760 electionum,
1825 727 1932 754 studiis
1946 728 2121 761 eligentium
2135 730 2164 754 et
2180 728 2284 755 eleeto-

1276 784 1342 802 rum
1360 776 1474 803 meritis
1486 777 1669 810 inquirerent
1683 785 1688 808 ;
1703 791 1734 794 —
1749 785 1885 810 cumque,
1901 776 2006 803 iisdem
2021 776 2170 810 judicibus
2184 784 2286 810 quam—

1277 824 1345 850 dam
1361 825 1565 859 exceptionem
1589 825 1786 859 procuratoris
1802 825 1947 859 praedicti
1963 825 1998 852 B.
2021 825 2179 852 admittere
2196 825 2287 852 dene-

1277 873 1431 907 gantibus,
1454 873 1532 900 idem
1558 874 1597 900 Β.’
1619 873 1804 900 audientiam
1827 873 2019 907 apostolicam
2042 873 2235 907 appellasset,
2258 876 2287 901 et

1278 923 1403 957 praefati
1417 923 1531 956 judices
1544 923 1622 949 idem
1639 923 1789 956 negotium
1803 923 1840 949 ad
1853 923 1959 949 Sedem
1972 922 2173 957 Apostolicam
2188 925 2286 949 trans-

1279 971 1444 1003 misissent,
1463 986 1494 989 —
1512 971 1542 998 in
1557 980 1643 998 causa
1664 971 1823 1005 proc-edant
1839 974 1867 998 et
1883 979 1946 998 eam
1962 971 2141 998 sufficienter
2157 971 2287 998 instruc-

1278 1024 1338 1047 tam
1355 1020 1391 1047 ad
1409 1020 1514 1047 Sedem
1530 1020 1732 1054 Apostolicam
1747 1020 1911 1046 remittant.
1929 1035 1959 1037 —
1974 1020 2061 1051 (Res.
2077 1019 2120 1052 18,
2136 1020 2156 1046 f.
2172 1019 2223 1047 159
2238 1022 2287 1051 v⁰;

1278 1078 1347 1096 ann.
1363 1069 1401 1101 X,
1419 1077 1443 1095 c.
1461 1069 1517 1099 97.)

1322 1183 1334 1196 «
1351 1171 1482 1199 ..abbati
1495 1170 1602 1199 Sancti
1612 1170 1761 1207 Stephani
1772 1175 1797 1198 et
1810 1171 1956 1206 mriyislro
1967 1170 2103 1203 Zmren„
2114 1169 2289 1207 archipres-

1280 1225 1373 1253 bitero
1388 1222 1661 1261 Bonotzimzsi[bzts],
1680 1228 1705 1251 εί
1719 1222 1891 1251 Raimnmlo
1909 1222 1942 1251 de
1964 1223 2180 1260 Villczuqzcesw,
2195 1230 2290 1252 cano-

1281 1278 1349 1306 nico
1369 1277 1586 1313 Jlr19c1l021e11s1‘,
1615 1276 1746 1304 Bononit¹
1771 1276 1987 1304 commoranti.
2010 1275 2055 1304 Ex
2078 1279 2170 1313 parte
2187 1273 2290 1305 dilec-

1281 1334 1388 1359 torum
1414 1347 1462 1357 —.
1489 1329 1561 1358 Dat.
1586 1329 1796 1363 Interamne,
1822 1329 1873 1357 ΙΙΙ
1893 1327 2053 1357 kalendas
2077 1327 2177 1366 junii,
2202 1335 2291 1357 anno

1280 1382 1417 1412 decimo.
1440 1395 1451 1407 υ

1350 1547 1469 1576 31⁸²«)
1896 1546 1996 1578 Terni,
2012 1545 2047 1572 29
2063 1546 2122 1572 mai
2138 1545 2217 1572 1236.

1315 1612 1459 1646 Magistro
1472 1611 1600 1639 ,Iohanni
1615 1611 1650 1637 de
1667 1611 1837 1637 Benevento
1847 1631 1853 1643 ,
1870 1609 1980 1636 decano
1997 1609 2181 1642 Patracensi,
2195 1609 2290 1643 signi-

1280 1663 1347 1689 ficat
1367 1670 1396 1688 se
1417 1660 1553 1687 inhibere
1569 1668 1605 1686 110
1628 1659 1708 1693 quis,
1726 1661 1841 1693 praeter
1857 1658 2026 1685 Romanum
2046 1657 2222 1684 Pontificem
2238 1660 2291 1685 aut

1281 1712 1410 1745 legatum
1429 1709 1515 1736 Sedis
1530 1708 1719 1742 Apostolicae
1735 1707 1770 1734 de
1787 1708 1878 1734 latere
1892 1714 1984 1741 papae
1998 1706 2192 1738 destinatum,
2209 1714 2290 1740 prae-

1281 1762 1379 1787 sumat
1396 1759 1426 1785 in
1443 1766 1526 1790 eum,
1544 1760 1679 1791 paratum
1697 1764 1794 1783 coram
1816 1763 1891 1789 papa
1907 1755 1955 1781 vel
1971 1754 2029 1781 alio
2050 1753 2230 1788 competenti
2245 1754 2290 1787 ju-

1281 1808 1347 1835 dice
1369 1810 1446 1834 stare
1461 1806 1536 1840 juri,
1553 1805 1662 1839 absque
1686 1804 1845 1831 manifesta
1868 1811 1901 1830 ao
1917 1802 2089 1830 rationabili
2106 1810 2208 1835 eausa,
2229 1810 2291 1829 sus-

1280 1856 1432 1892 pensionis
1443 1877 1449 1888 ,
1484 1854 1638 1882 interdicti
1674 1854 1722 1880 vel
1754 1851 2073 1879 excommunicationis
2109 1850 2290 1878 sententiam

1282 1906 1477 1940 promulgare.
1496 1919 1527 1922 —
1542 1904 1628 1936 (Res.
1646 1902 1690 1935 18,
1708 1902 1728 1928 f.
1743 1901 1795 1929 160
1812 1905 1851 1932 r‘';
1869 1909 1938 1927 ann.
1953 1900 1992 1933 X,
2009 1908 2034 1926 0.
2049 1899 2106 1930 98.)

1325 2020 1337 2033 ι(
1352 2007 1495 2044 Mayislro
1508 2005 1646 2034 Johanni
1657 2004 1689 2032 de
1704 2004 1878 2036 Benevento,
1892 2002 2004 2030 decano
2019 2001 2208 2029 Patracensi.
2222 1999 2293 2029 Etsi

1285 2059 1428 2089 libenter
1451 2057 1641 2096 petentibus
1658 2073 1706 2084 —.
1724 2056 1796 2085 Dat.
1821 2055 2024 2088 Interamne,
2044 2053 2110 2082 IIII
2133 2051 2295 2082 kalendas

1281 2111 1381 2151 J'unii,
1400 2120 1487 2141 anno
1506 2110 1642 2140 decimo.
1666 2122 1677 2134 n

1355 2283 1408 2311 31
1417 2283 1440 2311 ’ἵ
1450 2282 1469 2309 Ι
1901 2278 2002 2310 Το1·111,
2015 2277 2049 2304 23
2067 2277 2126 2303 mai
2142 2276 2221 2303 1236.

1320 2346 1464 2380 Magistro
1480 2344 1606 2371 Roberto
1623 2343 1658 2369 de
1675 2342 1872 2373 Sumcrcotes,
1887 2339 2067 2367 subdiacono
2082 2347 2143 2371 suo,
2158 2337 2295 2371 indulget

1284 2398 1316 2423 ut
1337 2395 1459 2421 unicum
1480 2392 1655 2420 beneficium
1680 2390 1821 2417 canonice
1843 2388 1901 2416 sibi
1923 2388 2072 2419 oblatum,
2093 2389 2121 2414 et
2146 2386 2172 2413 si
2191 2393 2292 2413 curam

1285 2444 1391 2471 habeat
1409 2442 1589 2474 animarum,
1605 2443 1720 2475 praeter
1738 2438 1893 2466 eeclesiam
1908 2437 2109 2472 parochialem
2128 2435 2164 2462 de
2179 2434 2295 2467 eastre,
2338 2468 2341 2471 η

1283 2493 1414 2520 similem
1432 2499 1532 2518 curam
1550 2489 1723 2521 habentem,
1741 2496 1829 2522 quam
1852 2495 1887 2514 ex
1903 2486 2071 2521 provisione
2087 2484 2181 2519 ipsius
2201 2490 2296 2518 papae

1283 2543 1449 2575 receperat,
1482 2542 1510 2566 et
1537 2545 1667 2565 annuam
1703 2536 1893 2571 pensionem,
1920 2542 2008 2569 quam
2038 2533 2070 2560 in
2100 2531 2226 2559 ecclesia.
2258 2530 2295 2557 de

1284 2589 1466 2618 Croindenn.
1490 2589 1535 2619 (z
1554 2586 1702 2620 Croydon)
1721 2584 1891 2616 obtinebat,
1914 2591 2004 2617 quae,
2028 2581 2159 2608 maxime
2177 2580 2296 2614 propter

1284 2638 1520 2673 hospitalitatem
1537 2635 1699 2663 secundum
1717 2633 1830 2669 patriae
1847 2640 1957 2659 moreni
1978 2630 2156 2658 servandam
2167 2650 2173 2662 ,
2192 2628 2220 2655 ei
2235 2635 2294 2655 non

1285 2687 1486 2719 sufficiebant,
1514 2685 1605 2720 possit
1631 2683 1761 2718 recipere
1781 2685 1809 2709 et
1835 2689 1902 2708 eum
1922 2679 2071 2715 prioribus
2096 2677 2237 2712 recipere.
2262 2690 2295 2694 —

1285 2737 1371 2768 (Rea.
1389 2735 1433 2768 18,
1451 2733 1538 2761 f.160
1553 2737 1593 2765 r⁰;
1609 2741 1678 2760 anu.
1693 2732 1732 2764 X,
1750 2740 1774 2758 0.
1790 2730 1840 2762 99;
1858 2745 1889 2748 -
1904 2730 1942 2756 ef.
1959 2735 2056 2761 supra,
2074 2730 2103 2754 n⁰
2119 2725 2194 2757 946.)

1329 2850 1340 2863 ι(
1375 2837 1518 2873 Mayistro
1544 2835 1663 2864 Roberlo
1688 2833 1720 2862 de
1745 2833 1941 2865 Sumcrcotes,
1970 2829 2153 2858 subdiacono
2181 2831 2295 2856 nostro.

1287 2889 1379 2919 Licet
1396 2893 1557 2918 statutum
1580 2886 1682 2916 fuerit
1698 2903 1746 2913 —.
1772 2885 1844 2914 Dat.
1864 2883 2065 2915 lutei-amne,
2084 2880 2115 2910 X
2136 2878 2296 2909 kalendas

1283 2942 1384 2981 junii,
1405 2950 1491 2971 anno
1508 2940 1645 2970 decimo.
1668 2951 1680 2964 »ι
