<?xml version="1.0" encoding="UTF-8"?>
<!DOCTYPE html PUBLIC "-//W3C//DTD XHTML 1.0 Transitional//EN"
    "http://www.w3.org/TR/xhtml1/DTD/xhtml1-transitional.dtd">
<html xmlns="http://www.w3.org/1999/xhtml" xml:lang="en" lang="en">
 <head>
  <title>
</title>
<meta http-equiv="Content-Type" content="text/html;charset=utf-8" />
  <meta name='ocr-system' content='tesseract 3.04.00' />
  <meta name='ocr-capabilities' content='ocr_page ocr_carea ocr_par ocr_line ocrx_word'/>
</head>
<body>
  <div class='ocr_page' id='page_1' title='image "./lesregistresdale02cathuoft_0526.png"; bbox 0 0 2423 3487; ppageno 0'>
   <div class='ocr_carea' id='block_1_1' title="bbox 134 276 2222 321">
    <p class='ocr_par' dir='ltr' id='par_1_1' title="bbox 134 276 2222 321">
     <span class='ocr_line' id='line_1_1' title="bbox 134 276 2222 321; baseline -0.005 -1"><span class='ocrx_word' id='word_1_1' title='bbox 134 293 189 321; x_wconf 75' lang='lat'>947</span> <span class='ocrx_word' id='word_1_2' title='bbox 852 285 1088 316; x_wconf 57' lang='lat' dir='ltr'><strong>REGISTRFAE</strong></span> <span class='ocrx_word' id='word_1_3' title='bbox 1112 284 1165 312; x_wconf 80' lang='lat' dir='ltr'>DE</span> <span class='ocrx_word' id='word_1_4' title='bbox 1188 276 1409 313; x_wconf 78' lang='lat' dir='ltr'>GREGOIRE</span> <span class='ocrx_word' id='word_1_5' title='bbox 1433 283 1490 312; x_wconf 79' lang='lat' dir='ltr'>IX.</span> <span class='ocrx_word' id='word_1_6' title='bbox 2164 280 2222 310; x_wconf 81' lang='lat'>948</span> 
     </span>
    </p>
   </div>
   <div class='ocr_carea' id='block_1_2' title="bbox 131 350 1134 1075">
    <p class='ocr_par' dir='ltr' id='par_1_2' title="bbox 131 350 1134 1075">
     <span class='ocr_line' id='line_1_2' title="bbox 136 350 1132 392; baseline -0.006 -7"><span class='ocrx_word' id='word_1_7' title='bbox 136 357 210 385; x_wconf 77' lang='lat' dir='ltr'>inde</span> <span class='ocrx_word' id='word_1_8' title='bbox 228 356 273 384; x_wconf 75' lang='lat' dir='ltr'>sir</span> <span class='ocrx_word' id='word_1_9' title='bbox 291 356 408 384; x_wconf 76' lang='lat' dir='ltr'>factam</span> <span class='ocrx_word' id='word_1_10' title='bbox 434 360 540 392; x_wconf 76' lang='lat' dir='ltr'>partes</span> <span class='ocrx_word' id='word_1_11' title='bbox 564 354 653 383; x_wconf 77' lang='lat' dir='ltr'>litem</span> <span class='ocrx_word' id='word_1_12' title='bbox 675 353 876 383; x_wconf 86' lang='lat' dir='ltr'>intenderint</span> <span class='ocrx_word' id='word_1_13' title='bbox 895 350 1084 381; x_wconf 76' lang='lat' dir='ltr'>contestari.</span> <span class='ocrx_word' id='word_1_14' title='bbox 1104 354 1132 379; x_wconf 79' lang='lat' dir='ltr'>et</span> 
     </span>
     <span class='ocr_line' id='line_1_3' title="bbox 135 402 1132 445; baseline -0.007 -7"><span class='ocrx_word' id='word_1_15' title='bbox 135 408 316 438; x_wconf 75' lang='lat' dir='ltr'>narrationi</span> <span class='ocrx_word' id='word_1_16' title='bbox 346 408 458 445; x_wconf 81' lang='lat' dir='ltr'>partis,</span> <span class='ocrx_word' id='word_1_17' title='bbox 493 416 555 436; x_wconf 92' lang='lat' dir='ltr'>non</span> <span class='ocrx_word' id='word_1_18' title='bbox 586 406 748 445; x_wconf 85' lang='lat' dir='ltr'>petitioni.</span> <span class='ocrx_word' id='word_1_19' title='bbox 781 415 843 444; x_wconf 84' lang='lat' dir='ltr'>que</span> <span class='ocrx_word' id='word_1_20' title='bbox 867 404 1071 442; x_wconf 72' lang='lat' dir='ltr'>dirigebatur</span> <span class='ocrx_word' id='word_1_21' title='bbox 1094 402 1132 431; x_wconf 86' lang='lat' dir='ltr'>ad</span> 
     </span>
     <span class='ocr_line' id='line_1_4' title="bbox 132 457 1132 499; baseline -0.006 -10"><span class='ocrx_word' id='word_1_22' title='bbox 132 461 287 499; x_wconf 70' lang='lat' dir='ltr'>judicem,</span> <span class='ocrx_word' id='word_1_23' title='bbox 310 469 372 488; x_wconf 78' lang='lat' dir='ltr'>non</span> <span class='ocrx_word' id='word_1_24' title='bbox 390 460 429 488; x_wconf 84' lang='lat' dir='ltr'>ad</span> <span class='ocrx_word' id='word_1_25' title='bbox 446 464 581 497; x_wconf 88' lang='lat' dir='ltr'>partem.</span> <span class='ocrx_word' id='word_1_26' title='bbox 601 464 709 497; x_wconf 75' lang='lat' dir='ltr'>etque</span> <span class='ocrx_word' id='word_1_27' title='bbox 728 468 791 488; x_wconf 91' lang='lat' dir='ltr'>non</span> <span class='ocrx_word' id='word_1_28' title='bbox 809 457 941 487; x_wconf 79' lang='lat' dir='ltr'>cadebat</span> <span class='ocrx_word' id='word_1_29' title='bbox 960 457 994 485; x_wconf 87' lang='lat' dir='ltr'>in</span> <span class='ocrx_word' id='word_1_30' title='bbox 1009 460 1132 485; x_wconf 86' lang='lat' dir='ltr'>contra-</span> 
     </span>
     <span class='ocr_line' id='line_1_5' title="bbox 134 508 1131 549; baseline -0.005 -8"><span class='ocrx_word' id='word_1_31' title='bbox 134 513 309 542; x_wconf 76' lang='lat' dir='ltr'>dictionem</span> <span class='ocrx_word' id='word_1_32' title='bbox 343 512 440 542; x_wconf 71' lang='lat' dir='ltr'>facti.</span> <span class='ocrx_word' id='word_1_33' title='bbox 474 512 529 541; x_wconf 83' lang='lat' dir='ltr'>sed</span> <span class='ocrx_word' id='word_1_34' title='bbox 559 521 595 541; x_wconf 84' lang='lat' dir='ltr'>ex</span> <span class='ocrx_word' id='word_1_35' title='bbox 623 511 745 549; x_wconf 85' lang='lat' dir='ltr'>judicis</span> <span class='ocrx_word' id='word_1_36' title='bbox 775 510 881 539; x_wconf 83' lang='lat' dir='ltr'>officio</span> <span class='ocrx_word' id='word_1_37' title='bbox 913 508 1131 546; x_wconf 69' lang='lat' dir='ltr'><strong>dependebat,</strong></span> 
     </span>
     <span class='ocr_line' id='line_1_6' title="bbox 135 561 1133 602; baseline -0.006 -8"><span class='ocrx_word' id='word_1_38' title='bbox 135 566 239 594; x_wconf 77' lang='lat' dir='ltr'>fuerat</span> <span class='ocrx_word' id='word_1_39' title='bbox 266 564 546 601; x_wconf 76' lang='lat' dir='ltr'>resporulendum3</span> <span class='ocrx_word' id='word_1_40' title='bbox 573 564 745 602; x_wconf 78' lang='lat' dir='ltr'>presertim</span> <span class='ocrx_word' id='word_1_41' title='bbox 764 562 852 601; x_wconf 83' lang='lat' dir='ltr'>quia,</span> <span class='ocrx_word' id='word_1_42' title='bbox 872 561 980 590; x_wconf 83' lang='lat' dir='ltr'>taliter</span> <span class='ocrx_word' id='word_1_43' title='bbox 998 568 1133 598; x_wconf 82' lang='lat' dir='ltr'>respon-</span> 
     </span>
     <span class='ocr_line' id='line_1_7' title="bbox 134 613 1130 654; baseline -0.005 -8"><span class='ocrx_word' id='word_1_44' title='bbox 134 617 248 651; x_wconf 80' lang='lat' dir='ltr'>dendo,</span> <span class='ocrx_word' id='word_1_45' title='bbox 261 616 478 646; x_wconf 82' lang='lat' dir='ltr'>intentionem</span> <span class='ocrx_word' id='word_1_46' title='bbox 487 617 628 654; x_wconf 88' lang='lat' dir='ltr'>petentis</span> <span class='ocrx_word' id='word_1_47' title='bbox 638 620 750 645; x_wconf 86' lang='lat' dir='ltr'>secuta</span> <span class='ocrx_word' id='word_1_48' title='bbox 760 615 929 652; x_wconf 71' lang='lat' dir='ltr'>responsio</span> <span class='ocrx_word' id='word_1_49' title='bbox 940 613 1130 651; x_wconf 68' lang='lat' dir='ltr'>perimebat,</span> 
     </span>
     <span class='ocr_line' id='line_1_8' title="bbox 135 666 1134 699; baseline -0.005 -1"><span class='ocrx_word' id='word_1_50' title='bbox 135 670 219 699; x_wconf 85' lang='lat' dir='ltr'>sicut</span> <span class='ocrx_word' id='word_1_51' title='bbox 236 668 317 698; x_wconf 76' lang='lat' dir='ltr'>alias</span> <span class='ocrx_word' id='word_1_52' title='bbox 334 669 367 697; x_wconf 91' lang='lat' dir='ltr'>in</span> <span class='ocrx_word' id='word_1_53' title='bbox 388 677 486 698; x_wconf 83' lang='lat' dir='ltr'>causa</span> <span class='ocrx_word' id='word_1_54' title='bbox 505 669 610 698; x_wconf 86' lang='lat' dir='ltr'>mutui</span> <span class='ocrx_word' id='word_1_55' title='bbox 628 673 658 698; x_wconf 86' lang='lat' dir='ltr'>et</span> <span class='ocrx_word' id='word_1_56' title='bbox 675 668 787 697; x_wconf 87' lang='lat' dir='ltr'>multis</span> <span class='ocrx_word' id='word_1_57' title='bbox 805 667 879 697; x_wconf 82' lang='lat' dir='ltr'>aliis</span> <span class='ocrx_word' id='word_1_58' title='bbox 898 666 1066 698; x_wconf 74' lang='lat' dir='ltr'>suadetur,</span> <span class='ocrx_word' id='word_1_59' title='bbox 1084 674 1134 694; x_wconf 90' lang='lat' dir='ltr'>ve-</span> 
     </span>
     <span class='ocr_line' id='line_1_9' title="bbox 134 717 1133 759; baseline -0.002 -10"><span class='ocrx_word' id='word_1_60' title='bbox 134 720 214 750; x_wconf 81' lang='lat' dir='ltr'>luti,</span> <span class='ocrx_word' id='word_1_61' title='bbox 242 725 371 757; x_wconf 80' lang='lat' dir='ltr'>petente</span> <span class='ocrx_word' id='word_1_62' title='bbox 395 720 505 759; x_wconf 77' lang='lat' dir='ltr'>aliquo</span> <span class='ocrx_word' id='word_1_63' title='bbox 530 730 566 750; x_wconf 77' lang='lat' dir='ltr'>ex</span> <span class='ocrx_word' id='word_1_64' title='bbox 592 729 691 749; x_wconf 77' lang='lat' dir='ltr'>causa</span> <span class='ocrx_word' id='word_1_65' title='bbox 716 720 822 749; x_wconf 88' lang='lat' dir='ltr'>mutui</span> <span class='ocrx_word' id='word_1_66' title='bbox 847 724 968 748; x_wconf 80' lang='lat' dir='ltr'>certam</span> <span class='ocrx_word' id='word_1_67' title='bbox 996 717 1133 756; x_wconf 81' lang='lat' dir='ltr'>pecunie</span> 
     </span>
     <span class='ocr_line' id='line_1_10' title="bbox 131 771 1134 811; baseline -0.002 -10"><span class='ocrx_word' id='word_1_68' title='bbox 131 772 362 810; x_wconf 83' lang='lat' dir='ltr'>quantitatem.</span> <span class='ocrx_word' id='word_1_69' title='bbox 380 779 496 810; x_wconf 66' lang='lat' dir='ltr'>negato</span> <span class='ocrx_word' id='word_1_70' title='bbox 513 783 548 802; x_wconf 87' lang='lat' dir='ltr'>ex</span> <span class='ocrx_word' id='word_1_71' title='bbox 568 778 657 811; x_wconf 85' lang='lat' dir='ltr'>parte</span> <span class='ocrx_word' id='word_1_72' title='bbox 676 773 722 802; x_wconf 88' lang='lat' dir='ltr'>rei</span> <span class='ocrx_word' id='word_1_73' title='bbox 740 777 863 801; x_wconf 86' lang='lat' dir='ltr'>mutuo.</span> <span class='ocrx_word' id='word_1_74' title='bbox 878 780 934 809; x_wconf 89' lang='lat' dir='ltr'>per</span> <span class='ocrx_word' id='word_1_75' title='bbox 950 771 1134 809; x_wconf 86' lang='lat' dir='ltr'>responsio-</span> 
     </span>
     <span class='ocr_line' id='line_1_11' title="bbox 133 825 1133 864; baseline 0 -11"><span class='ocrx_word' id='word_1_76' title='bbox 133 834 208 855; x_wconf 87' lang='lat' dir='ltr'>nem</span> <span class='ocrx_word' id='word_1_77' title='bbox 226 825 415 864; x_wconf 82' lang='lat' dir='ltr'>hujusmodi</span> <span class='ocrx_word' id='word_1_78' title='bbox 435 826 674 864; x_wconf 84' lang='lat' dir='ltr'>perimiturjus</span> <span class='ocrx_word' id='word_1_79' title='bbox 689 825 827 860; x_wconf 84' lang='lat' dir='ltr'>actoris;</span> <span class='ocrx_word' id='word_1_80' title='bbox 850 834 907 854; x_wconf 82' lang='lat' dir='ltr'>nec</span> <span class='ocrx_word' id='word_1_81' title='bbox 924 834 981 862; x_wconf 87' lang='lat' dir='ltr'>per</span> <span class='ocrx_word' id='word_1_82' title='bbox 993 825 1069 863; x_wconf 80' lang='lat' dir='ltr'>jura</span> <span class='ocrx_word' id='word_1_83' title='bbox 1085 833 1133 853; x_wconf 85' lang='lat' dir='ltr'>ca-</span> 
     </span>
     <span class='ocr_line' id='line_1_12' title="bbox 134 877 1134 916; baseline -0.001 -9"><span class='ocrx_word' id='word_1_84' title='bbox 134 878 251 907; x_wconf 86' lang='lat' dir='ltr'>nonica</span> <span class='ocrx_word' id='word_1_85' title='bbox 267 887 329 916; x_wconf 86' lang='lat' dir='ltr'>que</span> <span class='ocrx_word' id='word_1_86' title='bbox 344 879 477 908; x_wconf 77' lang='lat' dir='ltr'>inducta</span> <span class='ocrx_word' id='word_1_87' title='bbox 493 884 580 913; x_wconf 84' lang='lat' dir='ltr'>sunt,</span> <span class='ocrx_word' id='word_1_88' title='bbox 597 878 722 908; x_wconf 91' lang='lat' dir='ltr'>tollitur</span> <span class='ocrx_word' id='word_1_89' title='bbox 739 878 819 916; x_wconf 85' lang='lat' dir='ltr'>quin</span> <span class='ocrx_word' id='word_1_90' title='bbox 837 887 893 916; x_wconf 87' lang='lat' dir='ltr'>per</span> <span class='ocrx_word' id='word_1_91' title='bbox 909 877 1134 907; x_wconf 79' lang='lat' dir='ltr'>narrationem</span> 
     </span>
     <span class='ocr_line' id='line_1_13' title="bbox 134 929 1133 968; baseline 0 -10"><span class='ocrx_word' id='word_1_92' title='bbox 134 930 211 959; x_wconf 83' lang='lat' dir='ltr'>facti</span> <span class='ocrx_word' id='word_1_93' title='bbox 242 934 272 959; x_wconf 92' lang='lat' dir='ltr'>et</span> <span class='ocrx_word' id='word_1_94' title='bbox 300 931 547 968; x_wconf 75' lang='lat' dir='ltr'>responsionem</span> <span class='ocrx_word' id='word_1_95' title='bbox 574 937 719 961; x_wconf 78' lang='lat' dir='ltr'>secutam</span> <span class='ocrx_word' id='word_1_96' title='bbox 747 930 816 960; x_wconf 91' lang='lat' dir='ltr'>litis</span> <span class='ocrx_word' id='word_1_97' title='bbox 843 930 1039 960; x_wconf 72' lang='lat' dir='ltr'>contestatio</span> <span class='ocrx_word' id='word_1_98' title='bbox 1061 929 1133 959; x_wconf 84' lang='lat' dir='ltr'>fieri</span> 
     </span>
     <span class='ocr_line' id='line_1_14' title="bbox 134 982 1131 1021; baseline 0.001 -11"><span class='ocrx_word' id='word_1_99' title='bbox 134 982 194 1012; x_wconf 83' lang='lat' dir='ltr'>rite</span> <span class='ocrx_word' id='word_1_100' title='bbox 214 983 325 1020; x_wconf 75' lang='lat' dir='ltr'>possit,</span> <span class='ocrx_word' id='word_1_101' title='bbox 355 984 411 1012; x_wconf 88' lang='lat' dir='ltr'>sed</span> <span class='ocrx_word' id='word_1_102' title='bbox 429 993 468 1013; x_wconf 89' lang='lat' dir='ltr'>ne</span> <span class='ocrx_word' id='word_1_103' title='bbox 491 984 546 1013; x_wconf 81' lang='lat' dir='ltr'>fiat</span> <span class='ocrx_word' id='word_1_104' title='bbox 569 993 626 1021; x_wconf 86' lang='lat' dir='ltr'>per</span> <span class='ocrx_word' id='word_1_105' title='bbox 643 983 823 1021; x_wconf 79' lang='lat' dir='ltr'>positiones</span> <span class='ocrx_word' id='word_1_106' title='bbox 840 987 871 1012; x_wconf 87' lang='lat' dir='ltr'>et</span> <span class='ocrx_word' id='word_1_107' title='bbox 888 983 1131 1020; x_wconf 78' lang='lat' dir='ltr'>responsiones,</span> 
     </span>
     <span class='ocr_line' id='line_1_15' title="bbox 131 1036 1133 1075; baseline 0 -11"><span class='ocrx_word' id='word_1_108' title='bbox 131 1040 227 1073; x_wconf 91' lang='lat' dir='ltr'>prout</span> <span class='ocrx_word' id='word_1_109' title='bbox 246 1036 343 1065; x_wconf 84' lang='lat' dir='ltr'>tiebat</span> <span class='ocrx_word' id='word_1_110' title='bbox 360 1046 416 1074; x_wconf 86' lang='lat' dir='ltr'>per</span> <span class='ocrx_word' id='word_1_111' title='bbox 432 1046 575 1067; x_wconf 86' lang='lat' dir='ltr'>errorem</span> <span class='ocrx_word' id='word_1_112' title='bbox 589 1037 622 1066; x_wconf 90' lang='lat' dir='ltr'>in</span> <span class='ocrx_word' id='word_1_113' title='bbox 638 1036 836 1075; x_wconf 81' lang='lat' dir='ltr'>quibusdam</span> <span class='ocrx_word' id='word_1_114' title='bbox 848 1036 1010 1074; x_wconf 74' lang='lat' dir='ltr'>partibus,</span> <span class='ocrx_word' id='word_1_115' title='bbox 1025 1036 1133 1074; x_wconf 89' lang='lat' dir='ltr'>prohi-</span> 
     </span>
    </p>
   </div>
   <div class='ocr_carea' id='block_1_3' title="bbox 1216 347 2224 1022">
    <p class='ocr_par' dir='ltr' id='par_1_3' title="bbox 1216 347 2224 1022">
     <span class='ocr_line' id='line_1_16' title="bbox 1217 347 2222 386; baseline -0.001 -9"><span class='ocrx_word' id='word_1_116' title='bbox 1217 348 1321 378; x_wconf 81' lang='lat' dir='ltr'>betur.</span> <span class='ocrx_word' id='word_1_117' title='bbox 1341 348 1414 377; x_wconf 91' lang='lat' dir='ltr'>Hiis</span> <span class='ocrx_word' id='word_1_118' title='bbox 1429 348 1532 385; x_wconf 82' lang='lat' dir='ltr'>igitur</span> <span class='ocrx_word' id='word_1_119' title='bbox 1548 352 1578 377; x_wconf 90' lang='lat' dir='ltr'>et</span> <span class='ocrx_word' id='word_1_120' title='bbox 1594 347 1670 377; x_wconf 86' lang='lat' dir='ltr'>aliis</span> <span class='ocrx_word' id='word_1_121' title='bbox 1686 356 1795 377; x_wconf 86' lang='lat' dir='ltr'>coram</span> <span class='ocrx_word' id='word_1_122' title='bbox 1812 347 1974 377; x_wconf 83' lang='lat' dir='ltr'>cardinali</span> <span class='ocrx_word' id='word_1_123' title='bbox 1991 347 2136 386; x_wconf 88' lang='lat' dir='ltr'>predicto</span> <span class='ocrx_word' id='word_1_124' title='bbox 2152 356 2222 385; x_wconf 89' lang='lat' dir='ltr'>pro-</span> 
     </span>
     <span class='ocr_line' id='line_1_17' title="bbox 1217 399 2220 439; baseline 0 -10"><span class='ocrx_word' id='word_1_125' title='bbox 1217 400 1344 439; x_wconf 81' lang='lat' dir='ltr'>positis,</span> <span class='ocrx_word' id='word_1_126' title='bbox 1363 400 1526 439; x_wconf 86' lang='lat' dir='ltr'>nobisque</span> <span class='ocrx_word' id='word_1_127' title='bbox 1542 400 1685 430; x_wconf 86' lang='lat' dir='ltr'>fideliter</span> <span class='ocrx_word' id='word_1_128' title='bbox 1701 400 1849 430; x_wconf 86' lang='lat' dir='ltr'>recitatis</span> <span class='ocrx_word' id='word_1_129' title='bbox 1871 399 2004 438; x_wconf 84' lang='lat' dir='ltr'>plenius</span> <span class='ocrx_word' id='word_1_130' title='bbox 2029 399 2220 435; x_wconf 79' lang='lat' dir='ltr'>intellectis,</span> 
     </span>
     <span class='ocr_line' id='line_1_18' title="bbox 1216 452 2221 491; baseline -0.001 -9"><span class='ocrx_word' id='word_1_131' title='bbox 1216 453 1411 482; x_wconf 82' lang='lat' dir='ltr'>electionem</span> <span class='ocrx_word' id='word_1_132' title='bbox 1428 452 1466 482; x_wconf 87' lang='lat' dir='ltr'>de</span> <span class='ocrx_word' id='word_1_133' title='bbox 1485 452 1571 482; x_wconf 87' lang='lat' dir='ltr'>dicto</span> <span class='ocrx_word' id='word_1_134' title='bbox 1588 452 1746 490; x_wconf 81' lang='lat' dir='ltr'>magistro</span> <span class='ocrx_word' id='word_1_135' title='bbox 1769 462 1788 482; x_wconf 89' lang='lat' dir='ltr'>a</span> <span class='ocrx_word' id='word_1_136' title='bbox 1811 452 1904 482; x_wconf 84' lang='lat' dir='ltr'>vohis</span> <span class='ocrx_word' id='word_1_137' title='bbox 1921 452 2052 487; x_wconf 82' lang='lat' dir='ltr'>factam,</span> <span class='ocrx_word' id='word_1_138' title='bbox 2071 452 2150 491; x_wconf 87' lang='lat' dir='ltr'>quia</span> <span class='ocrx_word' id='word_1_139' title='bbox 2169 452 2221 481; x_wconf 89' lang='lat' dir='ltr'>in-</span> 
     </span>
     <span class='ocr_line' id='line_1_19' title="bbox 1217 505 2222 544; baseline 0.001 -10"><span class='ocrx_word' id='word_1_140' title='bbox 1217 506 1368 536; x_wconf 78' lang='lat' dir='ltr'>venimus</span> <span class='ocrx_word' id='word_1_141' title='bbox 1387 506 1493 544; x_wconf 81' lang='lat' dir='ltr'>ipsam</span> <span class='ocrx_word' id='word_1_142' title='bbox 1514 506 1671 536; x_wconf 86' lang='lat' dir='ltr'>canonice</span> <span class='ocrx_word' id='word_1_143' title='bbox 1692 505 1902 541; x_wconf 79' lang='lat' dir='ltr'>celebratam,</span> <span class='ocrx_word' id='word_1_144' title='bbox 1920 506 1959 535; x_wconf 92' lang='lat' dir='ltr'>de</span> <span class='ocrx_word' id='word_1_145' title='bbox 1982 506 2123 535; x_wconf 81' lang='lat' dir='ltr'>fratrum</span> <span class='ocrx_word' id='word_1_146' title='bbox 2144 514 2222 535; x_wconf 87' lang='lat' dir='ltr'>nos-</span> 
     </span>
     <span class='ocr_line' id='line_1_20' title="bbox 1218 558 2222 597; baseline 0.001 -10"><span class='ocrx_word' id='word_1_147' title='bbox 1218 563 1342 588; x_wconf 89' lang='lat' dir='ltr'>trorum</span> <span class='ocrx_word' id='word_1_148' title='bbox 1359 558 1499 589; x_wconf 85' lang='lat' dir='ltr'>consilio</span> <span class='ocrx_word' id='word_1_149' title='bbox 1508 559 1754 589; x_wconf 85' lang='lat' dir='ltr'>confirmamus.</span> <span class='ocrx_word' id='word_1_150' title='bbox 1770 559 1808 589; x_wconf 91' lang='lat' dir='ltr'>Et</span> <span class='ocrx_word' id='word_1_151' title='bbox 1821 559 1900 597; x_wconf 89' lang='lat' dir='ltr'>quia</span> <span class='ocrx_word' id='word_1_152' title='bbox 1909 567 2008 597; x_wconf 89' lang='lat' dir='ltr'>super</span> <span class='ocrx_word' id='word_1_153' title='bbox 2026 558 2222 588; x_wconf 84' lang='lat' dir='ltr'>declaratio-</span> 
     </span>
     <span class='ocr_line' id='line_1_21' title="bbox 1218 611 2220 646; baseline 0.001 -6"><span class='ocrx_word' id='word_1_154' title='bbox 1218 612 1269 641; x_wconf 89' lang='lat' dir='ltr'>nis</span> <span class='ocrx_word' id='word_1_155' title='bbox 1285 611 1425 641; x_wconf 86' lang='lat' dir='ltr'>articulo</span> <span class='ocrx_word' id='word_1_156' title='bbox 1442 612 1663 642; x_wconf 86' lang='lat' dir='ltr'>intentionem</span> <span class='ocrx_word' id='word_1_157' title='bbox 1676 617 1818 642; x_wconf 89' lang='lat' dir='ltr'>vestram</span> <span class='ocrx_word' id='word_1_158' title='bbox 1832 612 2004 642; x_wconf 80' lang='lat' dir='ltr'>fundatam</span> <span class='ocrx_word' id='word_1_159' title='bbox 2019 612 2220 646; x_wconf 82' lang='lat' dir='ltr'>invenimus,</span> 
     </span>
     <span class='ocr_line' id='line_1_22' title="bbox 1217 664 2220 704; baseline 0.001 -11"><span class='ocrx_word' id='word_1_160' title='bbox 1217 664 1423 695; x_wconf 85' lang='lat' dir='ltr'>declaramus</span> <span class='ocrx_word' id='word_1_161' title='bbox 1450 665 1491 694; x_wconf 89' lang='lat' dir='ltr'>ad</span> <span class='ocrx_word' id='word_1_162' title='bbox 1521 674 1577 695; x_wconf 91' lang='lat' dir='ltr'>vos</span> <span class='ocrx_word' id='word_1_163' title='bbox 1601 665 1796 695; x_wconf 81' lang='lat' dir='ltr'>electionem</span> <span class='ocrx_word' id='word_1_164' title='bbox 1823 664 2014 704; x_wconf 88' lang='lat' dir='ltr'>hujusmodi</span> <span class='ocrx_word' id='word_1_165' title='bbox 2042 664 2220 702; x_wconf 77' lang='lat' dir='ltr'>pertinere,</span> 
     </span>
     <span class='ocr_line' id='line_1_23' title="bbox 1217 716 2223 757; baseline -0.001 -11"><span class='ocrx_word' id='word_1_166' title='bbox 1217 717 1323 747; x_wconf 88' lang='lat' dir='ltr'>eidem</span> <span class='ocrx_word' id='word_1_167' title='bbox 1347 717 1596 756; x_wconf 85' lang='lat' dir='ltr'>archiepiscopo</span> <span class='ocrx_word' id='word_1_168' title='bbox 1617 722 1647 747; x_wconf 86' lang='lat' dir='ltr'>et</span> <span class='ocrx_word' id='word_1_169' title='bbox 1667 718 1737 757; x_wconf 85' lang='lat' dir='ltr'>ejus</span> <span class='ocrx_word' id='word_1_170' title='bbox 1764 717 2013 747; x_wconf 83' lang='lat' dir='ltr'>successorihus</span> <span class='ocrx_word' id='word_1_171' title='bbox 2031 716 2223 746; x_wconf 86' lang='lat' dir='ltr'>inhibentes</span> 
     </span>
     <span class='ocr_line' id='line_1_24' title="bbox 1218 769 2223 809; baseline -0.002 -9"><span class='ocrx_word' id='word_1_172' title='bbox 1218 780 1257 801; x_wconf 88' lang='lat' dir='ltr'>ne</span> <span class='ocrx_word' id='word_1_173' title='bbox 1275 779 1309 800; x_wconf 86' lang='lat' dir='ltr'>se</span> <span class='ocrx_word' id='word_1_174' title='bbox 1326 771 1364 800; x_wconf 86' lang='lat' dir='ltr'>de</span> <span class='ocrx_word' id='word_1_175' title='bbox 1381 770 1541 801; x_wconf 87' lang='lat' dir='ltr'>electione</span> <span class='ocrx_word' id='word_1_176' title='bbox 1560 771 1728 801; x_wconf 83' lang='lat' dir='ltr'>Roffensis</span> <span class='ocrx_word' id='word_1_177' title='bbox 1745 770 1902 809; x_wconf 75' lang='lat' dir='ltr'>episcopi,</span> <span class='ocrx_word' id='word_1_178' title='bbox 1920 770 1986 800; x_wconf 89' lang='lat' dir='ltr'>nisi</span> <span class='ocrx_word' id='word_1_179' title='bbox 2003 774 2167 808; x_wconf 84' lang='lat' dir='ltr'>quatenus</span> <span class='ocrx_word' id='word_1_180' title='bbox 2183 769 2223 799; x_wconf 87' lang='lat' dir='ltr'>ad</span> 
     </span>
     <span class='ocr_line' id='line_1_25' title="bbox 1217 822 2223 862; baseline -0.002 -9"><span class='ocrx_word' id='word_1_181' title='bbox 1217 832 1272 853; x_wconf 87' lang='lat' dir='ltr'>eos</span> <span class='ocrx_word' id='word_1_182' title='bbox 1286 823 1526 861; x_wconf 87' lang='lat' dir='ltr'>metropolitico</span> <span class='ocrx_word' id='word_1_183' title='bbox 1541 824 1615 862; x_wconf 87' lang='lat' dir='ltr'>jure</span> <span class='ocrx_word' id='word_1_184' title='bbox 1633 828 1768 862; x_wconf 84' lang='lat' dir='ltr'>spectat,</span> <span class='ocrx_word' id='word_1_185' title='bbox 1786 823 1928 853; x_wconf 89' lang='lat' dir='ltr'>ulterius</span> <span class='ocrx_word' id='word_1_186' title='bbox 1948 822 2159 861; x_wconf 83' lang='lat' dir='ltr'>aliquatenus</span> <span class='ocrx_word' id='word_1_187' title='bbox 2175 822 2223 851; x_wconf 88' lang='lat' dir='ltr'>in-</span> 
     </span>
     <span class='ocr_line' id='line_1_26' title="bbox 1218 874 2224 914; baseline -0.002 -9"><span class='ocrx_word' id='word_1_188' title='bbox 1218 876 1413 906; x_wconf 86' lang='lat' dir='ltr'>tromittant.</span> <span class='ocrx_word' id='word_1_189' title='bbox 1435 876 1528 906; x_wconf 88' lang='lat' dir='ltr'>Nulli</span> <span class='ocrx_word' id='word_1_190' title='bbox 1549 886 1625 914; x_wconf 83' lang='lat' dir='ltr'>ergo</span> <span class='ocrx_word' id='word_1_191' title='bbox 1651 881 1762 907; x_wconf 89' lang='lat' dir='ltr'>nostre</span> <span class='ocrx_word' id='word_1_192' title='bbox 1787 875 2021 906; x_wconf 84' lang='lat' dir='ltr'>declarationis</span> <span class='ocrx_word' id='word_1_193' title='bbox 2046 879 2077 905; x_wconf 89' lang='lat' dir='ltr'>et</span> <span class='ocrx_word' id='word_1_194' title='bbox 2098 874 2224 904; x_wconf 91' lang='lat' dir='ltr'>inhibi—</span> 
     </span>
     <span class='ocr_line' id='line_1_27' title="bbox 1218 927 2224 968; baseline -0.001 -10"><span class='ocrx_word' id='word_1_195' title='bbox 1218 929 1318 959; x_wconf 87' lang='lat' dir='ltr'>tionis</span> <span class='ocrx_word' id='word_1_196' title='bbox 1337 933 1396 959; x_wconf 88' lang='lat' dir='ltr'>etc.</span> <span class='ocrx_word' id='word_1_197' title='bbox 1416 930 1450 960; x_wconf 84' lang='lat' dir='ltr'>Si</span> <span class='ocrx_word' id='word_1_198' title='bbox 1471 930 1546 968; x_wconf 85' lang='lat' dir='ltr'>quis</span> <span class='ocrx_word' id='word_1_199' title='bbox 1562 934 1672 960; x_wconf 86' lang='lat' dir='ltr'>autem</span> <span class='ocrx_word' id='word_1_200' title='bbox 1693 934 1754 960; x_wconf 87' lang='lat' dir='ltr'>etc.</span> <span class='ocrx_word' id='word_1_201' title='bbox 1778 930 1851 960; x_wconf 86' lang='lat' dir='ltr'>Dat.</span> <span class='ocrx_word' id='word_1_202' title='bbox 1880 928 2046 962; x_wconf 86' lang='lat' dir='ltr'>Laterani,</span> <span class='ocrx_word' id='word_1_203' title='bbox 2063 928 2147 958; x_wconf 83' lang='lat' dir='ltr'>XIH</span> <span class='ocrx_word' id='word_1_204' title='bbox 2165 927 2224 957; x_wconf 84' lang='lat' dir='ltr'>ka-</span> 
     </span>
     <span class='ocr_line' id='line_1_28' title="bbox 1217 981 2162 1022; baseline -0.005 -10"><span class='ocrx_word' id='word_1_205' title='bbox 1217 983 1332 1013; x_wconf 86' lang='lat' dir='ltr'>lendas</span> <span class='ocrx_word' id='word_1_206' title='bbox 1350 983 1477 1021; x_wconf 87' lang='lat' dir='ltr'>aprilis,</span> <span class='ocrx_word' id='word_1_207' title='bbox 1495 983 1707 1022; x_wconf 84' lang='lat' dir='ltr'>pontificatus</span> <span class='ocrx_word' id='word_1_208' title='bbox 1722 982 1826 1012; x_wconf 88' lang='lat' dir='ltr'>nostri</span> <span class='ocrx_word' id='word_1_209' title='bbox 1839 991 1926 1012; x_wconf 84' lang='lat' dir='ltr'>anno</span> <span class='ocrx_word' id='word_1_210' title='bbox 1942 981 2130 1011; x_wconf 86' lang='lat' dir='ltr'>undecimo.</span> <span class='ocrx_word' id='word_1_211' title='bbox 2150 991 2162 1007; x_wconf 79' lang='lat'>»</span> 
     </span>
    </p>
   </div>
   <div class='ocr_carea' id='block_1_4' title="bbox 940 1961 1416 1989">
    <p class='ocr_par' dir='ltr' id='par_1_4' title="bbox 940 1961 1416 1989">
     <span class='ocr_line' id='line_1_29' title="bbox 940 1961 1416 1989; baseline 0 -1"><span class='ocrx_word' id='word_1_212' title='bbox 940 1969 990 1988; x_wconf 74' lang='lat' dir='ltr'>Fu&lt;</span> <span class='ocrx_word' id='word_1_213' title='bbox 1014 1968 1053 1988; x_wconf 77' lang='lat' dir='ltr'>DE</span> <span class='ocrx_word' id='word_1_214' title='bbox 1078 1969 1115 1988; x_wconf 75' lang='lat' dir='ltr'>LA</span> <span class='ocrx_word' id='word_1_215' title='bbox 1139 1961 1276 1989; x_wconf 67' lang='lat' dir='ltr'>omri-:ME</span> <span class='ocrx_word' id='word_1_216' title='bbox 1300 1962 1416 1989; x_wconf 71' lang='grc' dir='ltr'>ΑΝΝὲι-ῑ.</span> 
     </span>
    </p>
   </div>
  </div>
 </body>
</html>
