2423 3487
139 283 206 311 toti}
853 277 1088 307 tzt-:fflsTsst-:s
1112 275 1165 304 DE
1188 269 1409 305 GREGOIRE
1435 276 1492 305 IX.
2150 275 2223 305 1044

135 352 190 376 late
208 348 305 374 scribit
325 348 358 373 *lc
380 356 465 372 causa
485 346 599 371 abbatis
623 344 792 370 monastcrii
818 343 920 370 Sancti
941 341 1132 376 cucuphatis,

133 397 243 423 ordinis
260 395 352 421 sancti
366 394 530 425 Rvnetticti,
547 397 646 419 eontra
665 392 932 418 Barcliiiwnensem
951 390 1130 424 episcopum,

134 445 197 477 qui,
231 444 258 469 in
292 443 403 468 dictum
437 441 663 471 monasterium,
690 440 764 473 quml
793 439 867 472 juris
892 442 919 465 et
945 437 1132 472 proprietatis

132 491 317 525 Apostolicae
340 491 424 517 Sedis
441 495 512 520 erat,
534 489 695 515 i11d‹›t›it:n11
718 487 953 521 jurisclicthmem
975 486 1030 512 sibi
1049 494 1133 512 usur-

135 549 219 574 pans,
248 540 284 566 ab
313 539 411 565 eodem
438 537 543 564 abbate
573 537 770 563 obedientiam
799 539 824 562 et
854 535 1048 561 reverentiam
1075 534 1130 561 sibi

133 587 263 614 .·xhiberi
282 586 422 614 faciebat:
440 586 481 611 cis
497 586 615 611 mandat
633 587 786 618 quatenus,
808 583 943 609 eumdem
962 583 1130 616 episcopum

134 638 161 663 in
180 636 314 670 expensis
331 644 410 668 quas.
432 637 547 668 propter
562 634 654 667 ipsius
671 632 800 666 episcopi
818 631 1012 666 procuratoris
1029 634 1132 657 contu-

134 685 269 711 mariam.
294 684 335 709 cis
358 682 521 709 eonstiterit
545 682 679 707 euimlem
703 681 837 706 abbatem
866 680 894 706 in
918 680 1018 705 eadem
1045 687 1133 705 causa

133 733 244 763 iecisse,
279 732 526 761 comlmnnantes,
562 733 620 755 tam
650 729 699 755 ‹liu
728 729 822 754 eidem
851 728 950 754 abbati
973 730 1132 761 proventus

131 781 343 807 ecclesiasticos
361 779 501 813 praedicti
521 778 715 812 procuratoris
732 777 912 804 ministrent.
927 776 1018 802 donee
1035 775 1130 801 eidem

131 829 228 855 abbati
244 829 278 854 ιΙιΔ
296 828 355 854 illis
371 827 506 861 expensis
523 827 559 852 sit
578 826 780 856 satisfactmn;
796 825 906 851 additis
922 824 1048 850 dix-ersis
1064 823 1132 850 aliis

134 878 289 906 mandatis,
298 876 429 902 eamdem
441 884 558 901 cansam
569 874 818 905 ‹·01111'112.ve1111bus.
831 888 859 890 —
871 874 956 905 (Rea.
968 872 1012 905 19,
1024 873 1043 898 f.
1052 872 1131 902 251·⁰;

130 935 198 952 ann.
214 926 281 954 XII.
297 925 398 952 1213&
418 939 446 941 —
465 926 501 949 ct'.
519 930 614 954 snpra,
633 922 766 953 tr'1222.)

170 1046 180 1057 ν(
204 1055 222 1061 ..
247 1032 397 1069 quondam
422 1031 576 1060 Ilm-«lensi,
603 1031 632 1057 ιίι
658 1030 906 1058 serr-aconensem
929 1028 1133 1064 archiepisco-

128 1096 198 1123 pum
216 1086 311 1119 electo,
332 1090 357 1113 el
378 1107 396 1112 ..
427 1084 538 1112 l'iecnsi
558 1083 712 1119 episcopis,
737 1087 761 1110 el
787 1105 806 1109 ..
824 1082 972 1119 preposito
991 1081 1132 1109 Terraco-

131 1140 227 1167 nenst‘.
244 1138 325 1168 Cum
343 1137 463 1165 dudum
483 1136 521 1165 ad
543 1139 687 1164 nostram
704 1134 908 1164 audientiam
927 1132 1131 1171 pervenisset

129 1191 212 1229 qnod
234 1189 432 1220 venerabilis
450 1189 551 1218 frater
573 1193 682 1217 noster
701 1209 720 1216 ..
742 1185 1025 1216 Barchinonensis
1045 1185 1132 1222 epis-

130 1252 240 1281 eopus,
278 1243 308 1271 in
346 1241 582 1271 monasterinm
611 1240 722 1270 Sancti
754 1239 973 1277 Cucuphatis.
1005 1238 1131 1268 ordinis

130 1296 234 1325 sancti
258 1295 437 1329 Benedicti,
459 1294 543 1333 quod
564 1294 649 1332 juris
669 1298 697 1322 et
716 1292 927 1330 proprietatis
945 1291 1131 1329 Apostolice

130 1349 224 1379 Sedis
243 1348 363 1379 existit.
385 1348 417 1376 in
439 1347 654 1386 prejudicium
674 1346 819 1375 Ecclesie
836 1346 984 1375 Romane
1001 1344 1132 1374 indebi-

130 1407 194 1431 tam
211 1402 274 1431 sibi
289 1401 554 1439 jurisdictionem
580 1408 755 1437 usurpans,
782 1398 821 1427 ab
847 1422 865 1427 ..
885 1398 1000 1427 abbate
1024 1397 1131 1435 ipsius

128 1454 321 1484 monasterii
345 1454 493 1483 exhiberi
521 1453 583 1482 sibi
608 1452 830 1482 obedientiam
855 1456 885 1481 et
911 1451 1132 1481 reverentiam

129 1518 184 1546 pro
197 1507 291 1536 libito
308 1507 447 1536 faciebat
464 1517 469 1534 :
489 1506 617 1535 dilectis
636 1505 715 1534 filiis
735 1528 752 1533 ..
772 1505 886 1534 Fontis
903 1504 1040 1541 Frigidi,
1058 1503 1132 1534 Cis-

128 1560 301 1590 tereiensis
317 1559 453 1593 ordinis,
473 1582 491 1587 ..
510 1557 730 1596 Rivipollensi
745 1563 775 1587 et
794 1581 812 1586 ..
830 1557 942 1587 Sancti
960 1556 1132 1586 Benedicti

129 1614 167 1643 de
182 1614 280 1650 Bagis
298 1612 483 1646 abbatibus,
495 1611 723 1641 Narbonensis
734 1615 762 1641 et
780 1610 933 1640 Vicensis
950 1610 1130 1643 dioeesum,

130 1667 279 1696 dedimus
295 1665 415 1695 nostris
432 1665 553 1694 litteris
568 1664 602 1693 in
618 1664 781 1693 mandatis
796 1668 841 1697 ut,
860 1662 1020 1701 inquisita
1034 1671 1132 1700 super

130 1719 189 1748 hoc
209 1724 236 1748 et
254 1719 384 1756 cognita
407 1718 555 1747 veritate.
577 1717 605 1747 si
622 1721 705 1746 esset
725 1717 780 1747 ita.
802 1717 924 1745 dictum
942 1716 1131 1753 episcopum

131 1777 162 1801 ut
189 1772 228 1801 ab
253 1771 440 1810 hujusmodi
468 1770 713 1808 presumptione
739 1770 923 1804 desisteret,
949 1769 1131 1798 monitione

130 1825 300 1863 premissa.
322 1824 495 1862 sub[1noto]
515 1822 771 1862 ap[pellationis]
791 1822 996 1861 ol·[staculo],
1020 1826 1132 1851 aucto-

130 1879 225 1907 ritate
244 1882 355 1906 nostra
371 1876 615 1914 compellerent,
635 1880 729 1913 prout
743 1875 885 1913 exigeret
903 1874 1089 1913 ordojuris.
1105 1875 1131 1904 A

130 1931 249 1969 quibus
266 1930 351 1959 idem
369 1930 540 1967 episcopus
558 1929 678 1958 dicitur
695 1928 889 1967 appellasse,
909 1937 965 1966 pro
980 1937 1016 1957 eo
1033 1928 1130 1966 quod,

131 1984 213 2012 sicut
231 1983 359 2012 asserit.
380 1982 443 2020 ipsi
460 1991 533 2011 cum
558 1982 732 2011 diocesano
755 1990 815 2011 suo
835 1981 978 2011 similem
998 1990 1131 2010 causam

131 2036 262 2068 liabent,
281 2040 311 2065 ct
327 2036 412 2074 quod
429 2035 507 2065 dicti
524 2035 716 2064 monasterii
741 2035 885 2064 existunt
911 2034 1074 2063 monachi.
1096 2043 1132 2063 ac

131 2090 228 2119 etiam
252 2089 357 2118 dictus
381 2089 491 2118 Sancti
513 2088 715 2126 Cucnpliatis
733 2088 832 2117 abbas
851 2092 917 2117 erat
936 2096 972 2116 ex
992 2087 1132 2116 diversis

131 2143 240 2171 causis
263 2141 394 2171 vinculo
419 2141 769 2171 excomnmnicationis
792 2141 959 2170 astrictus.
983 2140 1132 2178 Cumque

128 2195 256 2233 judiees
279 2195 342 2232 ipsi
359 2204 455 2223 cause
477 2203 676 2232 processum.
695 2194 729 2222 in
754 2194 884 2223 modum
902 2193 1133 2232 inquisitionis

132 2248 292 2278 habitum,
312 2247 350 2275 ad
368 2252 512 2276 nostram
526 2247 726 2285 1:11·esentiain
744 2247 963 2276 remisissent.
980 2250 1009 2275 et
1024 2255 1133 2275 coram

132 2300 214 2329 bone
242 2300 396 2328 memorie
424 2299 612 2338 21[011anne].
640 2299 817 2329 Sabim-nsi
843 2299 1007 2337 episcopo,
1036 2308 1133 2337 quem

132 2352 217 2381 dicto
235 2352 343 2381 abbati
365 2353 472 2381 Sancti
496 2352 696 2389 Cin-upliatis
714 2357 743 2381 et
762 2353 798 2381 Β.
825 2352 863 2381 de
892 2351 1041 2382 Pinellis.
1061 2361 1134 2388 pro—

132 2405 274 2434 curatori
289 2405 433 2443 ejusdem
452 2405 606 2442 episcopi.
623 2415 720 2443 snper
737 2405 938 2443 exceptionis
953 2414 1052 2434 causa
1068 2405 1134 2433 sns-

133 2458 246 2487 ticiens
257 2458 295 2486 ad
308 2458 468 2493 agendum
483 2463 510 2487 ct
527 2458 767 2488 del'cn‹lendnm
780 2457 972 2487 mandatum
986 2457 1133 2492 habenti,

133 2511 320 2540 constitutis
334 2511 365 2539 in
384 2511 547 2549 praesu-ntia
564 2516 684 2540 nostra.
698 2511 922 2541 concessimus
937 2511 1133 2540 auditorem.

134 2564 233 2593 fuerit
250 2563 326 2592 hinc
344 2563 418 2592 insle
435 2563 628 2601 aliquandiu
645 2564 862 2601 disceptatum
881 2574 886 2592 :
903 2563 990 2593 idem
1004 2563 1134 2593 tandem

133 2617 262 2646 auditor
287 2617 407 2645 dictum
436 2623 693 2654 procuratorem.
719 2616 931 2655 appellationi
957 2616 996 2645 ab
1022 2616 1135 2645 eodem

133 2670 283 2708 episcopo
302 2670 505 2707 interposite,
527 2671 620 2708 cujus
638 2680 734 2700 cause
753 2670 885 2708 probate
908 2678 972 2699 non
990 2670 1133 2700 fuerant,

133 2724 228 2752 dietis
251 2723 418 2761 judicibus
441 2724 647 2761 exceptiones
670 2733 768 2761 snper
791 2723 851 2752 lioc
873 2722 1057 2761 propositas
1079 2723 1133 2752 ad-

134 2776 262 2805 mittor<¹
280 2785 343 2805 nou
363 2777 571 2813 negantilnis,
584 2785 682 2805 causa
698 2775 897 2813 subterfugii
914 2775 1133 2809 inlici-entem,

131 2828 259 2866 justitia
278 2829 438 2864 cxij-rente,
456 2829 597 2858 decrevit
618 2828 735 2857 debere
753 2837 851 2866 super
868 2827 1042 2865 principali
1062 2837 1135 2865 pro-

137 2881 260 2909 cedvrw.
287 2881 503 2918 apljwllatione
529 2881 719 2920 hujusmodi
743 2890 807 2909 non
832 2881 999 2909 obstante:
1029 2880 1134 2915 illum,

139 2934 267 2961 nsunin·¹
285 2934 361 2962 ‹licti
381 2934 660 2963 ssarcltinoncnsis
679 2934 833 2971 episcopi.
853 2942 949 2971 quem
967 2933 1135 2963 constabat

1216 340 1367 370 abbatem
1393 341 1546 376 eundem,
1571 350 1628 379 per
1649 341 1769 370 multas
1793 340 1970 371 dilationes
1994 340 2223 370 frustratorias

1215 399 1245 424 et
1265 393 1501 431 appellationes
1517 393 1664 427 frivolas,
1685 393 1844 430 fatigasse
1861 393 1918 423 diu
1935 393 2105 423 laboribus
2121 398 2152 423 et
2169 402 2224 424 ex-

1215 447 1338 484 pensis,
1357 446 1420 484 ipsi
1447 446 1568 475 abbati.
1587 446 1627 475 ab
1644 445 1757 475 eodem
1780 446 1872 483 prius
1889 446 2078 484 juramento
2094 450 2224 484 recepto

1215 504 1244 528 et
1265 499 1429 528 taxatione
1446 498 1619 536 prehabita
1643 498 1808 535 diligenti,
1829 498 1867 528 de
1889 498 2044 528 mandato
2061 503 2172 528 nostro
2188 499 2221 528 in

1215 555 1346 581 centum
1364 551 1459 580 libris
1473 551 1679 580 Turonensis
1697 555 1826 580 monete
1844 560 1901 589 pro
1919 551 2072 589 expensis
2089 556 2224 581 senten-

1216 604 1339 635 tialiter
1368 603 1651 641 condempnando.
1682 604 1824 637 Verum,
1858 612 1932 633 cum
1964 603 2104 634 dilectus
2134 603 2223 633 filius

1216 661 1327 686 noster
1344 655 1568 695 S[tephanus],
1587 655 1675 685 tituli
1696 656 1814 686 Sancte
1833 656 1936 686 Marie
1960 656 1994 685 in
2019 656 2223 695 Transtybe-

1215 709 1277 738 rim
1296 708 1459 746 presbiter
1477 707 1669 743 cardinalis,
1688 717 1797 747 quem,
1814 708 1926 738 eodem
1946 708 2124 739 Sahinensi
2141 709 2224 747 epis-

1215 771 1293 799 copo
1310 761 1445 791 interim
1463 760 1593 790 sublato
1609 760 1647 790 de
1664 761 1783 795 medio,
1802 760 1899 791 dictis
1922 761 2071 799 partibus
2088 770 2223 792 conces-

1215 814 1320 843 simus
1344 813 1539 843 auditorem.
1568 817 1633 842 tam
1660 813 1822 851 premissa
1854 822 1953 852 quam
1981 822 2017 843 ea
2044 823 2107 852 que
2131 814 2223 844 fuere

1215 867 1291 896 hinc
1312 866 1387 896 inde
1402 866 1568 904 proposita
1585 875 1694 896 coram
1711 875 1759 901 eo,
1774 866 1870 896 nobis
1882 866 2024 896 fideliter
2033 863 2202 896 retulisset
2216 876 2222 895 :

1216 928 1274 949 nos
1292 927 1482 957 processum
1498 918 1648 957 judicum
1665 919 1896 956 predictorum,
1914 918 2046 957 justitia
2059 919 2222 956 exigente,

1215 972 1439 1006 cassavimus,
1474 981 1548 1001 cum
1575 972 1774 1002 intentionis
1802 977 1913 1002 nostre
1944 981 2008 1002 non
2039 972 2140 1002 fuerit
2169 976 2222 1006 ut,

1214 1026 1337 1055 omisso
1351 1025 1437 1064 juris
1453 1025 1580 1060 ordine,
1599 1033 1656 1063 per
1671 1025 1903 1064 inquisitionis
1920 1025 2053 1055 modum
2069 1025 2226 1063 procede-

1216 1083 1306 1108 retur
1322 1078 1356 1107 in
1379 1078 1510 1115 negotio
1526 1083 1719 1108 memorato.
1737 1078 1903 1113 Ceterum,
1921 1078 1999 1108 licet
2015 1078 2102 1107 idem
2118 1077 2224 1107 cardi-

1216 1131 1313 1166 nalis,
1332 1131 1369 1161 de
1388 1131 1524 1169 speciali
1544 1131 1698 1161 mandato
1709 1131 2225 1170 nostro.procuratoriprecepis-

1216 1189 1265 1215 set
1290 1184 1398 1214 eidem
1434 1189 1468 1213 nt
1499 1184 1713 1222 responderet
1745 1184 1858 1214 libello
1890 1193 1988 1223 super
2023 1184 2225 1222 exceptionis

1215 1247 1315 1268 eausa
1330 1247 1388 1276 pro
1405 1238 1484 1268 dicti
1501 1238 1630 1267 abbatis
1647 1243 1737 1276 parte
1751 1242 1911 1276 porrecto.
1926 1237 1987 1267 sub
2001 1246 2085 1276 pena
2101 1246 2226 1267 excom-

1216 1291 1454 1321 municationis
1472 1290 1712 1320 nichilominus
1738 1290 1921 1321 inhibendo
1943 1299 1982 1320 ne
2005 1300 2022 1320 a
2043 1290 2135 1320 curia
2154 1290 2226 1320 sinc

1216 1343 1370 1374 mandato
1398 1348 1510 1373 nostro
1534 1343 1701 1373 recederet
1726 1343 1863 1382 speciali
1888 1353 1894 1372 :
1922 1348 2030 1373 tamen
2054 1343 2153 1378 idem,
2179 1347 2227 1373 te-

1216 1406 1305 1427 mere
1322 1406 1475 1427 asserens
1495 1405 1529 1427 se
1546 1406 1564 1426 a
1583 1397 1679 1427 nobis
1702 1397 1742 1427 ad
1760 1397 2028 1435 respondendum
2047 1405 2113 1426 non
2129 1405 2225 1435 posse

1216 1449 1378 1488 compelli,
1399 1450 1585 1480 absentavit
1597 1459 1631 1480 se
1648 1450 1888 1480 contumaciter
1906 1454 1937 1480 et
1952 1449 2101 1480 recessit.
2117 1449 2225 1486 Quare

1216 1503 1427 1542 supradictus
1444 1502 1545 1533 abbas
1557 1503 1699 1533 incurrit
1716 1503 1858 1541 dampna
1874 1503 1987 1540 gravia
2003 1507 2034 1533 et
2048 1511 2224 1541 expensas:

1215 1566 1315 1595 super
1331 1565 1396 1595 quo
1412 1555 1476 1585 sibi
1495 1555 1591 1594 petiit
1608 1555 1795 1594 Apostolice
1815 1555 1910 1586 Sedis
1926 1555 2135 1594 providentia
2151 1555 2225 1585 sul)—

1216 1609 1335 1639 veniri.
1355 1609 1424 1639 Nos
1440 1609 1554 1647 igitur,
1577 1608 1615 1639 de
1640 1609 1747 1647 ipsius
1771 1609 1994 1647 procuratoris
2017 1609 2225 1638 contumacia

1216 1672 1274 1701 per
1289 1662 1493 1692 cardinalem
1509 1662 1650 1692 eundern
1669 1661 1873 1692 sufficienter
1888 1661 2055 1697 instructi,
2075 1661 2225 1692 nolentes

1216 1715 1326 1753 ipsum
1346 1715 1385 1745 de
1408 1714 1600 1753 hujusmodi
1623 1714 1831 1744 contumacia
1855 1713 2002 1751 gloriari,
2028 1713 2225 1744 mandamus

1216 1772 1393 1807 quatenus,
1414 1776 1488 1797 eum
1508 1767 1601 1805 juxta
1624 1767 1824 1796 taxationem
1848 1771 1990 1797 vestram
2013 1767 2048 1796 in
2072 1767 2226 1805 expensis

1216 1830 1310 1860 quas,
1333 1825 1465 1859 propter
1484 1820 1554 1858 ejus
1581 1819 1835 1854 contumaclam,
1859 1819 1983 1849 dictum
2001 1819 2152 1849 abbatem
2168 1828 2227 1858 per

1213 1875 1439 1914 juramentum
1459 1882 1554 1903 suum
1580 1873 1614 1902 in
1639 1872 1752 1903 eadem
1777 1882 1877 1903 causa
1899 1872 1951 1902 vel
1972 1873 2012 1902 ob
2036 1881 2108 1903 eam
2133 1872 2226 1903 vobis

1216 1928 1355 1958 fecisse¹
1372 1926 1570 1957 constiterit.
1589 1925 1881 1964 condempnantes,
1899 1925 2024 1955 tamdiu
2043 1925 2149 1955 eidem
2169 1925 2227 1955 ab·

1217 1981 1284 2011 bati
1296 1979 1519 2019 procuratoris
1531 1979 1638 2018 ipsius
1651 1983 1830 2017 proventus
1843 1979 2085 2009 ecclesiasticos
2099 1979 2227 2017 integre

1216 2033 1428 2064 ministretis.
1447 2033 1549 2063 donec
1565 2033 1609 2062 sit
1626 2032 1656 2062 ei
1676 2032 1715 2062 de
1732 2032 1814 2070 ipsis
1833 2032 1986 2071 expensis
2007 2031 2155 2070 plenarie
2174 2041 2228 2062 sa·-

1217 2088 1398 2117 tisfactum.
1420 2085 1688 2117 Contradictores
1710 2089 1772 2115 etc.
1795 2085 2028 2123 Supradictum
2050 2094 2127 2115 vero
2146 2085 2228 2115 Bar-

1216 2140 1456 2170 cliinonensem
1483 2140 1673 2178 episcopum
1697 2143 1731 2168 ut
1757 2138 1863 2168 eidem
1889 2138 1999 2168 abbati
2021 2138 2227 2176 supradictas

1216 2199 1349 2224 centum
1372 2193 1475 2222 libras
1499 2192 1571 2223 sine
1594 2191 1754 2221 dilatione
1776 2200 1811 2220 ac
1834 2191 2027 2221 difficultate
2048 2190 2225 2229 persolvat,

1216 2247 1399 2276 monitione
1423 2246 1596 2284 premissa,
1621 2245 1799 2284 sub[moto]
1825 2244 2081 2283 ap[pellati0nis]
2103 2244 2227 2284 ob[sta-

1216 2300 1313 2337 culo],
1335 2299 1530 2329 auctoritate
1549 2302 1661 2328 nostra
1678 2297 1820 2335 cogatis;
1842 2306 1890 2332 ac7
1909 2306 2008 2335 super
2021 2297 2228 2335 exemptione

1216 2352 1422 2386 monasterii,
1440 2351 1669 2385 ecclesiarum,
1687 2349 1883 2380 clericorum
1901 2354 1932 2379 et
1948 2349 2122 2379 hominum
2139 2349 2228 2388 ejus-

1217 2406 1301 2436 dem.
1318 2405 1442 2435 vocatis
1460 2404 1517 2443 qui
1542 2404 1668 2434 fuerint
1691 2403 1860 2438 evocandi,
1882 2407 1912 2432 et
1931 2403 2085 2433 restituto
2103 2402 2136 2432 in
2160 2407 2228 2432 sta-

1218 2464 1287 2488 tum
1303 2458 1451 2488 debitum
1471 2456 1631 2496 quicquid
1651 2456 1685 2486 in
1707 2455 1814 2494 ipsius
1838 2455 2034 2485 monasterii
2054 2455 2105 2486 vel
2125 2464 2228 2485 mem-

1218 2512 1351 2541 brorum
1388 2512 1476 2550 ejus,
1519 2515 1574 2540 aut
1611 2510 1651 2539 ab
1688 2509 1799 2548 aliqua
1836 2509 1980 2547 partium
2017 2509 2052 2538 in
2089 2508 2228 2539 alterius

1218 2564 1448 2603 prejudicium,
1461 2568 1530 2602 post
1541 2563 1688 2601 priorum
1697 2561 1847 2601 judicum
1856 2561 2047 2591 citationem
2058 2561 2226 2594 emissam,

1218 2618 1415 2647 inveneritis
1443 2621 1564 2647 temere
1594 2619 1841 2654 attemptatum,
1869 2614 2013 2645 audiatis
2036 2623 2170 2644 causam
2197 2619 2229 2645 et

1218 2680 1301 2705 eain,
1335 2670 1539 2700 sufficienter
1565 2669 1778 2703 instructam,
1803 2667 1844 2697 ad
1871 2671 2020 2698 nostrum
2049 2667 2228 2698 remittatis

1218 2732 1371 2757 examen3
1390 2723 1512 2761 pretixo
1530 2721 1679 2761 partibus
1697 2720 1838 2751 termino
1862 2719 2083 2759 peremptorio
2099 2729 2229 2758 compe-

1219 2777 1311 2806 tenti.
1330 2785 1394 2814 quo
1418 2780 1529 2805 nostro
1547 2785 1581 2805 se
1598 2774 1789 2813 conspectui
1810 2778 2050 2812 representem7
2065 2772 2227 2812 ju[stam].

1254 2903 1274 2925 t.
1293 2902 1344 2926 Les
1361 2906 1430 2924 mois
1452 2909 1457 2925 ι
1479 2909 1490 2922 «
1508 2902 1586 2924 vobis
1603 2901 1703 2924 fecisse
1720 2908 1731 2922 n
1752 2903 1815 2924 sont
1836 2899 1944 2930 repetes
1959 2899 2032 2922 deux
2049 2899 2100 2922 sois
2119 2898 2186 2922 dans
2205 2899 2229 2922 le

1224 2947 1382 2969 manuscrit.
