<?xml version="1.0" encoding="UTF-8"?>
<!DOCTYPE html PUBLIC "-//W3C//DTD XHTML 1.0 Transitional//EN"
    "http://www.w3.org/TR/xhtml1/DTD/xhtml1-transitional.dtd">
<html xmlns="http://www.w3.org/1999/xhtml" xml:lang="en" lang="en">
 <head>
  <title>
</title>
<meta http-equiv="Content-Type" content="text/html;charset=utf-8" />
  <meta name='ocr-system' content='tesseract 3.04.00' />
  <meta name='ocr-capabilities' content='ocr_page ocr_carea ocr_par ocr_line ocrx_word'/>
</head>
<body>
  <div class='ocr_page' id='page_1' title='image "./lesregistresdale02cathuoft_0256.png"; bbox 0 0 2423 3487; ppageno 0'>
   <div class='ocr_carea' id='block_1_1' title="bbox 223 302 2317 347">
    <p class='ocr_par' dir='ltr' id='par_1_1' title="bbox 223 302 2317 347">
     <span class='ocr_line' id='line_1_1' title="bbox 223 302 2317 347; baseline -0.004 -1"><span class='ocrx_word' id='word_1_1' title='bbox 223 319 278 347; x_wconf 80' lang='lat'>467</span> <span class='ocrx_word' id='word_1_2' title='bbox 946 310 1184 340; x_wconf 76' lang='lat' dir='ltr'>REGisTREs</span> <span class='ocrx_word' id='word_1_3' title='bbox 1207 310 1261 339; x_wconf 88' lang='lat' dir='ltr'>DE</span> <span class='ocrx_word' id='word_1_4' title='bbox 1284 302 1506 339; x_wconf 80' lang='lat' dir='ltr'>GREGOIRE</span> <span class='ocrx_word' id='word_1_5' title='bbox 1530 311 1588 339; x_wconf 80' lang='lat' dir='ltr'>tx.</span> <span class='ocrx_word' id='word_1_6' title='bbox 2259 308 2317 338; x_wconf 78' lang='lat'>468</span> 
     </span>
    </p>
   </div>
   <div class='ocr_carea' id='block_1_2' title="bbox 220 376 1229 1950">
    <p class='ocr_par' dir='ltr' id='par_1_2' title="bbox 220 376 1229 1950">
     <span class='ocr_line' id='line_1_2' title="bbox 225 376 1227 416; baseline -0.009 -3"><span class='ocrx_word' id='word_1_7' title='bbox 225 389 273 413; x_wconf 87' lang='lat' dir='ltr'>tcs</span> <span class='ocrx_word' id='word_1_8' title='bbox 285 381 476 411; x_wconf 74' lang='lat' dir='ltr'>indistincte</span> <span class='ocrx_word' id='word_1_9' title='bbox 490 379 593 408; x_wconf 79' lang='lat' dir='ltr'>fuisse</span> <span class='ocrx_word' id='word_1_10' title='bbox 603 378 788 416; x_wconf 83' lang='lat' dir='ltr'>productos.</span> <span class='ocrx_word' id='word_1_11' title='bbox 798 376 1227 415; x_wconf 80' lang='lat' dir='ltr'>pronuntiavitpetitionem</span> 
     </span>
     <span class='ocr_line' id='line_1_3' title="bbox 225 428 1227 472; baseline -0.009 -7"><span class='ocrx_word' id='word_1_12' title='bbox 225 437 262 465; x_wconf 87' lang='lat' dir='ltr'>de</span> <span class='ocrx_word' id='word_1_13' title='bbox 280 433 459 472; x_wconf 79' lang='lat' dir='ltr'>supplendo</span> <span class='ocrx_word' id='word_1_14' title='bbox 474 430 736 470; x_wconf 68' lang='lat' dir='ltr'>quadragenario</span> <span class='ocrx_word' id='word_1_15' title='bbox 753 438 890 458; x_wconf 82' lang='lat' dir='ltr'>numero</span> <span class='ocrx_word' id='word_1_16' title='bbox 908 429 1098 458; x_wconf 90' lang='lat' dir='ltr'>nullatenus</span> <span class='ocrx_word' id='word_1_17' title='bbox 1113 428 1227 457; x_wconf 87' lang='lat' dir='ltr'>admit-</span> 
     </span>
     <span class='ocr_line' id='line_1_4' title="bbox 226 481 1225 523; baseline -0.008 -6"><span class='ocrx_word' id='word_1_18' title='bbox 226 488 367 521; x_wconf 78' lang='lat' dir='ltr'>tendam,</span> <span class='ocrx_word' id='word_1_19' title='bbox 383 485 438 515; x_wconf 83' lang='lat' dir='ltr'>sed</span> <span class='ocrx_word' id='word_1_20' title='bbox 451 484 608 523; x_wconf 83' lang='lat' dir='ltr'>quosdam</span> <span class='ocrx_word' id='word_1_21' title='bbox 626 483 853 512; x_wconf 80' lang='lat' dir='ltr'>testium.cu1n</span> <span class='ocrx_word' id='word_1_22' title='bbox 869 481 1064 518; x_wconf 74' lang='lat' dir='ltr'>interrogati</span> <span class='ocrx_word' id='word_1_23' title='bbox 1081 481 1225 510; x_wconf 70' lang='grc'><strong>11001110-</strong></span> 
     </span>
     <span class='ocr_line' id='line_1_5' title="bbox 224 534 1224 573; baseline -0.007 -4"><span class='ocrx_word' id='word_1_24' title='bbox 224 541 290 569; x_wconf 99' lang='lat' dir='ltr'>rint</span> <span class='ocrx_word' id='word_1_25' title='bbox 310 540 348 569; x_wconf 86' lang='lat' dir='ltr'>de</span> <span class='ocrx_word' id='word_1_26' title='bbox 369 538 522 567; x_wconf 85' lang='lat' dir='ltr'>omnibus</span> <span class='ocrx_word' id='word_1_27' title='bbox 539 535 688 565; x_wconf 75' lang='lat' dir='ltr'>articulis</span> <span class='ocrx_word' id='word_1_28' title='bbox 704 544 802 573; x_wconf 85' lang='lat' dir='ltr'>super</span> <span class='ocrx_word' id='word_1_29' title='bbox 816 535 936 573; x_wconf 81' lang='lat' dir='ltr'>quibus</span> <span class='ocrx_word' id='word_1_30' title='bbox 954 535 1046 563; x_wconf 85' lang='lat' dir='ltr'>fuere</span> <span class='ocrx_word' id='word_1_31' title='bbox 1063 534 1224 571; x_wconf 84' lang='lat' dir='ltr'>producti,</span> 
     </span>
     <span class='ocr_line' id='line_1_6' title="bbox 224 586 1227 627; baseline -0.009 -4"><span class='ocrx_word' id='word_1_32' title='bbox 224 602 295 623; x_wconf 81' lang='lat' dir='ltr'>esse</span> <span class='ocrx_word' id='word_1_33' title='bbox 320 592 426 621; x_wconf 88' lang='lat' dir='ltr'>denuo</span> <span class='ocrx_word' id='word_1_34' title='bbox 458 588 666 627; x_wconf 77' lang='lat' dir='ltr'>repetendos:</span> <span class='ocrx_word' id='word_1_35' title='bbox 692 597 831 626; x_wconf 79' lang='lat' dir='ltr'>quorum</span> <span class='ocrx_word' id='word_1_36' title='bbox 863 587 997 616; x_wconf 87' lang='lat' dir='ltr'>nomina</span> <span class='ocrx_word' id='word_1_37' title='bbox 1026 587 1086 616; x_wconf 86' lang='grc'><strong>51111</strong></span> <span class='ocrx_word' id='word_1_38' title='bbox 1116 586 1227 623; x_wconf 70' lang='lat' dir='ltr'>sigillo</span> 
     </span>
     <span class='ocr_line' id='line_1_7' title="bbox 223 639 1227 684; baseline -0.008 -9"><span class='ocrx_word' id='word_1_39' title='bbox 223 645 369 684; x_wconf 85' lang='lat' dir='ltr'>ejusdem</span> <span class='ocrx_word' id='word_1_40' title='bbox 384 642 545 672; x_wconf 88' lang='lat' dir='ltr'>auditoris</span> <span class='ocrx_word' id='word_1_41' title='bbox 561 641 690 670; x_wconf 85' lang='lat' dir='ltr'>inclusa</span> <span class='ocrx_word' id='word_1_42' title='bbox 707 650 780 669; x_wconf 85' lang='grc'><strong>011111</strong></span> <span class='ocrx_word' id='word_1_43' title='bbox 798 640 880 677; x_wconf 86' lang='lat' dir='ltr'>ipsis</span> <span class='ocrx_word' id='word_1_44' title='bbox 904 639 1054 669; x_wconf 74' lang='lat' dir='ltr'>articulis</span> <span class='ocrx_word' id='word_1_45' title='bbox 1075 639 1227 676; x_wconf 66' lang='lat' dir='ltr'>dirigun-</span> 
     </span>
     <span class='ocr_line' id='line_1_8' title="bbox 222 692 1227 733; baseline -0.008 -5"><span class='ocrx_word' id='word_1_46' title='bbox 222 704 292 728; x_wconf 84' lang='lat' dir='ltr'>tur:</span> <span class='ocrx_word' id='word_1_47' title='bbox 311 697 433 727; x_wconf 77' lang='lat' dir='ltr'>addens</span> <span class='ocrx_word' id='word_1_48' title='bbox 451 695 537 733; x_wconf 80' lang='lat' dir='ltr'>quod</span> <span class='ocrx_word' id='word_1_49' title='bbox 560 693 736 731; x_wconf 83' lang='lat' dir='ltr'>postulatio</span> <span class='ocrx_word' id='word_1_50' title='bbox 760 692 980 722; x_wconf 67' lang='lat' dir='ltr'>restitutionis</span> <span class='ocrx_word' id='word_1_51' title='bbox 1004 692 1038 721; x_wconf 89' lang='lat' dir='ltr'>in</span> <span class='ocrx_word' id='word_1_52' title='bbox 1060 692 1227 728; x_wconf 72' lang='lat' dir='ltr'>integrum</span> 
     </span>
     <span class='ocr_line' id='line_1_9' title="bbox 222 743 1228 789; baseline -0.01 -8"><span class='ocrx_word' id='word_1_53' title='bbox 222 760 321 789; x_wconf 87' lang='lat' dir='ltr'>super</span> <span class='ocrx_word' id='word_1_54' title='bbox 337 748 538 779; x_wconf 79' lang='lat' dir='ltr'>centenaria,</span> <span class='ocrx_word' id='word_1_55' title='bbox 553 746 777 783; x_wconf 68' lang='lat' dir='ltr'>nonagenaria</span> <span class='ocrx_word' id='word_1_56' title='bbox 792 750 820 774; x_wconf 90' lang='lat' dir='ltr'>et</span> <span class='ocrx_word' id='word_1_57' title='bbox 838 744 1047 781; x_wconf 61' lang='lat' dir='ltr'>octogenaria</span> <span class='ocrx_word' id='word_1_58' title='bbox 1063 743 1228 781; x_wconf 85' lang='lat' dir='ltr'>prescrip-</span> 
     </span>
     <span class='ocr_line' id='line_1_10' title="bbox 222 796 1227 837; baseline -0.01 -3"><span class='ocrx_word' id='word_1_59' title='bbox 222 806 311 834; x_wconf 88' lang='lat' dir='ltr'>tione</span> <span class='ocrx_word' id='word_1_60' title='bbox 334 801 497 832; x_wconf 81' lang='lat' dir='ltr'>libertatis</span> <span class='ocrx_word' id='word_1_61' title='bbox 520 804 549 829; x_wconf 86' lang='lat' dir='ltr'>ct</span> <span class='ocrx_word' id='word_1_62' title='bbox 571 799 819 837; x_wconf 74' lang='lat' dir='ltr'>privilegiorum</span> <span class='ocrx_word' id='word_1_63' title='bbox 846 806 909 826; x_wconf 83' lang='lat' dir='ltr'>usu</span> <span class='ocrx_word' id='word_1_64' title='bbox 935 797 1128 835; x_wconf 73' lang='lat' dir='ltr'>probandis,</span> <span class='ocrx_word' id='word_1_65' title='bbox 1150 796 1227 834; x_wconf 79' lang='lat' dir='ltr'>quia</span> 
     </span>
     <span class='ocr_line' id='line_1_11' title="bbox 222 850 1228 897; baseline -0.008 -10"><span class='ocrx_word' id='word_1_66' title='bbox 222 857 439 897; x_wconf 77' lang='lat' dir='ltr'>prepi-opera¹</span> <span class='ocrx_word' id='word_1_67' title='bbox 460 858 540 887; x_wconf 81' lang='lat' dir='ltr'>erat,</span> <span class='ocrx_word' id='word_1_68' title='bbox 561 861 634 881; x_wconf 83' lang='lat' dir='ltr'>eum</span> <span class='ocrx_word' id='word_1_69' title='bbox 655 851 799 880; x_wconf 86' lang='lat' dir='ltr'>nondum</span> <span class='ocrx_word' id='word_1_70' title='bbox 827 850 864 879; x_wconf 86' lang='lat' dir='ltr'>de</span> <span class='ocrx_word' id='word_1_71' title='bbox 888 850 994 888; x_wconf 88' lang='lat' dir='ltr'>ipsius</span> <span class='ocrx_word' id='word_1_72' title='bbox 1021 850 1158 879; x_wconf 77' lang='lat' dir='ltr'>ecclesie</span> <span class='ocrx_word' id='word_1_73' title='bbox 1180 850 1228 879; x_wconf 89' lang='lat' dir='ltr'>le-</span> 
     </span>
     <span class='ocr_line' id='line_1_12' title="bbox 223 902 1226 941; baseline -0.009 -1"><span class='ocrx_word' id='word_1_74' title='bbox 223 911 315 940; x_wconf 78' lang='lat' dir='ltr'>sione</span> <span class='ocrx_word' id='word_1_75' title='bbox 341 911 516 941; x_wconf 80' lang='lat' dir='ltr'>constaret,</span> <span class='ocrx_word' id='word_1_76' title='bbox 535 905 663 935; x_wconf 84' lang='lat' dir='ltr'>admitti</span> <span class='ocrx_word' id='word_1_77' title='bbox 679 912 743 933; x_wconf 89' lang='lat' dir='ltr'>non</span> <span class='ocrx_word' id='word_1_78' title='bbox 761 902 897 932; x_wconf 84' lang='lat' dir='ltr'>debebat</span> <span class='ocrx_word' id='word_1_79' title='bbox 919 903 959 931; x_wconf 75' lang='lat' dir='ltr'>atl</span> <span class='ocrx_word' id='word_1_80' title='bbox 979 911 1125 940; x_wconf 85' lang='lat' dir='ltr'>presens.</span> <span class='ocrx_word' id='word_1_81' title='bbox 1145 902 1226 933; x_wconf 91' lang='lat' dir='ltr'>Cum</span> 
     </span>
     <span class='ocr_line' id='line_1_13' title="bbox 223 955 1228 999; baseline -0.009 -7"><span class='ocrx_word' id='word_1_82' title='bbox 223 967 332 993; x_wconf 85' lang='lat' dir='ltr'>autem</span> <span class='ocrx_word' id='word_1_83' title='bbox 349 963 539 999; x_wconf 80' lang='lat' dir='ltr'>procurator</span> <span class='ocrx_word' id='word_1_84' title='bbox 555 956 702 995; x_wconf 79' lang='lat' dir='ltr'>capituli,</span> <span class='ocrx_word' id='word_1_85' title='bbox 719 955 915 993; x_wconf 67' lang='lat' dir='ltr'>spoliatione</span> <span class='ocrx_word' id='word_1_86' title='bbox 928 955 961 983; x_wconf 93' lang='lat' dir='ltr'>in</span> <span class='ocrx_word' id='word_1_87' title='bbox 978 955 1110 984; x_wconf 89' lang='lat' dir='ltr'>modum</span> <span class='ocrx_word' id='word_1_88' title='bbox 1127 955 1228 984; x_wconf 87' lang='lat' dir='ltr'>aetio-</span> 
     </span>
     <span class='ocr_line' id='line_1_14' title="bbox 222 1007 1228 1052; baseline -0.008 -8"><span class='ocrx_word' id='word_1_89' title='bbox 222 1016 274 1045; x_wconf 90' lang='lat' dir='ltr'>nis</span> <span class='ocrx_word' id='word_1_90' title='bbox 291 1012 467 1052; x_wconf 81' lang='lat' dir='ltr'>proposita.</span> <span class='ocrx_word' id='word_1_91' title='bbox 487 1010 685 1048; x_wconf 69' lang='lat' dir='ltr'>porrexisset.</span> <span class='ocrx_word' id='word_1_92' title='bbox 700 1018 798 1046; x_wconf 86' lang='lat' dir='ltr'>super</span> <span class='ocrx_word' id='word_1_93' title='bbox 810 1008 880 1045; x_wconf 89' lang='lat' dir='ltr'>ipsa</span> <span class='ocrx_word' id='word_1_94' title='bbox 893 1007 1054 1042; x_wconf 83' lang='lat' dir='ltr'>libellum,</span> <span class='ocrx_word' id='word_1_95' title='bbox 1071 1016 1228 1045; x_wconf 76' lang='lat' dir='ltr'>procura-</span> 
     </span>
     <span class='ocr_line' id='line_1_15' title="bbox 222 1060 1225 1103; baseline -0.009 -5"><span class='ocrx_word' id='word_1_96' title='bbox 222 1073 290 1098; x_wconf 87' lang='lat' dir='ltr'>tore</span> <span class='ocrx_word' id='word_1_97' title='bbox 306 1064 544 1103; x_wconf 83' lang='lat' dir='ltr'>archiepiscopi</span> <span class='ocrx_word' id='word_1_98' title='bbox 558 1072 591 1093; x_wconf 87' lang='lat' dir='ltr'>se</span> <span class='ocrx_word' id='word_1_99' title='bbox 608 1062 799 1091; x_wconf 86' lang='lat' dir='ltr'>mandatum</span> <span class='ocrx_word' id='word_1_100' title='bbox 813 1061 853 1090; x_wconf 85' lang='lat' dir='ltr'>ad</span> <span class='ocrx_word' id='word_1_101' title='bbox 864 1061 924 1090; x_wconf 91' lang='grc'><strong>1100</strong></span> <span class='ocrx_word' id='word_1_102' title='bbox 938 1060 1059 1090; x_wconf 85' lang='lat' dir='ltr'>habere</span> <span class='ocrx_word' id='word_1_103' title='bbox 1073 1064 1225 1097; x_wconf 74' lang='lat' dir='ltr'>negante,</span> 
     </span>
     <span class='ocr_line' id='line_1_16' title="bbox 221 1113 1227 1158; baseline -0.009 -8"><span class='ocrx_word' id='word_1_104' title='bbox 221 1122 260 1151; x_wconf 84' lang='lat' dir='ltr'>de</span> <span class='ocrx_word' id='word_1_105' title='bbox 284 1121 431 1158; x_wconf 89' lang='lat' dir='ltr'>ipsorum</span> <span class='ocrx_word' id='word_1_106' title='bbox 455 1125 594 1147; x_wconf 84' lang='lat' dir='ltr'>assensu</span> <span class='ocrx_word' id='word_1_107' title='bbox 614 1115 809 1144; x_wconf 85' lang='lat' dir='ltr'>mandamus</span> <span class='ocrx_word' id='word_1_108' title='bbox 833 1118 1014 1152; x_wconf 78' lang='lat' dir='ltr'>quatenus,</span> <span class='ocrx_word' id='word_1_109' title='bbox 1037 1113 1125 1142; x_wconf 83' lang='lat' dir='ltr'>infra</span> <span class='ocrx_word' id='word_1_110' title='bbox 1146 1123 1227 1152; x_wconf 84' lang='lat' dir='ltr'>qua-</span> 
     </span>
     <span class='ocr_line' id='line_1_17' title="bbox 222 1167 1227 1208; baseline -0.009 -4"><span class='ocrx_word' id='word_1_111' title='bbox 222 1180 295 1204; x_wconf 87' lang='lat' dir='ltr'>tuor</span> <span class='ocrx_word' id='word_1_112' title='bbox 324 1180 455 1202; x_wconf 84' lang='lat' dir='ltr'>menses</span> <span class='ocrx_word' id='word_1_113' title='bbox 485 1174 557 1208; x_wconf 83' lang='lat' dir='ltr'>post</span> <span class='ocrx_word' id='word_1_114' title='bbox 585 1168 806 1206; x_wconf 66' lang='lat' dir='ltr'>receptionem</span> <span class='ocrx_word' id='word_1_115' title='bbox 834 1167 1055 1205; x_wconf 88' lang='lat' dir='ltr'>presentium,</span> <span class='ocrx_word' id='word_1_116' title='bbox 1082 1167 1227 1204; x_wconf 83' lang='lat' dir='ltr'>prefatos</span> 
     </span>
     <span class='ocr_line' id='line_1_18' title="bbox 222 1219 1227 1262; baseline -0.009 -5"><span class='ocrx_word' id='word_1_117' title='bbox 222 1231 322 1257; x_wconf 84' lang='lat' dir='ltr'>testes</span> <span class='ocrx_word' id='word_1_118' title='bbox 340 1233 438 1262; x_wconf 83' lang='lat' dir='ltr'>super</span> <span class='ocrx_word' id='word_1_119' title='bbox 452 1222 577 1253; x_wconf 82' lang='lat' dir='ltr'>eisdem</span> <span class='ocrx_word' id='word_1_120' title='bbox 594 1220 745 1251; x_wconf 77' lang='lat' dir='ltr'>articulis</span> <span class='ocrx_word' id='word_1_121' title='bbox 762 1224 957 1258; x_wconf 80' lang='lat' dir='ltr'>repetentes,</span> <span class='ocrx_word' id='word_1_122' title='bbox 978 1223 1007 1248; x_wconf 88' lang='lat' dir='ltr'>et</span> <span class='ocrx_word' id='word_1_123' title='bbox 1019 1219 1227 1249; x_wconf 72' lang='lat' dir='ltr'>remittentes</span> 
     </span>
     <span class='ocr_line' id='line_1_19' title="bbox 221 1272 1227 1317; baseline -0.007 -8"><span class='ocrx_word' id='word_1_124' title='bbox 221 1280 261 1309; x_wconf 86' lang='lat' dir='ltr'>ad</span> <span class='ocrx_word' id='word_1_125' title='bbox 277 1277 478 1317; x_wconf 76' lang='lat' dir='ltr'>presentiam</span> <span class='ocrx_word' id='word_1_126' title='bbox 495 1280 639 1305; x_wconf 80' lang='lat' dir='ltr'>nostram</span> <span class='ocrx_word' id='word_1_127' title='bbox 658 1274 719 1303; x_wconf 69' lang='lat' dir='ltr'>sul»</span> <span class='ocrx_word' id='word_1_128' title='bbox 731 1273 853 1310; x_wconf 72' lang='lat' dir='ltr'>sigillis</span> <span class='ocrx_word' id='word_1_129' title='bbox 869 1272 989 1302; x_wconf 77' lang='lat' dir='ltr'>vestris</span> <span class='ocrx_word' id='word_1_130' title='bbox 1005 1272 1227 1310; x_wconf 76' lang='lat' dir='ltr'>depositiones</span> 
     </span>
     <span class='ocr_line' id='line_1_20' title="bbox 221 1325 1227 1367; baseline -0.006 -6"><span class='ocrx_word' id='word_1_131' title='bbox 221 1340 345 1362; x_wconf 82' lang='lat' dir='ltr'>eorum.</span> <span class='ocrx_word' id='word_1_132' title='bbox 364 1330 392 1360; x_wconf 89' lang='lat' dir='ltr'>si</span> <span class='ocrx_word' id='word_1_133' title='bbox 408 1333 518 1367; x_wconf 86' lang='lat' dir='ltr'>partes</span> <span class='ocrx_word' id='word_1_134' title='bbox 535 1336 645 1357; x_wconf 81' lang='lat' dir='ltr'>coram</span> <span class='ocrx_word' id='word_1_135' title='bbox 662 1326 754 1356; x_wconf 80' lang='lat' dir='ltr'>vobis</span> <span class='ocrx_word' id='word_1_136' title='bbox 780 1335 879 1363; x_wconf 86' lang='lat' dir='ltr'>super</span> <span class='ocrx_word' id='word_1_137' title='bbox 902 1325 1059 1363; x_wconf 85' lang='lat' dir='ltr'>predictis</span> <span class='ocrx_word' id='word_1_138' title='bbox 1076 1325 1227 1363; x_wconf 84' lang='lat' dir='ltr'>dampnis</span> 
     </span>
     <span class='ocr_line' id='line_1_21' title="bbox 221 1377 1228 1422; baseline -0.008 -7"><span class='ocrx_word' id='word_1_139' title='bbox 221 1389 252 1415; x_wconf 88' lang='lat' dir='ltr'>et</span> <span class='ocrx_word' id='word_1_140' title='bbox 280 1382 476 1422; x_wconf 78' lang='lat' dir='ltr'>spoliatione</span> <span class='ocrx_word' id='word_1_141' title='bbox 500 1380 660 1417; x_wconf 84' lang='lat' dir='ltr'>elegerint</span> <span class='ocrx_word' id='word_1_142' title='bbox 685 1379 834 1416; x_wconf 73' lang='lat' dir='ltr'>ligitare,</span> <span class='ocrx_word' id='word_1_143' title='bbox 860 1377 1003 1407; x_wconf 85' lang='lat' dir='ltr'>audiatis</span> <span class='ocrx_word' id='word_1_144' title='bbox 1034 1386 1167 1407; x_wconf 84' lang='lat' dir='ltr'>causam</span> <span class='ocrx_word' id='word_1_145' title='bbox 1198 1382 1228 1408; x_wconf 89' lang='lat' dir='ltr'>et</span> 
     </span>
     <span class='ocr_line' id='line_1_22' title="bbox 220 1431 1228 1476; baseline -0.006 -10"><span class='ocrx_word' id='word_1_146' title='bbox 220 1438 327 1476; x_wconf 86' lang='lat' dir='ltr'>ipsam</span> <span class='ocrx_word' id='word_1_147' title='bbox 344 1436 383 1465; x_wconf 88' lang='lat' dir='ltr'>ad</span> <span class='ocrx_word' id='word_1_148' title='bbox 399 1444 458 1464; x_wconf 90' lang='lat' dir='ltr'>nos</span> <span class='ocrx_word' id='word_1_149' title='bbox 479 1433 657 1464; x_wconf 80' lang='lat' dir='ltr'>remittatis</span> <span class='ocrx_word' id='word_1_150' title='bbox 675 1431 878 1461; x_wconf 85' lang='lat' dir='ltr'>sufficienter</span> <span class='ocrx_word' id='word_1_151' title='bbox 895 1431 1103 1465; x_wconf 81' lang='lat' dir='ltr'>instructam,</span> <span class='ocrx_word' id='word_1_152' title='bbox 1130 1431 1228 1469; x_wconf 82' lang='lat' dir='ltr'>prefi-</span> 
     </span>
     <span class='ocr_line' id='line_1_23' title="bbox 221 1484 1228 1528; baseline -0.008 -8"><span class='ocrx_word' id='word_1_153' title='bbox 221 1494 335 1528; x_wconf 82' lang='lat' dir='ltr'>gentes</span> <span class='ocrx_word' id='word_1_154' title='bbox 354 1488 504 1527; x_wconf 88' lang='lat' dir='ltr'>partibus</span> <span class='ocrx_word' id='word_1_155' title='bbox 521 1486 700 1517; x_wconf 88' lang='lat' dir='ltr'>terminum</span> <span class='ocrx_word' id='word_1_156' title='bbox 717 1488 967 1522; x_wconf 65' lang='lat' dir='ltr'>competentem,</span> <span class='ocrx_word' id='word_1_157' title='bbox 987 1493 1050 1522; x_wconf 79' lang='lat' dir='ltr'>quo</span> <span class='ocrx_word' id='word_1_158' title='bbox 1068 1493 1140 1513; x_wconf 82' lang='lat' dir='ltr'>cum</span> <span class='ocrx_word' id='word_1_159' title='bbox 1160 1484 1228 1522; x_wconf 88' lang='lat' dir='ltr'>pri-</span> 
     </span>
     <span class='ocr_line' id='line_1_24' title="bbox 220 1537 1228 1580; baseline -0.005 -8"><span class='ocrx_word' id='word_1_160' title='bbox 220 1542 353 1580; x_wconf 74' lang='lat' dir='ltr'>vilegiis</span> <span class='ocrx_word' id='word_1_161' title='bbox 370 1546 401 1571; x_wconf 87' lang='lat' dir='ltr'>ct</span> <span class='ocrx_word' id='word_1_162' title='bbox 417 1541 492 1571; x_wconf 84' lang='lat' dir='ltr'>aliis</span> <span class='ocrx_word' id='word_1_163' title='bbox 509 1539 727 1569; x_wconf 88' lang='lat' dir='ltr'>munimentis</span> <span class='ocrx_word' id='word_1_164' title='bbox 740 1542 770 1567; x_wconf 88' lang='lat' dir='ltr'>et</span> <span class='ocrx_word' id='word_1_165' title='bbox 782 1537 968 1567; x_wconf 87' lang='lat' dir='ltr'>rationibus</span> <span class='ocrx_word' id='word_1_166' title='bbox 983 1537 1053 1566; x_wconf 85' lang='lat' dir='ltr'>suis</span> <span class='ocrx_word' id='word_1_167' title='bbox 1066 1541 1177 1566; x_wconf 87' lang='lat' dir='ltr'>nostro</span> <span class='ocrx_word' id='word_1_168' title='bbox 1194 1546 1228 1567; x_wconf 87' lang='lat' dir='ltr'>se</span> 
     </span>
     <span class='ocr_line' id='line_1_25' title="bbox 222 1589 1228 1634; baseline -0.008 -8"><span class='ocrx_word' id='word_1_169' title='bbox 222 1594 412 1634; x_wconf 86' lang='lat' dir='ltr'>conspectui</span> <span class='ocrx_word' id='word_1_170' title='bbox 430 1596 676 1631; x_wconf 73' lang='lat' dir='ltr'>representem,</span> <span class='ocrx_word' id='word_1_171' title='bbox 699 1590 864 1628; x_wconf 83' lang='lat' dir='ltr'>alioquin,</span> <span class='ocrx_word' id='word_1_172' title='bbox 883 1590 971 1618; x_wconf 84' lang='lat' dir='ltr'>infra</span> <span class='ocrx_word' id='word_1_173' title='bbox 993 1589 1074 1619; x_wconf 88' lang='lat' dir='ltr'>duos</span> <span class='ocrx_word' id='word_1_174' title='bbox 1097 1599 1228 1619; x_wconf 84' lang='lat' dir='ltr'>menses</span> 
     </span>
     <span class='ocr_line' id='line_1_26' title="bbox 222 1643 1229 1685; baseline -0.008 -6"><span class='ocrx_word' id='word_1_175' title='bbox 222 1653 323 1679; x_wconf 88' lang='lat' dir='ltr'>testes</span> <span class='ocrx_word' id='word_1_176' title='bbox 339 1651 525 1685; x_wconf 82' lang='lat' dir='ltr'>repetentes</span> <span class='ocrx_word' id='word_1_177' title='bbox 540 1645 715 1684; x_wconf 72' lang='lat' dir='ltr'>predictos.</span> <span class='ocrx_word' id='word_1_178' title='bbox 729 1643 878 1682; x_wconf 85' lang='lat' dir='ltr'>partibus</span> <span class='ocrx_word' id='word_1_179' title='bbox 894 1643 1078 1681; x_wconf 76' lang='lat' dir='ltr'>injungatis</span> <span class='ocrx_word' id='word_1_180' title='bbox 1092 1647 1127 1672; x_wconf 89' lang='lat' dir='ltr'>ut</span> <span class='ocrx_word' id='word_1_181' title='bbox 1141 1643 1229 1672; x_wconf 87' lang='lat' dir='ltr'>infra</span> 
     </span>
     <span class='ocr_line' id='line_1_27' title="bbox 222 1695 1229 1738; baseline -0.007 -7"><span class='ocrx_word' id='word_1_182' title='bbox 222 1701 402 1731; x_wconf 90' lang='lat' dir='ltr'>terminum</span> <span class='ocrx_word' id='word_1_183' title='bbox 428 1708 525 1738; x_wconf 81' lang='lat' dir='ltr'>quem</span> <span class='ocrx_word' id='word_1_184' title='bbox 551 1698 615 1727; x_wconf 89' lang='lat' dir='ltr'>sibi</span> <span class='ocrx_word' id='word_1_185' title='bbox 642 1695 860 1735; x_wconf 86' lang='lat' dir='ltr'>peremptorie</span> <span class='ocrx_word' id='word_1_186' title='bbox 883 1695 1043 1725; x_wconf 76' lang='lat' dir='ltr'>duxeritis</span> <span class='ocrx_word' id='word_1_187' title='bbox 1064 1695 1229 1733; x_wconf 72' lang='lat' dir='ltr'>prefigen-</span> 
     </span>
     <span class='ocr_line' id='line_1_28' title="bbox 222 1748 1228 1791; baseline -0.007 -8"><span class='ocrx_word' id='word_1_188' title='bbox 222 1754 315 1789; x_wconf 87' lang='lat' dir='ltr'>dum,</span> <span class='ocrx_word' id='word_1_189' title='bbox 333 1762 390 1791; x_wconf 90' lang='lat' dir='ltr'>per</span> <span class='ocrx_word' id='word_1_190' title='bbox 409 1761 443 1782; x_wconf 90' lang='lat' dir='ltr'>se</span> <span class='ocrx_word' id='word_1_191' title='bbox 463 1751 515 1781; x_wconf 90' lang='lat' dir='ltr'>vel</span> <span class='ocrx_word' id='word_1_192' title='bbox 535 1749 743 1788; x_wconf 82' lang='lat' dir='ltr'>responsales</span> <span class='ocrx_word' id='word_1_193' title='bbox 766 1748 902 1778; x_wconf 88' lang='lat' dir='ltr'>idoneos</span> <span class='ocrx_word' id='word_1_194' title='bbox 920 1756 1029 1777; x_wconf 90' lang='lat' dir='ltr'>coram</span> <span class='ocrx_word' id='word_1_195' title='bbox 1048 1752 1228 1777; x_wconf 87' lang='lat' dir='ltr'>memorato</span> 
     </span>
     <span class='ocr_line' id='line_1_29' title="bbox 223 1800 1227 1844; baseline -0.007 -8"><span class='ocrx_word' id='word_1_196' title='bbox 223 1809 433 1844; x_wconf 79' lang='lat' dir='ltr'>compareant</span> <span class='ocrx_word' id='word_1_197' title='bbox 456 1802 634 1838; x_wconf 84' lang='lat' dir='ltr'>cardinali,</span> <span class='ocrx_word' id='word_1_198' title='bbox 657 1806 827 1839; x_wconf 79' lang='lat' dir='ltr'>recepturo</span> <span class='ocrx_word' id='word_1_199' title='bbox 848 1800 1014 1839; x_wconf 84' lang='lat' dir='ltr'>justitiam</span> <span class='ocrx_word' id='word_1_200' title='bbox 1035 1805 1066 1830; x_wconf 88' lang='lat' dir='ltr'>et</span> <span class='ocrx_word' id='word_1_201' title='bbox 1089 1801 1227 1830; x_wconf 86' lang='lat' dir='ltr'>facture.</span> 
     </span>
     <span class='ocr_line' id='line_1_30' title="bbox 222 1853 1229 1895; baseline -0.007 -6"><span class='ocrx_word' id='word_1_202' title='bbox 222 1859 315 1895; x_wconf 79' lang='lat' dir='ltr'>Quod</span> <span class='ocrx_word' id='word_1_203' title='bbox 345 1858 373 1888; x_wconf 84' lang='lat' dir='ltr'>si</span> <span class='ocrx_word' id='word_1_204' title='bbox 399 1866 464 1887; x_wconf 88' lang='lat' dir='ltr'>non</span> <span class='ocrx_word' id='word_1_205' title='bbox 490 1865 603 1886; x_wconf 87' lang='grc'><strong>01111105</strong></span> <span class='ocrx_word' id='word_1_206' title='bbox 627 1860 688 1885; x_wconf 81' lang='lat' dir='ltr'>etc.</span> <span class='ocrx_word' id='word_1_207' title='bbox 721 1855 791 1883; x_wconf 83' lang='lat' dir='ltr'>Dat.</span> <span class='ocrx_word' id='word_1_208' title='bbox 819 1855 937 1886; x_wconf 77' lang='lat' dir='ltr'>Reate,</span> <span class='ocrx_word' id='word_1_209' title='bbox 961 1854 1045 1883; x_wconf 85' lang='lat' dir='ltr'>XIII</span> <span class='ocrx_word' id='word_1_210' title='bbox 1071 1853 1229 1883; x_wconf 78' lang='lat' dir='ltr'>kalendas</span> 
     </span>
     <span class='ocr_line' id='line_1_31' title="bbox 223 1909 725 1950; baseline -0.018 -8"><span class='ocrx_word' id='word_1_211' title='bbox 223 1911 431 1950; x_wconf 83' lang='lat' dir='ltr'>septembris,</span> <span class='ocrx_word' id='word_1_212' title='bbox 450 1918 536 1940; x_wconf 88' lang='lat' dir='ltr'>anno</span> <span class='ocrx_word' id='word_1_213' title='bbox 555 1909 692 1938; x_wconf 86' lang='lat' dir='ltr'>decimo.</span> <span class='ocrx_word' id='word_1_214' title='bbox 714 1920 725 1933; x_wconf 83' lang='lat'>»</span> 
     </span>
    </p>
   </div>
   <div class='ocr_carea' id='block_1_3' title="bbox 222 2082 1232 2520">
    <p class='ocr_par' dir='ltr' id='par_1_3' title="bbox 222 2082 1232 2520">
     <span class='ocr_line' id='line_1_32' title="bbox 293 2082 414 2110; baseline 0 0"><span class='ocrx_word' id='word_1_215' title='bbox 293 2082 414 2110; x_wconf 70' lang='lat'>3298</span> 
     </span>
     <span class='ocr_line' id='line_1_33' title="bbox 260 2141 1232 2179; baseline -0.005 -7"><span class='ocrx_word' id='word_1_216' title='bbox 260 2145 332 2179; x_wconf 77' lang='lat' dir='ltr'>Regi</span> <span class='ocrx_word' id='word_1_217' title='bbox 348 2143 474 2177; x_wconf 81' lang='lat' dir='ltr'>Angliae</span> <span class='ocrx_word' id='word_1_218' title='bbox 490 2142 593 2169; x_wconf 81' lang='lat' dir='ltr'>scribit</span> <span class='ocrx_word' id='word_1_219' title='bbox 613 2151 642 2168; x_wconf 90' lang='lat' dir='ltr'>se</span> <span class='ocrx_word' id='word_1_220' title='bbox 663 2142 726 2175; x_wconf 84' lang='lat' dir='ltr'>ejus</span> <span class='ocrx_word' id='word_1_221' title='bbox 747 2141 922 2175; x_wconf 80' lang='lat' dir='ltr'>petitionem</span> <span class='ocrx_word' id='word_1_222' title='bbox 943 2149 1029 2174; x_wconf 87' lang='lat' dir='ltr'>super</span> <span class='ocrx_word' id='word_1_223' title='bbox 1045 2141 1232 2167; x_wconf 82' lang='lat' dir='ltr'>concessione</span> 
     </span>
     <span class='ocr_line' id='line_1_34' title="bbox 223 2189 1229 2227; baseline -0.006 -6"><span class='ocrx_word' id='word_1_224' title='bbox 223 2194 311 2227; x_wconf 83' lang='lat' dir='ltr'>legati</span> <span class='ocrx_word' id='word_1_225' title='bbox 328 2192 479 2219; x_wconf 80' lang='lat' dir='ltr'>distulisse</span> <span class='ocrx_word' id='word_1_226' title='bbox 498 2191 646 2223; x_wconf 87' lang='lat' dir='ltr'>exaudire,</span> <span class='ocrx_word' id='word_1_227' title='bbox 665 2199 715 2224; x_wconf 88' lang='lat' dir='ltr'>pro</span> <span class='ocrx_word' id='word_1_228' title='bbox 736 2199 768 2216; x_wconf 91' lang='lat' dir='ltr'>eo</span> <span class='ocrx_word' id='word_1_229' title='bbox 787 2190 873 2223; x_wconf 86' lang='lat' dir='ltr'>quod,</span> <span class='ocrx_word' id='word_1_230' title='bbox 891 2198 968 2221; x_wconf 88' lang='lat' dir='ltr'>cum,</span> <span class='ocrx_word' id='word_1_231' title='bbox 983 2189 1043 2216; x_wconf 86' lang='lat' dir='ltr'>alia</span> <span class='ocrx_word' id='word_1_232' title='bbox 1058 2189 1133 2221; x_wconf 76' lang='lat' dir='ltr'>viee,</span> <span class='ocrx_word' id='word_1_233' title='bbox 1151 2189 1229 2216; x_wconf 86' lang='lat' dir='ltr'>idem</span> 
     </span>
     <span class='ocr_line' id='line_1_35' title="bbox 223 2238 1232 2276; baseline -0.004 -7"><span class='ocrx_word' id='word_1_234' title='bbox 223 2251 259 2269; x_wconf 83' lang='lat' dir='ltr'>ex</span> <span class='ocrx_word' id='word_1_235' title='bbox 277 2244 358 2276; x_wconf 87' lang='lat' dir='ltr'>parte</span> <span class='ocrx_word' id='word_1_236' title='bbox 376 2240 469 2275; x_wconf 80' lang='lat' dir='ltr'>ipsius</span> <span class='ocrx_word' id='word_1_237' title='bbox 485 2240 559 2273; x_wconf 76' lang='lat' dir='ltr'>regis</span> <span class='ocrx_word' id='word_1_238' title='bbox 583 2247 649 2265; x_wconf 89' lang='lat' dir='ltr'>cum</span> <span class='ocrx_word' id='word_1_239' title='bbox 671 2238 817 2265; x_wconf 79' lang='lat' dir='ltr'>instantia</span> <span class='ocrx_word' id='word_1_240' title='bbox 838 2238 1019 2272; x_wconf 81' lang='lat' dir='ltr'>postulatum</span> <span class='ocrx_word' id='word_1_241' title='bbox 1035 2238 1137 2264; x_wconf 84' lang='lat' dir='ltr'>fuisset</span> <span class='ocrx_word' id='word_1_242' title='bbox 1152 2240 1179 2264; x_wconf 85' lang='lat' dir='ltr'>et</span> <span class='ocrx_word' id='word_1_243' title='bbox 1195 2238 1232 2265; x_wconf 89' lang='lat' dir='ltr'>ab</span> 
     </span>
     <span class='ocr_line' id='line_1_36' title="bbox 223 2287 1229 2325; baseline -0.004 -8"><span class='ocrx_word' id='word_1_244' title='bbox 223 2292 286 2325; x_wconf 86' lang='lat' dir='ltr'>ipso</span> <span class='ocrx_word' id='word_1_245' title='bbox 303 2298 378 2324; x_wconf 87' lang='lat' dir='ltr'>papa</span> <span class='ocrx_word' id='word_1_246' title='bbox 394 2289 520 2322; x_wconf 81' lang='lat' dir='ltr'>benigne</span> <span class='ocrx_word' id='word_1_247' title='bbox 534 2296 715 2319; x_wconf 81' lang='lat' dir='ltr'>eoncessum,</span> <span class='ocrx_word' id='word_1_248' title='bbox 733 2287 835 2314; x_wconf 86' lang='lat' dir='ltr'>statim</span> <span class='ocrx_word' id='word_1_249' title='bbox 850 2287 886 2313; x_wconf 88' lang='lat' dir='ltr'>ad</span> <span class='ocrx_word' id='word_1_250' title='bbox 905 2287 1011 2313; x_wconf 82' lang='lat' dir='ltr'>Sedem</span> <span class='ocrx_word' id='word_1_251' title='bbox 1028 2287 1229 2320; x_wconf 84' lang='lat' dir='ltr'>Apostolicam</span> 
     </span>
     <span class='ocr_line' id='line_1_37' title="bbox 223 2335 1231 2370; baseline -0.005 -4"><span class='ocrx_word' id='word_1_252' title='bbox 223 2338 422 2366; x_wconf 76' lang='lat' dir='ltr'>revocatoriae</span> <span class='ocrx_word' id='word_1_253' title='bbox 432 2337 549 2364; x_wconf 82' lang='lat' dir='ltr'>litterae</span> <span class='ocrx_word' id='word_1_254' title='bbox 560 2338 770 2370; x_wconf 83' lang='lat' dir='ltr'>pervenerant;</span> <span class='ocrx_word' id='word_1_255' title='bbox 784 2338 934 2369; x_wconf 84' lang='lat' dir='ltr'>praeterea</span> <span class='ocrx_word' id='word_1_256' title='bbox 948 2335 1081 2362; x_wconf 86' lang='lat' dir='ltr'>Ecclesia</span> <span class='ocrx_word' id='word_1_257' title='bbox 1099 2336 1231 2362; x_wconf 80' lang='lat' dir='ltr'>Romana</span> 
     </span>
     <span class='ocr_line' id='line_1_38' title="bbox 224 2384 1230 2421; baseline -0.005 -6"><span class='ocrx_word' id='word_1_258' title='bbox 224 2389 278 2415; x_wconf 90' lang='lat' dir='ltr'>hoc</span> <span class='ocrx_word' id='word_1_259' title='bbox 292 2390 422 2421; x_wconf 87' lang='lat' dir='ltr'>tempore</span> <span class='ocrx_word' id='word_1_260' title='bbox 438 2386 473 2412; x_wconf 90' lang='lat' dir='ltr'>de</span> <span class='ocrx_word' id='word_1_261' title='bbox 491 2385 647 2412; x_wconf 83' lang='lat' dir='ltr'>mittendis</span> <span class='ocrx_word' id='word_1_262' title='bbox 663 2393 679 2411; x_wconf 93' lang='lat' dir='ltr'>a</span> <span class='ocrx_word' id='word_1_263' title='bbox 695 2385 786 2411; x_wconf 85' lang='lat' dir='ltr'>latere</span> <span class='ocrx_word' id='word_1_264' title='bbox 806 2393 857 2411; x_wconf 89' lang='lat' dir='ltr'>suo</span> <span class='ocrx_word' id='word_1_265' title='bbox 877 2384 1008 2418; x_wconf 85' lang='lat' dir='ltr'>personis</span> <span class='ocrx_word' id='word_1_266' title='bbox 1024 2385 1230 2418; x_wconf 87' lang='lat' dir='ltr'>opportunita-</span> 
     </span>
     <span class='ocr_line' id='line_1_39' title="bbox 223 2432 1230 2466; baseline -0.004 -3"><span class='ocrx_word' id='word_1_267' title='bbox 223 2439 283 2464; x_wconf 88' lang='lat' dir='ltr'>tem</span> <span class='ocrx_word' id='word_1_268' title='bbox 298 2444 355 2462; x_wconf 90' lang='lat' dir='ltr'>non</span> <span class='ocrx_word' id='word_1_269' title='bbox 371 2435 468 2462; x_wconf 86' lang='lat' dir='ltr'>habet.</span> <span class='ocrx_word' id='word_1_270' title='bbox 486 2449 517 2452; x_wconf 97' lang='lat'><strong>—</strong></span> <span class='ocrx_word' id='word_1_271' title='bbox 532 2435 618 2466; x_wconf 68' lang='lat' dir='ltr'>(Rae.</span> <span class='ocrx_word' id='word_1_272' title='bbox 636 2434 679 2466; x_wconf 86' lang='lat'>18,</span> <span class='ocrx_word' id='word_1_273' title='bbox 698 2433 781 2460; x_wconf 78' lang='lat' dir='ltr'>s.187</span> <span class='ocrx_word' id='word_1_274' title='bbox 795 2436 839 2464; x_wconf 81' lang='lat' dir='ltr'>v⁰;</span> <span class='ocrx_word' id='word_1_275' title='bbox 856 2441 924 2459; x_wconf 86' lang='lat' dir='ltr'>ann.</span> <span class='ocrx_word' id='word_1_276' title='bbox 938 2433 978 2466; x_wconf 86' lang='lat' dir='ltr'>X,</span> <span class='ocrx_word' id='word_1_277' title='bbox 995 2441 1019 2459; x_wconf 88' lang='lat' dir='ltr'>c.</span> <span class='ocrx_word' id='word_1_278' title='bbox 1036 2432 1103 2464; x_wconf 74' lang='lat'>‘2023</span> <span class='ocrx_word' id='word_1_279' title='bbox 1122 2448 1152 2451; x_wconf 86' lang='lat'><strong>—</strong></span> <span class='ocrx_word' id='word_1_280' title='bbox 1168 2433 1230 2460; x_wconf 88' lang='lat' dir='ltr'>Mo-</span> 
     </span>
     <span class='ocr_line' id='line_1_40' title="bbox 222 2482 1087 2520; baseline -0.007 -8"><span class='ocrx_word' id='word_1_281' title='bbox 222 2494 301 2513; x_wconf 71' lang='lat' dir='ltr'><strong>REAU</strong></span> <span class='ocrx_word' id='word_1_282' title='bbox 316 2484 394 2517; x_wconf 83' lang='lat'>1191,</span> <span class='ocrx_word' id='word_1_283' title='bbox 413 2485 432 2510; x_wconf 84' lang='lat' dir='ltr'>f.</span> <span class='ocrx_word' id='word_1_284' title='bbox 450 2483 518 2515; x_wconf 88' lang='grc'><strong>112;</strong></span> <span class='ocrx_word' id='word_1_285' title='bbox 532 2497 568 2520; x_wconf 50' lang='lat' dir='ltr'>f*</span> <span class='ocrx_word' id='word_1_286' title='bbox 586 2483 742 2509; x_wconf 72' lang='lat' dir='ltr'>POTTHAST</span> <span class='ocrx_word' id='word_1_287' title='bbox 756 2482 853 2514; x_wconf 79' lang='grc'><strong>10231,</strong></span> <span class='ocrx_word' id='word_1_288' title='bbox 871 2482 968 2507; x_wconf 76' lang='lat' dir='ltr'>omisso</span> <span class='ocrx_word' id='word_1_289' title='bbox 983 2482 1087 2512; x_wconf 75' lang='lat' dir='ltr'>initio.)</span> 
     </span>
    </p>
   </div>
   <div class='ocr_carea' id='block_1_4' title="bbox 837 2078 1158 2111">
    <p class='ocr_par' dir='ltr' id='par_1_4' title="bbox 837 2078 1158 2111">
     <span class='ocr_line' id='line_1_41' title="bbox 837 2078 1158 2111; baseline 0 -6"><span class='ocrx_word' id='word_1_290' title='bbox 837 2079 929 2111; x_wconf 86' lang='lat' dir='ltr'>Rieti,</span> <span class='ocrx_word' id='word_1_291' title='bbox 946 2078 977 2105; x_wconf 94' lang='grc'>21</span> <span class='ocrx_word' id='word_1_292' title='bbox 995 2081 1063 2105; x_wconf 73' lang='lat' dir='ltr'>aout</span> <span class='ocrx_word' id='word_1_293' title='bbox 1080 2078 1158 2105; x_wconf 76' lang='lat'>1236.</span> 
     </span>
    </p>
   </div>
   <div class='ocr_carea' id='block_1_5' title="bbox 223 2582 1235 2887">
    <p class='ocr_par' dir='ltr' id='par_1_5' title="bbox 223 2582 1235 2887">
     <span class='ocr_line' id='line_1_42' title="bbox 266 2582 1233 2621; baseline 0 -9"><span class='ocrx_word' id='word_1_294' title='bbox 266 2598 278 2612; x_wconf 85' lang='lat'>«</span> <span class='ocrx_word' id='word_1_295' title='bbox 306 2609 325 2614; x_wconf 94' lang='lat'>..</span> <span class='ocrx_word' id='word_1_296' title='bbox 347 2585 465 2614; x_wconf 78' lang='lat' dir='ltr'>illustri</span> <span class='ocrx_word' id='word_1_297' title='bbox 480 2585 546 2621; x_wconf 72' lang='lat' dir='ltr'>reyi</span> <span class='ocrx_word' id='word_1_298' title='bbox 563 2584 682 2621; x_wconf 75' lang='lat' dir='ltr'>Anylie.</span> <span class='ocrx_word' id='word_1_299' title='bbox 703 2583 749 2612; x_wconf 90' lang='lat' dir='ltr'>Ea</span> <span class='ocrx_word' id='word_1_300' title='bbox 766 2586 795 2612; x_wconf 89' lang='lat' dir='ltr'>te</span> <span class='ocrx_word' id='word_1_301' title='bbox 812 2583 899 2612; x_wconf 90' lang='lat' dir='ltr'>inter</span> <span class='ocrx_word' id='word_1_302' title='bbox 917 2599 964 2610; x_wconf 87' lang='lat'>-.</span> <span class='ocrx_word' id='word_1_303' title='bbox 991 2582 1085 2618; x_wconf 80' lang='lat' dir='ltr'>Sane,</span> <span class='ocrx_word' id='word_1_304' title='bbox 1109 2582 1155 2611; x_wconf 85' lang='lat' dir='ltr'>fili</span> <span class='ocrx_word' id='word_1_305' title='bbox 1179 2592 1233 2612; x_wconf 83' lang='lat' dir='ltr'>ca-</span> 
     </span>
     <span class='ocr_line' id='line_1_43' title="bbox 223 2635 1231 2674; baseline -0.005 -5"><span class='ocrx_word' id='word_1_306' title='bbox 223 2639 368 2674; x_wconf 81' lang='lat' dir='ltr'>rissime,</span> <span class='ocrx_word' id='word_1_307' title='bbox 393 2637 627 2667; x_wconf 82' lang='lat' dir='ltr'>accedentibus</span> <span class='ocrx_word' id='word_1_308' title='bbox 657 2645 761 2674; x_wconf 86' lang='lat' dir='ltr'>nuper</span> <span class='ocrx_word' id='word_1_309' title='bbox 788 2635 828 2665; x_wconf 88' lang='lat' dir='ltr'>ad</span> <span class='ocrx_word' id='word_1_310' title='bbox 853 2635 1055 2673; x_wconf 85' lang='lat' dir='ltr'>presentiam</span> <span class='ocrx_word' id='word_1_311' title='bbox 1086 2640 1231 2665; x_wconf 85' lang='lat' dir='ltr'>nostram</span> 
     </span>
     <span class='ocr_line' id='line_1_44' title="bbox 224 2688 1234 2728; baseline -0.006 -5"><span class='ocrx_word' id='word_1_312' title='bbox 224 2692 344 2723; x_wconf 88' lang='lat' dir='ltr'>dilecto</span> <span class='ocrx_word' id='word_1_313' title='bbox 370 2691 439 2721; x_wconf 88' lang='lat' dir='ltr'>filio</span> <span class='ocrx_word' id='word_1_314' title='bbox 464 2690 623 2728; x_wconf 84' lang='lat' dir='ltr'>magistro</span> <span class='ocrx_word' id='word_1_315' title='bbox 652 2690 797 2728; x_wconf 74' lang='lat' dir='ltr'>Symone</span> <span class='ocrx_word' id='word_1_316' title='bbox 826 2689 865 2719; x_wconf 88' lang='lat' dir='ltr'>de</span> <span class='ocrx_word' id='word_1_317' title='bbox 892 2688 1042 2718; x_wconf 84' lang='lat' dir='ltr'>Estelant</span> <span class='ocrx_word' id='word_1_318' title='bbox 1070 2693 1100 2718; x_wconf 85' lang='lat' dir='ltr'>et</span> <span class='ocrx_word' id='word_1_319' title='bbox 1129 2689 1234 2718; x_wconf 87' lang='lat' dir='ltr'>nobili</span> 
     </span>
     <span class='ocr_line' id='line_1_45' title="bbox 223 2741 1234 2780; baseline -0.004 -6"><span class='ocrx_word' id='word_1_320' title='bbox 223 2745 295 2775; x_wconf 89' lang='lat' dir='ltr'>viro</span> <span class='ocrx_word' id='word_1_321' title='bbox 312 2746 409 2774; x_wconf 88' lang='lat' dir='ltr'>Petro</span> <span class='ocrx_word' id='word_1_322' title='bbox 426 2743 638 2780; x_wconf 71' lang='lat' dir='ltr'>Sarracenffi,</span> <span class='ocrx_word' id='word_1_323' title='bbox 658 2743 728 2772; x_wconf 89' lang='lat' dir='ltr'>cive</span> <span class='ocrx_word' id='word_1_324' title='bbox 744 2743 905 2776; x_wconf 86' lang='lat' dir='ltr'>Romano,</span> <span class='ocrx_word' id='word_1_325' title='bbox 923 2741 1051 2771; x_wconf 87' lang='lat' dir='ltr'>nuntiis</span> <span class='ocrx_word' id='word_1_326' title='bbox 1067 2741 1143 2776; x_wconf 81' lang='lat' dir='ltr'>tuis,</span> <span class='ocrx_word' id='word_1_327' title='bbox 1159 2741 1234 2780; x_wconf 88' lang='lat' dir='ltr'>qui-</span> 
     </span>
     <span class='ocr_line' id='line_1_46' title="bbox 224 2794 1235 2833; baseline -0.003 -5"><span class='ocrx_word' id='word_1_328' title='bbox 224 2799 286 2828; x_wconf 90' lang='lat' dir='ltr'>bus</span> <span class='ocrx_word' id='word_1_329' title='bbox 304 2806 363 2827; x_wconf 89' lang='lat' dir='ltr'>nos</span> <span class='ocrx_word' id='word_1_330' title='bbox 380 2805 455 2827; x_wconf 86' lang='lat' dir='ltr'>curn</span> <span class='ocrx_word' id='word_1_331' title='bbox 470 2796 632 2826; x_wconf 80' lang='lat' dir='ltr'>fratribus</span> <span class='ocrx_word' id='word_1_332' title='bbox 650 2795 772 2825; x_wconf 85' lang='lat' dir='ltr'>nostris</span> <span class='ocrx_word' id='word_1_333' title='bbox 789 2795 921 2833; x_wconf 85' lang='lat' dir='ltr'>plenam</span> <span class='ocrx_word' id='word_1_334' title='bbox 938 2794 1142 2824; x_wconf 85' lang='lat' dir='ltr'>audientiam</span> <span class='ocrx_word' id='word_1_335' title='bbox 1160 2804 1235 2833; x_wconf 87' lang='lat' dir='ltr'>pre-</span> 
     </span>
     <span class='ocr_line' id='line_1_47' title="bbox 224 2847 1234 2887; baseline -0.002 -7"><span class='ocrx_word' id='word_1_336' title='bbox 224 2851 358 2880; x_wconf 87' lang='lat' dir='ltr'>buimus</span> <span class='ocrx_word' id='word_1_337' title='bbox 384 2853 415 2880; x_wconf 88' lang='lat' dir='ltr'>et</span> <span class='ocrx_word' id='word_1_338' title='bbox 439 2849 634 2887; x_wconf 86' lang='lat' dir='ltr'>benignam,</span> <span class='ocrx_word' id='word_1_339' title='bbox 661 2853 692 2878; x_wconf 92' lang='lat' dir='ltr'>et</span> <span class='ocrx_word' id='word_1_340' title='bbox 717 2847 896 2878; x_wconf 85' lang='lat' dir='ltr'>intellectis</span> <span class='ocrx_word' id='word_1_341' title='bbox 922 2847 1099 2885; x_wconf 83' lang='lat' dir='ltr'>diligenter</span> <span class='ocrx_word' id='word_1_342' title='bbox 1124 2848 1234 2878; x_wconf 82' lang='lat' dir='ltr'>causis</span> 
     </span>
    </p>
   </div>
   <div class='ocr_carea' id='block_1_6' title="bbox 259 2968 568 2998">
    <p class='ocr_par' dir='ltr' id='par_1_6' title="bbox 259 2968 568 2998">
     <span class='ocr_line' id='line_1_48' title="bbox 259 2968 568 2998; baseline -0.01 -6"><span class='ocrx_word' id='word_1_343' title='bbox 259 2968 279 2992; x_wconf 87' lang='grc'>1.</span> <span class='ocrx_word' id='word_1_344' title='bbox 299 2970 348 2991; x_wconf 83' lang='grc' dir='ltr'>Με.</span> <span class='ocrx_word' id='word_1_345' title='bbox 366 2976 373 2990; x_wconf 90' lang='grc'>.·</span> <span class='ocrx_word' id='word_1_346' title='bbox 389 2973 568 2998; x_wconf 83' lang='lat' dir='ltr'>prepropera.</span> 
     </span>
    </p>
   </div>
   <div class='ocr_carea' id='block_1_7' title="bbox 1308 374 2319 1362">
    <p class='ocr_par' dir='ltr' id='par_1_7' title="bbox 1308 374 2319 1362">
     <span class='ocr_line' id='line_1_49' title="bbox 1308 374 2314 413; baseline 0.002 -10"><span class='ocrx_word' id='word_1_347' title='bbox 1308 384 1365 412; x_wconf 90' lang='lat' dir='ltr'>per</span> <span class='ocrx_word' id='word_1_348' title='bbox 1394 375 1481 412; x_wconf 77' lang='lat' dir='ltr'>ipsos</span> <span class='ocrx_word' id='word_1_349' title='bbox 1510 375 1667 413; x_wconf 77' lang='lat' dir='ltr'>expositis</span> <span class='ocrx_word' id='word_1_350' title='bbox 1690 379 1721 405; x_wconf 91' lang='lat' dir='ltr'>et</span> <span class='ocrx_word' id='word_1_351' title='bbox 1745 384 1807 413; x_wconf 83' lang='lat' dir='ltr'>quc</span> <span class='ocrx_word' id='word_1_352' title='bbox 1832 375 2026 405; x_wconf 85' lang='lat' dir='ltr'>transmisse</span> <span class='ocrx_word' id='word_1_353' title='bbox 2050 384 2107 413; x_wconf 88' lang='lat' dir='ltr'>per</span> <span class='ocrx_word' id='word_1_354' title='bbox 2130 383 2184 404; x_wconf 90' lang='grc'>005</span> <span class='ocrx_word' id='word_1_355' title='bbox 2205 374 2314 405; x_wconf 84' lang='lat' dir='ltr'>littere</span> 
     </span>
     <span class='ocr_line' id='line_1_50' title="bbox 1308 427 2315 466; baseline 0.001 -10"><span class='ocrx_word' id='word_1_356' title='bbox 1308 427 1533 459; x_wconf 76' lang='lat' dir='ltr'>continebant,</span> <span class='ocrx_word' id='word_1_357' title='bbox 1561 428 1600 456; x_wconf 87' lang='lat' dir='ltr'>ad</span> <span class='ocrx_word' id='word_1_358' title='bbox 1626 436 1762 465; x_wconf 83' lang='lat' dir='ltr'>presens</span> <span class='ocrx_word' id='word_1_359' title='bbox 1785 427 1978 466; x_wconf 83' lang='lat' dir='ltr'>petitionem</span> <span class='ocrx_word' id='word_1_360' title='bbox 2000 431 2089 457; x_wconf 86' lang='lat' dir='ltr'>tuam</span> <span class='ocrx_word' id='word_1_361' title='bbox 2115 436 2213 465; x_wconf 83' lang='lat' dir='ltr'>super</span> <span class='ocrx_word' id='word_1_362' title='bbox 2237 436 2315 458; x_wconf 88' lang='lat' dir='ltr'>con-</span> 
     </span>
     <span class='ocr_line' id='line_1_51' title="bbox 1308 480 2312 519; baseline 0.001 -10"><span class='ocrx_word' id='word_1_363' title='bbox 1308 480 1457 509; x_wconf 79' lang='lat' dir='ltr'>cessione</span> <span class='ocrx_word' id='word_1_364' title='bbox 1475 480 1575 518; x_wconf 73' lang='lat' dir='ltr'>Iegati</span> <span class='ocrx_word' id='word_1_365' title='bbox 1591 480 1782 510; x_wconf 83' lang='lat' dir='ltr'>distulimus</span> <span class='ocrx_word' id='word_1_366' title='bbox 1800 481 1966 515; x_wconf 79' lang='lat' dir='ltr'>exaudire,</span> <span class='ocrx_word' id='word_1_367' title='bbox 1985 490 2041 519; x_wconf 90' lang='lat' dir='ltr'>pro</span> <span class='ocrx_word' id='word_1_368' title='bbox 2056 490 2092 510; x_wconf 89' lang='lat' dir='ltr'>eo</span> <span class='ocrx_word' id='word_1_369' title='bbox 2110 481 2206 519; x_wconf 84' lang='lat' dir='ltr'>quod,</span> <span class='ocrx_word' id='word_1_370' title='bbox 2227 489 2312 516; x_wconf 90' lang='grc'><strong>011111,</strong></span> 
     </span>
     <span class='ocr_line' id='line_1_52' title="bbox 1309 531 2316 571; baseline 0.002 -10"><span class='ocrx_word' id='word_1_371' title='bbox 1309 531 1373 561; x_wconf 86' lang='lat' dir='ltr'>alia</span> <span class='ocrx_word' id='word_1_372' title='bbox 1390 532 1471 567; x_wconf 72' lang='lat' dir='ltr'>vice,</span> <span class='ocrx_word' id='word_1_373' title='bbox 1490 532 1550 562; x_wconf 88' lang='grc'><strong>1100</strong></span> <span class='ocrx_word' id='word_1_374' title='bbox 1567 533 1653 562; x_wconf 88' lang='lat' dir='ltr'>idem</span> <span class='ocrx_word' id='word_1_375' title='bbox 1673 542 1709 562; x_wconf 81' lang='lat' dir='ltr'>ex</span> <span class='ocrx_word' id='word_1_376' title='bbox 1727 537 1818 571; x_wconf 87' lang='lat' dir='ltr'>parte</span> <span class='ocrx_word' id='word_1_377' title='bbox 1835 537 1890 562; x_wconf 91' lang='lat' dir='ltr'>tua</span> <span class='ocrx_word' id='word_1_378' title='bbox 1909 542 1981 563; x_wconf 88' lang='grc'><strong>011111</strong></span> <span class='ocrx_word' id='word_1_379' title='bbox 2000 533 2159 563; x_wconf 85' lang='lat' dir='ltr'>instantia</span> <span class='ocrx_word' id='word_1_380' title='bbox 2173 533 2316 571; x_wconf 76' lang='lat' dir='ltr'>postula-</span> 
     </span>
     <span class='ocr_line' id='line_1_53' title="bbox 1310 585 2315 623; baseline 0.003 -10"><span class='ocrx_word' id='word_1_381' title='bbox 1310 588 1378 613; x_wconf 89' lang='lat' dir='ltr'>tum</span> <span class='ocrx_word' id='word_1_382' title='bbox 1396 585 1496 615; x_wconf 82' lang='lat' dir='ltr'>suerit</span> <span class='ocrx_word' id='word_1_383' title='bbox 1509 590 1537 615; x_wconf 85' lang='lat' dir='ltr'>et</span> <span class='ocrx_word' id='word_1_384' title='bbox 1552 595 1568 614; x_wconf 89' lang='lat' dir='ltr'>a</span> <span class='ocrx_word' id='word_1_385' title='bbox 1587 586 1681 615; x_wconf 86' lang='lat' dir='ltr'>nobis</span> <span class='ocrx_word' id='word_1_386' title='bbox 1696 586 1839 623; x_wconf 74' lang='lat' dir='ltr'>benigne</span> <span class='ocrx_word' id='word_1_387' title='bbox 1855 595 2060 621; x_wconf 83' lang='lat' dir='ltr'>concessum,</span> <span class='ocrx_word' id='word_1_388' title='bbox 2075 585 2185 615; x_wconf 84' lang='lat' dir='ltr'>statim</span> <span class='ocrx_word' id='word_1_389' title='bbox 2203 585 2242 615; x_wconf 87' lang='lat' dir='ltr'>ad</span> <span class='ocrx_word' id='word_1_390' title='bbox 2256 594 2315 616; x_wconf 85' lang='lat' dir='ltr'>nos</span> 
     </span>
     <span class='ocr_line' id='line_1_54' title="bbox 1309 637 2316 676; baseline 0.004 -12"><span class='ocrx_word' id='word_1_391' title='bbox 1309 637 1511 667; x_wconf 71' lang='lat' dir='ltr'>revmatoric</span> <span class='ocrx_word' id='word_1_392' title='bbox 1528 637 1637 667; x_wconf 79' lang='lat' dir='ltr'>littere</span> <span class='ocrx_word' id='word_1_393' title='bbox 1656 642 1877 675; x_wconf 81' lang='lat' dir='ltr'>pervenerunt</span> <span class='ocrx_word' id='word_1_394' title='bbox 1893 649 1897 673; x_wconf 92' lang='grc'>;</span> <span class='ocrx_word' id='word_1_395' title='bbox 1914 642 2045 676; x_wconf 87' lang='lat' dir='ltr'>propter</span> <span class='ocrx_word' id='word_1_396' title='bbox 2066 637 2151 676; x_wconf 84' lang='lat' dir='ltr'>quod</span> <span class='ocrx_word' id='word_1_397' title='bbox 2176 646 2227 671; x_wconf 84' lang='grc'><strong>110,</strong></span> <span class='ocrx_word' id='word_1_398' title='bbox 2253 637 2316 668; x_wconf 84' lang='lat' dir='ltr'>hac</span> 
     </span>
     <span class='ocr_line' id='line_1_55' title="bbox 1309 689 2314 731; baseline 0.003 -14"><span class='ocrx_word' id='word_1_399' title='bbox 1309 689 1506 731; x_wconf 23' lang='lat' dir='ltr'>viceletiam,</span> <span class='ocrx_word' id='word_1_400' title='bbox 1526 690 1635 719; x_wconf 85' lang='lat' dir='ltr'>simile</span> <span class='ocrx_word' id='word_1_401' title='bbox 1653 690 1827 725; x_wconf 73' lang='lat' dir='ltr'>accideret,</span> <span class='ocrx_word' id='word_1_402' title='bbox 1846 691 1886 720; x_wconf 86' lang='lat' dir='ltr'>ab</span> <span class='ocrx_word' id='word_1_403' title='bbox 1909 690 2077 729; x_wconf 79' lang='lat' dir='ltr'>aliquibus</span> <span class='ocrx_word' id='word_1_404' title='bbox 2092 690 2199 720; x_wconf 77' lang='lat' dir='ltr'>extitit</span> <span class='ocrx_word' id='word_1_405' title='bbox 2217 690 2314 720; x_wconf 87' lang='lat' dir='ltr'>dubi-</span> 
     </span>
     <span class='ocr_line' id='line_1_56' title="bbox 1309 742 2314 780; baseline 0.002 -10"><span class='ocrx_word' id='word_1_406' title='bbox 1309 745 1424 770; x_wconf 89' lang='lat' dir='ltr'>tatum.</span> <span class='ocrx_word' id='word_1_407' title='bbox 1444 743 1597 771; x_wconf 84' lang='lat' dir='ltr'>Preterea</span> <span class='ocrx_word' id='word_1_408' title='bbox 1614 742 1761 772; x_wconf 82' lang='lat' dir='ltr'>Ecclesia</span> <span class='ocrx_word' id='word_1_409' title='bbox 1779 743 1926 772; x_wconf 87' lang='lat' dir='ltr'>Romana</span> <span class='ocrx_word' id='word_1_410' title='bbox 1944 742 2005 772; x_wconf 87' lang='grc'><strong>1100</strong></span> <span class='ocrx_word' id='word_1_411' title='bbox 2022 747 2167 780; x_wconf 86' lang='lat' dir='ltr'>tempore</span> <span class='ocrx_word' id='word_1_412' title='bbox 2183 742 2221 772; x_wconf 88' lang='lat' dir='ltr'>de</span> <span class='ocrx_word' id='word_1_413' title='bbox 2238 742 2314 772; x_wconf 89' lang='lat' dir='ltr'>mit-</span> 
     </span>
     <span class='ocr_line' id='line_1_57' title="bbox 1310 795 2314 834; baseline 0.003 -11"><span class='ocrx_word' id='word_1_414' title='bbox 1310 795 1418 823; x_wconf 85' lang='lat' dir='ltr'>tendis</span> <span class='ocrx_word' id='word_1_415' title='bbox 1437 804 1453 823; x_wconf 87' lang='lat' dir='ltr'>a</span> <span class='ocrx_word' id='word_1_416' title='bbox 1473 795 1574 825; x_wconf 69' lang='lat' dir='ltr'>latere</span> <span class='ocrx_word' id='word_1_417' title='bbox 1592 804 1651 824; x_wconf 89' lang='lat' dir='ltr'>suo</span> <span class='ocrx_word' id='word_1_418' title='bbox 1670 796 1820 833; x_wconf 85' lang='lat' dir='ltr'>personis</span> <span class='ocrx_word' id='word_1_419' title='bbox 1839 796 2097 834; x_wconf 86' lang='lat' dir='ltr'>oportunitatem</span> <span class='ocrx_word' id='word_1_420' title='bbox 2119 805 2184 825; x_wconf 91' lang='lat' dir='ltr'>non</span> <span class='ocrx_word' id='word_1_421' title='bbox 2204 795 2314 832; x_wconf 86' lang='lat' dir='ltr'>habet,</span> 
     </span>
     <span class='ocr_line' id='line_1_58' title="bbox 1310 848 2316 886; baseline 0.002 -10"><span class='ocrx_word' id='word_1_422' title='bbox 1310 856 1409 885; x_wconf 84' lang='lat' dir='ltr'>quam</span> <span class='ocrx_word' id='word_1_423' title='bbox 1425 848 1490 876; x_wconf 78' lang='lat' dir='ltr'>cito</span> <span class='ocrx_word' id='word_1_424' title='bbox 1509 848 1580 883; x_wconf 89' lang='lat' dir='ltr'>erit,</span> <span class='ocrx_word' id='word_1_425' title='bbox 1601 852 1709 878; x_wconf 85' lang='lat' dir='ltr'>actore</span> <span class='ocrx_word' id='word_1_426' title='bbox 1731 848 1882 878; x_wconf 88' lang='lat' dir='ltr'>Domino.</span> <span class='ocrx_word' id='word_1_427' title='bbox 1907 848 2073 878; x_wconf 86' lang='lat' dir='ltr'>habitura.</span> <span class='ocrx_word' id='word_1_428' title='bbox 2098 848 2241 886; x_wconf 83' lang='lat' dir='ltr'>Ideoque</span> <span class='ocrx_word' id='word_1_429' title='bbox 2264 857 2316 878; x_wconf 85' lang='lat' dir='ltr'>se-</span> 
     </span>
     <span class='ocr_line' id='line_1_59' title="bbox 1311 900 2316 940; baseline 0.003 -12"><span class='ocrx_word' id='word_1_430' title='bbox 1311 900 1485 929; x_wconf 85' lang='lat' dir='ltr'>renitatem</span> <span class='ocrx_word' id='word_1_431' title='bbox 1514 906 1603 929; x_wconf 81' lang='lat' dir='ltr'>tuam</span> <span class='ocrx_word' id='word_1_432' title='bbox 1626 901 1822 939; x_wconf 85' lang='lat' dir='ltr'>propensius</span> <span class='ocrx_word' id='word_1_433' title='bbox 1847 901 2060 931; x_wconf 81' lang='lat' dir='ltr'>exhortamur</span> <span class='ocrx_word' id='word_1_434' title='bbox 2080 905 2255 940; x_wconf 81' lang='lat' dir='ltr'>quatenus,</span> <span class='ocrx_word' id='word_1_435' title='bbox 2277 901 2316 931; x_wconf 83' lang='lat' dir='ltr'>de</span> 
     </span>
     <span class='ocr_line' id='line_1_60' title="bbox 1310 953 2316 992; baseline 0.002 -11"><span class='ocrx_word' id='word_1_436' title='bbox 1310 953 1426 982; x_wconf 88' lang='lat' dir='ltr'>matris</span> <span class='ocrx_word' id='word_1_437' title='bbox 1448 957 1512 982; x_wconf 75' lang='lat' dir='ltr'>tue.</span> <span class='ocrx_word' id='word_1_438' title='bbox 1533 953 1719 991; x_wconf 73' lang='lat' dir='ltr'>Apostolice</span> <span class='ocrx_word' id='word_1_439' title='bbox 1737 954 1842 988; x_wconf 82' lang='lat' dir='ltr'>Sedis,</span> <span class='ocrx_word' id='word_1_440' title='bbox 1861 954 1972 984; x_wconf 78' lang='lat' dir='ltr'>favore</span> <span class='ocrx_word' id='word_1_441' title='bbox 1992 963 2140 989; x_wconf 80' lang='lat' dir='ltr'>securus,</span> <span class='ocrx_word' id='word_1_442' title='bbox 2159 962 2221 992; x_wconf 86' lang='lat' dir='ltr'>que</span> <span class='ocrx_word' id='word_1_443' title='bbox 2242 962 2316 992; x_wconf 85' lang='lat' dir='ltr'>pre-</span> 
     </span>
     <span class='ocr_line' id='line_1_61' title="bbox 1311 1005 2316 1045; baseline 0.002 -11"><span class='ocrx_word' id='word_1_444' title='bbox 1311 1005 1429 1035; x_wconf 82' lang='lat' dir='ltr'>dilecto</span> <span class='ocrx_word' id='word_1_445' title='bbox 1458 1005 1527 1035; x_wconf 86' lang='lat' dir='ltr'>filio</span> <span class='ocrx_word' id='word_1_446' title='bbox 1554 1015 1674 1044; x_wconf 76' lang='lat' dir='ltr'>negare</span> <span class='ocrx_word' id='word_1_447' title='bbox 1705 1015 1769 1036; x_wconf 88' lang='lat' dir='ltr'>non</span> <span class='ocrx_word' id='word_1_448' title='bbox 1796 1011 1901 1044; x_wconf 88' lang='lat' dir='ltr'>potest</span> <span class='ocrx_word' id='word_1_449' title='bbox 1932 1006 2106 1045; x_wconf 81' lang='lat' dir='ltr'>quicquid,</span> <span class='ocrx_word' id='word_1_450' title='bbox 2135 1006 2316 1036; x_wconf 83' lang='lat' dir='ltr'>seeundum</span> 
     </span>
     <span class='ocr_line' id='line_1_62' title="bbox 1310 1057 2318 1098; baseline 0.002 -12"><span class='ocrx_word' id='word_1_451' title='bbox 1310 1058 1427 1088; x_wconf 89' lang='lat' dir='ltr'>Deum.</span> <span class='ocrx_word' id='word_1_452' title='bbox 1445 1057 1586 1096; x_wconf 82' lang='lat' dir='ltr'>postulat</span> <span class='ocrx_word' id='word_1_453' title='bbox 1605 1059 1644 1087; x_wconf 88' lang='lat' dir='ltr'>ab</span> <span class='ocrx_word' id='word_1_454' title='bbox 1662 1059 1786 1093; x_wconf 85' lang='lat' dir='ltr'>eadem,</span> <span class='ocrx_word' id='word_1_455' title='bbox 1805 1059 1839 1087; x_wconf 90' lang='lat' dir='ltr'>in</span> <span class='ocrx_word' id='word_1_456' title='bbox 1857 1058 1948 1088; x_wconf 89' lang='lat' dir='ltr'>nullo</span> <span class='ocrx_word' id='word_1_457' title='bbox 1967 1068 2004 1088; x_wconf 86' lang='lat' dir='ltr'>ex</span> <span class='ocrx_word' id='word_1_458' title='bbox 2026 1058 2183 1088; x_wconf 83' lang='lat' dir='ltr'>dilatione</span> <span class='ocrx_word' id='word_1_459' title='bbox 2200 1058 2318 1098; x_wconf 85' lang='lat' dir='ltr'>hujus-</span> 
     </span>
     <span class='ocr_line' id='line_1_63' title="bbox 1310 1110 2319 1150; baseline 0.001 -11"><span class='ocrx_word' id='word_1_460' title='bbox 1310 1110 1398 1140; x_wconf 81' lang='lat' dir='ltr'>modi</span> <span class='ocrx_word' id='word_1_461' title='bbox 1417 1112 1591 1143; x_wconf 76' lang='lat' dir='ltr'>movearis,</span> <span class='ocrx_word' id='word_1_462' title='bbox 1610 1121 1667 1149; x_wconf 89' lang='lat' dir='ltr'>pro</span> <span class='ocrx_word' id='word_1_463' title='bbox 1687 1116 1774 1141; x_wconf 71' lang='lat' dir='ltr'>certo</span> <span class='ocrx_word' id='word_1_464' title='bbox 1795 1116 1910 1141; x_wconf 85' lang='lat' dir='ltr'>tenens</span> <span class='ocrx_word' id='word_1_465' title='bbox 1927 1112 2013 1150; x_wconf 87' lang='lat' dir='ltr'>quod</span> <span class='ocrx_word' id='word_1_466' title='bbox 2032 1120 2090 1141; x_wconf 89' lang='grc'><strong>1105</strong></span> <span class='ocrx_word' id='word_1_467' title='bbox 2107 1129 2155 1143; x_wconf 74' lang='grc'><strong>-,</strong></span> <span class='ocrx_word' id='word_1_468' title='bbox 2174 1111 2214 1140; x_wconf 87' lang='lat' dir='ltr'>ad</span> <span class='ocrx_word' id='word_1_469' title='bbox 2229 1110 2319 1141; x_wconf 79' lang='lat' dir='ltr'>exal-</span> 
     </span>
     <span class='ocr_line' id='line_1_64' title="bbox 1312 1164 2315 1202; baseline 0.002 -10"><span class='ocrx_word' id='word_1_470' title='bbox 1312 1164 1469 1193; x_wconf 83' lang='lat' dir='ltr'>tationem</span> <span class='ocrx_word' id='word_1_471' title='bbox 1501 1169 1530 1194; x_wconf 93' lang='lat' dir='ltr'>et</span> <span class='ocrx_word' id='word_1_472' title='bbox 1555 1164 1714 1194; x_wconf 85' lang='lat' dir='ltr'>honorem</span> <span class='ocrx_word' id='word_1_473' title='bbox 1743 1169 1836 1194; x_wconf 88' lang='lat' dir='ltr'>tuum</span> <span class='ocrx_word' id='word_1_474' title='bbox 1861 1164 1938 1194; x_wconf 89' lang='lat' dir='ltr'>totis</span> <span class='ocrx_word' id='word_1_475' title='bbox 1962 1165 2089 1193; x_wconf 75' lang='lat' dir='ltr'>viribus</span> <span class='ocrx_word' id='word_1_476' title='bbox 2112 1164 2315 1202; x_wconf 86' lang='lat' dir='ltr'>aspirantes,</span> 
     </span>
     <span class='ocr_line' id='line_1_65' title="bbox 1310 1217 2318 1256; baseline 0.002 -11"><span class='ocrx_word' id='word_1_477' title='bbox 1310 1217 1416 1254; x_wconf 83' lang='lat' dir='ltr'>parati</span> <span class='ocrx_word' id='word_1_478' title='bbox 1434 1226 1548 1246; x_wconf 88' lang='lat' dir='ltr'>sumus</span> <span class='ocrx_word' id='word_1_479' title='bbox 1566 1217 1599 1245; x_wconf 91' lang='lat' dir='ltr'>in</span> <span class='ocrx_word' id='word_1_480' title='bbox 1618 1217 1677 1246; x_wconf 89' lang='grc'><strong>1100</strong></span> <span class='ocrx_word' id='word_1_481' title='bbox 1695 1222 1725 1247; x_wconf 85' lang='lat' dir='ltr'>et</span> <span class='ocrx_word' id='word_1_482' title='bbox 1741 1217 1817 1246; x_wconf 89' lang='lat' dir='ltr'>aliis</span> <span class='ocrx_word' id='word_1_483' title='bbox 1837 1222 1891 1247; x_wconf 88' lang='lat' dir='ltr'>tua</span> <span class='ocrx_word' id='word_1_484' title='bbox 1907 1218 1997 1256; x_wconf 84' lang='lat' dir='ltr'>justa</span> <span class='ocrx_word' id='word_1_485' title='bbox 2015 1217 2191 1251; x_wconf 74' lang='lat' dir='ltr'>desideria,</span> <span class='ocrx_word' id='word_1_486' title='bbox 2209 1220 2318 1248; x_wconf 85' lang='lat' dir='ltr'>actore</span> 
     </span>
     <span class='ocr_line' id='line_1_66' title="bbox 1310 1269 2318 1308; baseline 0 -9"><span class='ocrx_word' id='word_1_487' title='bbox 1310 1270 1462 1304; x_wconf 84' lang='lat' dir='ltr'>Domino,</span> <span class='ocrx_word' id='word_1_488' title='bbox 1480 1279 1683 1308; x_wconf 86' lang='lat' dir='ltr'>promovere.</span> <span class='ocrx_word' id='word_1_489' title='bbox 1703 1271 1775 1299; x_wconf 88' lang='lat' dir='ltr'>Dat.</span> <span class='ocrx_word' id='word_1_490' title='bbox 1790 1272 1904 1305; x_wconf 85' lang='lat' dir='ltr'>Reate,</span> <span class='ocrx_word' id='word_1_491' title='bbox 1921 1271 1987 1300; x_wconf 79' lang='lat' dir='ltr'>XII</span> <span class='ocrx_word' id='word_1_492' title='bbox 2003 1269 2163 1300; x_wconf 82' lang='lat' dir='ltr'>kalendas</span> <span class='ocrx_word' id='word_1_493' title='bbox 2175 1273 2318 1308; x_wconf 87' lang='lat' dir='ltr'>septem-</span> 
     </span>
     <span class='ocr_line' id='line_1_67' title="bbox 1309 1323 2036 1362; baseline -0.003 -11"><span class='ocrx_word' id='word_1_494' title='bbox 1309 1323 1389 1352; x_wconf 82' lang='lat' dir='ltr'>bris.</span> <span class='ocrx_word' id='word_1_495' title='bbox 1409 1323 1620 1362; x_wconf 82' lang='lat' dir='ltr'>pontificatus</span> <span class='ocrx_word' id='word_1_496' title='bbox 1639 1323 1742 1353; x_wconf 89' lang='lat' dir='ltr'>nostri</span> <span class='ocrx_word' id='word_1_497' title='bbox 1762 1332 1848 1353; x_wconf 86' lang='lat' dir='ltr'>anno</span> <span class='ocrx_word' id='word_1_498' title='bbox 1865 1323 2003 1353; x_wconf 89' lang='lat' dir='ltr'>decimo.</span> <span class='ocrx_word' id='word_1_499' title='bbox 2024 1335 2036 1349; x_wconf 84' lang='lat'>»</span> 
     </span>
    </p>
   </div>
   <div class='ocr_carea' id='block_1_8' title="bbox 1381 1508 2246 1540">
    <p class='ocr_par' dir='ltr' id='par_1_8' title="bbox 1381 1508 2246 1540">
     <span class='ocr_line' id='line_1_68' title="bbox 1381 1508 2246 1540; baseline -0.001 -4"><span class='ocrx_word' id='word_1_500' title='bbox 1381 1508 1498 1536; x_wconf 67' lang='lat'><strong>3292)</strong></span> <span class='ocrx_word' id='word_1_501' title='bbox 1920 1508 2011 1540; x_wconf 77' lang='lat' dir='ltr'>Rieti,</span> <span class='ocrx_word' id='word_1_502' title='bbox 2033 1508 2064 1535; x_wconf 91' lang='grc'>21</span> <span class='ocrx_word' id='word_1_503' title='bbox 2083 1510 2152 1535; x_wconf 78' lang='lat' dir='ltr'>aeut</span> <span class='ocrx_word' id='word_1_504' title='bbox 2166 1508 2246 1535; x_wconf 79' lang='lat'>1236.</span> 
     </span>
    </p>
   </div>
   <div class='ocr_carea' id='block_1_9' title="bbox 1310 1568 2319 1846">
    <p class='ocr_par' dir='ltr' id='par_1_9' title="bbox 1310 1568 2319 1846">
     <span class='ocr_line' id='line_1_69' title="bbox 1347 1568 2319 1604; baseline 0 -8"><span class='ocrx_word' id='word_1_505' title='bbox 1347 1570 1446 1597; x_wconf 87' lang='lat' dir='ltr'>Eleeto</span> <span class='ocrx_word' id='word_1_506' title='bbox 1462 1568 1658 1604; x_wconf 76' lang='lat' dir='ltr'>Valentin[o],</span> <span class='ocrx_word' id='word_1_507' title='bbox 1676 1570 1759 1603; x_wconf 86' lang='lat' dir='ltr'>eujus</span> <span class='ocrx_word' id='word_1_508' title='bbox 1782 1570 1962 1604; x_wconf 85' lang='lat' dir='ltr'>praesentia,</span> <span class='ocrx_word' id='word_1_509' title='bbox 1981 1570 2120 1604; x_wconf 75' lang='lat' dir='ltr'>magistro</span> <span class='ocrx_word' id='word_1_510' title='bbox 2142 1570 2264 1597; x_wconf 86' lang='lat' dir='ltr'>Simone</span> <span class='ocrx_word' id='word_1_511' title='bbox 2281 1569 2319 1597; x_wconf 83' lang='lat' dir='ltr'>de</span> 
     </span>
     <span class='ocr_line' id='line_1_70' title="bbox 1310 1617 2319 1653; baseline 0 -8"><span class='ocrx_word' id='word_1_512' title='bbox 1310 1619 1445 1645; x_wconf 85' lang='lat' dir='ltr'>Estelant</span> <span class='ocrx_word' id='word_1_513' title='bbox 1461 1622 1489 1645; x_wconf 90' lang='lat' dir='ltr'>et</span> <span class='ocrx_word' id='word_1_514' title='bbox 1506 1619 1540 1645; x_wconf 85' lang='lat' dir='ltr'>P.</span> <span class='ocrx_word' id='word_1_515' title='bbox 1559 1617 1738 1653; x_wconf 67' lang='lat' dir='ltr'>Sari-aecum</span> <span class='ocrx_word' id='word_1_516' title='bbox 1753 1622 1770 1650; x_wconf 90' lang='lat'>¹,</span> <span class='ocrx_word' id='word_1_517' title='bbox 1788 1618 1854 1645; x_wconf 79' lang='lat' dir='ltr'>cive</span> <span class='ocrx_word' id='word_1_518' title='bbox 1870 1619 2014 1651; x_wconf 83' lang='lat' dir='ltr'>Romano,</span> <span class='ocrx_word' id='word_1_519' title='bbox 2032 1619 2147 1646; x_wconf 87' lang='lat' dir='ltr'>nuntiis</span> <span class='ocrx_word' id='word_1_520' title='bbox 2164 1619 2240 1653; x_wconf 79' lang='lat' dir='ltr'>regis</span> <span class='ocrx_word' id='word_1_521' title='bbox 2254 1619 2319 1646; x_wconf 92' lang='lat' dir='ltr'>An-</span> 
     </span>
     <span class='ocr_line' id='line_1_71' title="bbox 1310 1667 2318 1702; baseline 0 -8"><span class='ocrx_word' id='word_1_522' title='bbox 1310 1668 1400 1701; x_wconf 78' lang='lat' dir='ltr'>gliae,</span> <span class='ocrx_word' id='word_1_523' title='bbox 1422 1667 1632 1699; x_wconf 77' lang='lat' dir='ltr'>referentibus,</span> <span class='ocrx_word' id='word_1_524' title='bbox 1655 1667 1805 1701; x_wconf 84' lang='lat' dir='ltr'>praedicto</span> <span class='ocrx_word' id='word_1_525' title='bbox 1827 1667 1888 1701; x_wconf 76' lang='lat' dir='ltr'>regi</span> <span class='ocrx_word' id='word_1_526' title='bbox 1906 1667 2060 1694; x_wconf 84' lang='lat' dir='ltr'>dicebatur</span> <span class='ocrx_word' id='word_1_527' title='bbox 2075 1667 2239 1702; x_wconf 86' lang='lat' dir='ltr'>plurimum</span> <span class='ocrx_word' id='word_1_528' title='bbox 2255 1675 2318 1695; x_wconf 82' lang='lat' dir='ltr'>esse</span> 
     </span>
     <span class='ocr_line' id='line_1_72' title="bbox 1310 1715 2317 1750; baseline 0.001 -8"><span class='ocrx_word' id='word_1_529' title='bbox 1310 1718 1488 1750; x_wconf 80' lang='lat' dir='ltr'>opportuna,</span> <span class='ocrx_word' id='word_1_530' title='bbox 1507 1715 1629 1742; x_wconf 87' lang='lat' dir='ltr'>mandat</span> <span class='ocrx_word' id='word_1_531' title='bbox 1649 1719 1795 1749; x_wconf 83' lang='lat' dir='ltr'>quatenus</span> <span class='ocrx_word' id='word_1_532' title='bbox 1810 1715 1906 1742; x_wconf 90' lang='lat' dir='ltr'>eidem</span> <span class='ocrx_word' id='word_1_533' title='bbox 1924 1715 1983 1749; x_wconf 79' lang='lat' dir='ltr'>regi</span> <span class='ocrx_word' id='word_1_534' title='bbox 2005 1719 2065 1742; x_wconf 86' lang='lat' dir='ltr'>tam</span> <span class='ocrx_word' id='word_1_535' title='bbox 2087 1715 2214 1742; x_wconf 83' lang='lat' dir='ltr'>fideliter</span> <span class='ocrx_word' id='word_1_536' title='bbox 2229 1723 2317 1750; x_wconf 77' lang='lat' dir='ltr'>quam</span> 
     </span>
     <span class='ocr_line' id='line_1_73' title="bbox 1310 1764 2318 1799; baseline 0.001 -8"><span class='ocrx_word' id='word_1_537' title='bbox 1310 1765 1480 1799; x_wconf 78' lang='lat' dir='ltr'>prudenter,</span> <span class='ocrx_word' id='word_1_538' title='bbox 1498 1764 1574 1791; x_wconf 85' lang='lat' dir='ltr'>sicut</span> <span class='ocrx_word' id='word_1_539' title='bbox 1591 1764 1782 1791; x_wconf 84' lang='lat' dir='ltr'>laudabiliter</span> <span class='ocrx_word' id='word_1_540' title='bbox 1799 1765 1962 1799; x_wconf 81' lang='lat' dir='ltr'>inceperat,</span> <span class='ocrx_word' id='word_1_541' title='bbox 1979 1765 2108 1792; x_wconf 83' lang='lat' dir='ltr'>assistat.</span> <span class='ocrx_word' id='word_1_542' title='bbox 2124 1779 2155 1783; x_wconf 91' lang='lat'><em>—</em></span> <span class='ocrx_word' id='word_1_543' title='bbox 2172 1765 2258 1796; x_wconf 64' lang='lat' dir='ltr'>(Rae.</span> <span class='ocrx_word' id='word_1_544' title='bbox 2272 1764 2318 1798; x_wconf 85' lang='lat'>18,</span> 
     </span>
     <span class='ocr_line' id='line_1_74' title="bbox 1311 1813 1726 1846; baseline -0.002 -6"><span class='ocrx_word' id='word_1_545' title='bbox 1311 1813 1397 1840; x_wconf 58' lang='lat'>[187</span> <span class='ocrx_word' id='word_1_546' title='bbox 1411 1816 1454 1845; x_wconf 82' lang='lat' dir='ltr'>v⁰;</span> <span class='ocrx_word' id='word_1_547' title='bbox 1472 1821 1541 1840; x_wconf 91' lang='lat' dir='ltr'>ann.</span> <span class='ocrx_word' id='word_1_548' title='bbox 1557 1813 1596 1846; x_wconf 83' lang='lat' dir='ltr'>X,</span> <span class='ocrx_word' id='word_1_549' title='bbox 1612 1821 1636 1839; x_wconf 90' lang='lat' dir='ltr'>c.</span> <span class='ocrx_word' id='word_1_550' title='bbox 1651 1813 1726 1843; x_wconf 85' lang='grc'><strong>203.)</strong></span> 
     </span>
    </p>
   </div>
   <div class='ocr_carea' id='block_1_10' title="bbox 1312 1913 2318 2005">
    <p class='ocr_par' dir='ltr' id='par_1_10' title="bbox 1312 1913 2318 2005">
     <span class='ocr_line' id='line_1_75' title="bbox 1353 1913 2318 1952; baseline 0 -10"><span class='ocrx_word' id='word_1_551' title='bbox 1353 1926 1366 1939; x_wconf 83' lang='lat'>«</span> <span class='ocrx_word' id='word_1_552' title='bbox 1393 1937 1412 1942; x_wconf 93' lang='lat'>..</span> <span class='ocrx_word' id='word_1_553' title='bbox 1440 1914 1527 1942; x_wconf 75' lang='lat' dir='ltr'>electo</span> <span class='ocrx_word' id='word_1_554' title='bbox 1555 1913 1748 1952; x_wconf 73' lang='lat' dir='ltr'>l&#39;aletztz&#39;n[o].</span> <span class='ocrx_word' id='word_1_555' title='bbox 1778 1913 1916 1943; x_wconf 88' lang='lat' dir='ltr'>Gratum</span> <span class='ocrx_word' id='word_1_556' title='bbox 1941 1914 2088 1951; x_wconf 83' lang='lat' dir='ltr'>gerimus</span> <span class='ocrx_word' id='word_1_557' title='bbox 2117 1918 2147 1943; x_wconf 84' lang='lat' dir='ltr'>et</span> <span class='ocrx_word' id='word_1_558' title='bbox 2171 1931 2220 1942; x_wconf 78' lang='lat'>-.</span> <span class='ocrx_word' id='word_1_559' title='bbox 2243 1914 2318 1944; x_wconf 83' lang='lat' dir='ltr'>Dat.</span> 
     </span>
     <span class='ocr_line' id='line_1_76' title="bbox 1312 1971 1510 2005; baseline 0 -9"><span class='ocrx_word' id='word_1_560' title='bbox 1312 1971 1347 1996; x_wconf 66' lang='lat' dir='ltr'>ut⁴</span> <span class='ocrx_word' id='word_1_561' title='bbox 1367 1976 1477 2005; x_wconf 85' lang='lat' dir='ltr'>supra.</span> <span class='ocrx_word' id='word_1_562' title='bbox 1498 1979 1510 1992; x_wconf 71' lang='grc'>11</span> 
     </span>
    </p>
   </div>
   <div class='ocr_carea' id='block_1_11' title="bbox 1383 2144 2245 2177">
    <p class='ocr_par' dir='ltr' id='par_1_11' title="bbox 1383 2144 2245 2177">
     <span class='ocr_line' id='line_1_77' title="bbox 1383 2144 2245 2177; baseline -0.002 -4"><span class='ocrx_word' id='word_1_563' title='bbox 1383 2145 1502 2173; x_wconf 80' lang='lat'><strong>3300</strong></span> <span class='ocrx_word' id='word_1_564' title='bbox 1930 2144 2021 2177; x_wconf 84' lang='lat' dir='ltr'>Rieti,</span> <span class='ocrx_word' id='word_1_565' title='bbox 2035 2144 2067 2171; x_wconf 87' lang='grc'>21</span> <span class='ocrx_word' id='word_1_566' title='bbox 2085 2146 2153 2171; x_wconf 76' lang='lat' dir='ltr'>aot&#39;tt</span> <span class='ocrx_word' id='word_1_567' title='bbox 2166 2144 2245 2172; x_wconf 86' lang='grc'><strong>1236.</strong></span> 
     </span>
    </p>
   </div>
   <div class='ocr_carea' id='block_1_12' title="bbox 1313 2205 2324 2726">
    <p class='ocr_par' dir='ltr' id='par_1_12' title="bbox 1313 2205 2324 2726">
     <span class='ocr_line' id='line_1_78' title="bbox 1348 2205 2319 2242; baseline -0.002 -7"><span class='ocrx_word' id='word_1_568' title='bbox 1348 2209 1492 2242; x_wconf 79' lang='lat' dir='ltr'>Episcopo</span> <span class='ocrx_word' id='word_1_569' title='bbox 1504 2208 1685 2240; x_wconf 75' lang='lat' dir='ltr'>Florentiae,</span> <span class='ocrx_word' id='word_1_570' title='bbox 1699 2207 1749 2241; x_wconf 90' lang='lat' dir='ltr'>qui</span> <span class='ocrx_word' id='word_1_571' title='bbox 1765 2207 1908 2234; x_wconf 84' lang='lat' dir='ltr'>eeclesiae</span> <span class='ocrx_word' id='word_1_572' title='bbox 1922 2207 2058 2234; x_wconf 81' lang='lat' dir='ltr'>Lucanae</span> <span class='ocrx_word' id='word_1_573' title='bbox 2074 2205 2319 2239; x_wconf 81' lang='lat' dir='ltr'>sollicitudinem,</span> 
     </span>
     <span class='ocr_line' id='line_1_79' title="bbox 1313 2254 2322 2291; baseline -0.003 -7"><span class='ocrx_word' id='word_1_574' title='bbox 1313 2257 1349 2284; x_wconf 84' lang='lat' dir='ltr'>ab</span> <span class='ocrx_word' id='word_1_575' title='bbox 1366 2257 1428 2291; x_wconf 88' lang='lat' dir='ltr'>ipso</span> <span class='ocrx_word' id='word_1_576' title='bbox 1445 2265 1521 2291; x_wconf 85' lang='lat' dir='ltr'>papa.</span> <span class='ocrx_word' id='word_1_577' title='bbox 1536 2256 1593 2283; x_wconf 86' lang='lat' dir='ltr'>sibi</span> <span class='ocrx_word' id='word_1_578' title='bbox 1607 2264 1658 2290; x_wconf 90' lang='lat' dir='ltr'>pro</span> <span class='ocrx_word' id='word_1_579' title='bbox 1674 2259 1756 2290; x_wconf 83' lang='lat' dir='ltr'>parte</span> <span class='ocrx_word' id='word_1_580' title='bbox 1772 2255 1973 2287; x_wconf 79' lang='lat' dir='ltr'>commissam,</span> <span class='ocrx_word' id='word_1_581' title='bbox 1984 2255 2192 2282; x_wconf 86' lang='lat' dir='ltr'>archidiacono</span> <span class='ocrx_word' id='word_1_582' title='bbox 2203 2254 2322 2282; x_wconf 78' lang='lat' dir='ltr'>Lucano</span> 
     </span>
     <span class='ocr_line' id='line_1_80' title="bbox 1313 2302 2322 2338; baseline -0.003 -6"><span class='ocrx_word' id='word_1_583' title='bbox 1313 2306 1437 2333; x_wconf 81' lang='lat' dir='ltr'>duxerat</span> <span class='ocrx_word' id='word_1_584' title='bbox 1451 2305 1708 2337; x_wconf 80' lang='lat' dir='ltr'>committendam,</span> <span class='ocrx_word' id='word_1_585' title='bbox 1727 2304 1851 2331; x_wconf 87' lang='lat' dir='ltr'>mandat</span> <span class='ocrx_word' id='word_1_586' title='bbox 1864 2306 2019 2338; x_wconf 71' lang='lat' dir='ltr'>quatenus,</span> <span class='ocrx_word' id='word_1_587' title='bbox 2035 2304 2088 2330; x_wconf 88' lang='lat' dir='ltr'>hoc</span> <span class='ocrx_word' id='word_1_588' title='bbox 2103 2305 2248 2336; x_wconf 79' lang='lat' dir='ltr'>revocato,</span> <span class='ocrx_word' id='word_1_589' title='bbox 2259 2302 2322 2337; x_wconf 80' lang='lat' dir='ltr'>pri-</span> 
     </span>
     <span class='ocr_line' id='line_1_81' title="bbox 1314 2350 2321 2385; baseline -0.003 -4"><span class='ocrx_word' id='word_1_590' title='bbox 1314 2354 1435 2381; x_wconf 81' lang='lat' dir='ltr'>micerio</span> <span class='ocrx_word' id='word_1_591' title='bbox 1451 2355 1569 2381; x_wconf 87' lang='lat' dir='ltr'>Lucano</span> <span class='ocrx_word' id='word_1_592' title='bbox 1586 2357 1614 2380; x_wconf 86' lang='lat' dir='ltr'>et</span> <span class='ocrx_word' id='word_1_593' title='bbox 1630 2353 1780 2385; x_wconf 85' lang='lat' dir='ltr'>Conrado,</span> <span class='ocrx_word' id='word_1_594' title='bbox 1795 2353 1937 2379; x_wconf 88' lang='lat' dir='ltr'>canonico</span> <span class='ocrx_word' id='word_1_595' title='bbox 1953 2353 2086 2385; x_wconf 86' lang='lat' dir='ltr'>Lucano,</span> <span class='ocrx_word' id='word_1_596' title='bbox 2103 2351 2184 2378; x_wconf 83' lang='lat' dir='ltr'>vices</span> <span class='ocrx_word' id='word_1_597' title='bbox 2203 2359 2269 2378; x_wconf 80' lang='lat' dir='ltr'>suas</span> <span class='ocrx_word' id='word_1_598' title='bbox 2288 2350 2321 2378; x_wconf 86' lang='lat' dir='ltr'>iu</span> 
     </span>
     <span class='ocr_line' id='line_1_82' title="bbox 1314 2398 2322 2437; baseline -0.003 -8"><span class='ocrx_word' id='word_1_599' title='bbox 1314 2404 1368 2429; x_wconf 88' lang='lat' dir='ltr'>hac</span> <span class='ocrx_word' id='word_1_600' title='bbox 1386 2406 1468 2437; x_wconf 86' lang='lat' dir='ltr'>parte</span> <span class='ocrx_word' id='word_1_601' title='bbox 1490 2402 1676 2433; x_wconf 52' lang='lat' dir='ltr'>committam</span> <span class='ocrx_word' id='word_1_602' title='bbox 1699 2404 1844 2434; x_wconf 84' lang='lat' dir='ltr'>ceterum,</span> <span class='ocrx_word' id='word_1_603' title='bbox 1862 2409 1913 2432; x_wconf 85' lang='lat' dir='ltr'>ne,</span> <span class='ocrx_word' id='word_1_604' title='bbox 1934 2400 2086 2427; x_wconf 86' lang='lat' dir='ltr'>occasione</span> <span class='ocrx_word' id='word_1_605' title='bbox 2105 2398 2322 2434; x_wconf 74' lang='lat' dir='ltr'>jurisdictionis</span> 
     </span>
     <span class='ocr_line' id='line_1_83' title="bbox 1314 2446 2323 2486; baseline -0.002 -9"><span class='ocrx_word' id='word_1_606' title='bbox 1314 2460 1401 2486; x_wconf 85' lang='lat' dir='ltr'>quam</span> <span class='ocrx_word' id='word_1_607' title='bbox 1419 2452 1476 2478; x_wconf 87' lang='lat' dir='ltr'>sibi</span> <span class='ocrx_word' id='word_1_608' title='bbox 1491 2451 1658 2486; x_wconf 85' lang='lat' dir='ltr'>praedictus</span> <span class='ocrx_word' id='word_1_609' title='bbox 1681 2450 1908 2477; x_wconf 82' lang='lat' dir='ltr'>archidiaconus</span> <span class='ocrx_word' id='word_1_610' title='bbox 1924 2449 2109 2481; x_wconf 79' lang='lat' dir='ltr'>vindicabat,</span> <span class='ocrx_word' id='word_1_611' title='bbox 2128 2449 2248 2476; x_wconf 87' lang='lat' dir='ltr'>illorum</span> <span class='ocrx_word' id='word_1_612' title='bbox 2269 2446 2323 2475; x_wconf 79' lang='lat' dir='ltr'>ad-</span> 
     </span>
     <span class='ocr_line' id='line_1_84' title="bbox 1315 2495 2322 2534; baseline -0.003 -7"><span class='ocrx_word' id='word_1_613' title='bbox 1315 2500 1496 2527; x_wconf 84' lang='lat' dir='ltr'>ministratio</span> <span class='ocrx_word' id='word_1_614' title='bbox 1517 2500 1608 2534; x_wconf 83' lang='lat' dir='ltr'>possit</span> <span class='ocrx_word' id='word_1_615' title='bbox 1629 2499 1784 2534; x_wconf 83' lang='lat' dir='ltr'>impediri,</span> <span class='ocrx_word' id='word_1_616' title='bbox 1802 2499 1895 2525; x_wconf 82' lang='lat' dir='ltr'>donec</span> <span class='ocrx_word' id='word_1_617' title='bbox 1913 2499 2051 2525; x_wconf 83' lang='lat' dir='ltr'>Lucanae</span> <span class='ocrx_word' id='word_1_618' title='bbox 2073 2497 2213 2525; x_wconf 83' lang='lat' dir='ltr'>ecelesiae</span> <span class='ocrx_word' id='word_1_619' title='bbox 2231 2495 2322 2524; x_wconf 78' lang='lat' dir='ltr'>Sedes</span> 
     </span>
     <span class='ocr_line' id='line_1_85' title="bbox 1313 2545 2323 2584; baseline -0.004 -8"><span class='ocrx_word' id='word_1_620' title='bbox 1313 2549 1485 2584; x_wconf 80' lang='lat' dir='ltr'>Apostoliea</span> <span class='ocrx_word' id='word_1_621' title='bbox 1502 2548 1665 2583; x_wconf 70' lang='lat' dir='ltr'>providerit</span> <span class='ocrx_word' id='word_1_622' title='bbox 1680 2548 1716 2574; x_wconf 87' lang='lat' dir='ltr'>de</span> <span class='ocrx_word' id='word_1_623' title='bbox 1731 2550 1861 2582; x_wconf 76' lang='lat' dir='ltr'>pastore,</span> <span class='ocrx_word' id='word_1_624' title='bbox 1879 2555 1936 2573; x_wconf 90' lang='lat' dir='ltr'>non</span> <span class='ocrx_word' id='word_1_625' title='bbox 1951 2547 2107 2581; x_wconf 83' lang='lat' dir='ltr'>permittat</span> <span class='ocrx_word' id='word_1_626' title='bbox 2120 2545 2255 2573; x_wconf 85' lang='lat' dir='ltr'>eumdem</span> <span class='ocrx_word' id='word_1_627' title='bbox 2273 2552 2323 2572; x_wconf 79' lang='lat' dir='ltr'>ar-</span> 
     </span>
     <span class='ocr_line' id='line_1_86' title="bbox 1315 2593 2323 2630; baseline -0.003 -7"><span class='ocrx_word' id='word_1_628' title='bbox 1315 2597 1538 2628; x_wconf 84' lang='lat' dir='ltr'>chidiaconum,</span> <span class='ocrx_word' id='word_1_629' title='bbox 1558 2599 1764 2630; x_wconf 84' lang='lat' dir='ltr'>praeterquam</span> <span class='ocrx_word' id='word_1_630' title='bbox 1785 2595 1816 2622; x_wconf 91' lang='lat' dir='ltr'>in</span> <span class='ocrx_word' id='word_1_631' title='bbox 1838 2595 1943 2629; x_wconf 86' lang='lat' dir='ltr'>quibus</span> <span class='ocrx_word' id='word_1_632' title='bbox 1965 2594 2080 2621; x_wconf 85' lang='lat' dir='ltr'>ratione</span> <span class='ocrx_word' id='word_1_633' title='bbox 2097 2593 2323 2621; x_wconf 81' lang='lat' dir='ltr'>archidiacona-</span> 
     </span>
     <span class='ocr_line' id='line_1_87' title="bbox 1315 2643 2324 2679; baseline -0.005 -7"><span class='ocrx_word' id='word_1_634' title='bbox 1315 2648 1362 2672; x_wconf 89' lang='lat' dir='ltr'>tus</span> <span class='ocrx_word' id='word_1_635' title='bbox 1381 2645 1619 2679; x_wconf 75' lang='lat' dir='ltr'>jurisdictionem</span> <span class='ocrx_word' id='word_1_636' title='bbox 1636 2644 1778 2676; x_wconf 85' lang='lat' dir='ltr'>obtineat,</span> <span class='ocrx_word' id='word_1_637' title='bbox 1793 2651 1929 2670; x_wconf 81' lang='lat' dir='ltr'>exercere</span> <span class='ocrx_word' id='word_1_638' title='bbox 1943 2643 2075 2677; x_wconf 83' lang='lat' dir='ltr'>aliquam</span> <span class='ocrx_word' id='word_1_639' title='bbox 2092 2643 2277 2676; x_wconf 82' lang='lat' dir='ltr'>potestatem.</span> <span class='ocrx_word' id='word_1_640' title='bbox 2289 2651 2324 2658; x_wconf 76' lang='lat'><em>-</em></span> 
     </span>
     <span class='ocr_line' id='line_1_88' title="bbox 1315 2689 2239 2726; baseline -0.004 -6"><span class='ocrx_word' id='word_1_641' title='bbox 1315 2695 1402 2726; x_wconf 64' lang='lat' dir='ltr'>(Rae.</span> <span class='ocrx_word' id='word_1_642' title='bbox 1419 2693 1464 2726; x_wconf 88' lang='lat'>18,</span> <span class='ocrx_word' id='word_1_643' title='bbox 1482 2694 1502 2719; x_wconf 79' lang='lat' dir='ltr'>f.</span> <span class='ocrx_word' id='word_1_644' title='bbox 1519 2692 1570 2719; x_wconf 90' lang='lat'>188</span> <span class='ocrx_word' id='word_1_645' title='bbox 1584 2695 1622 2725; x_wconf 82' lang='lat' dir='ltr'>r⁰;</span> <span class='ocrx_word' id='word_1_646' title='bbox 1640 2701 1709 2719; x_wconf 90' lang='lat' dir='ltr'>ann.</span> <span class='ocrx_word' id='word_1_647' title='bbox 1724 2692 1764 2725; x_wconf 88' lang='lat' dir='ltr'>X,</span> <span class='ocrx_word' id='word_1_648' title='bbox 1785 2700 1809 2719; x_wconf 83' lang='lat' dir='ltr'>c.</span> <span class='ocrx_word' id='word_1_649' title='bbox 1825 2691 1895 2723; x_wconf 79' lang='lat'>204;</span> <span class='ocrx_word' id='word_1_650' title='bbox 1912 2706 1943 2709; x_wconf 97' lang='lat'><strong>—</strong></span> <span class='ocrx_word' id='word_1_651' title='bbox 1960 2691 2117 2718; x_wconf 63' lang='lat' dir='ltr'>Pommsr</span> <span class='ocrx_word' id='word_1_652' title='bbox 2129 2689 2239 2721; x_wconf 78' lang='lat'>10230.)</span> 
     </span>
    </p>
   </div>
   <div class='ocr_carea' id='block_1_13' title="bbox 1314 2790 2323 2884">
    <p class='ocr_par' dir='ltr' id='par_1_13' title="bbox 1314 2790 2323 2884">
     <span class='ocr_line' id='line_1_89' title="bbox 1357 2790 2323 2832; baseline -0.002 -11"><span class='ocrx_word' id='word_1_653' title='bbox 1357 2806 1379 2821; x_wconf 63' lang='lat'>«¹</span> <span class='ocrx_word' id='word_1_654' title='bbox 1391 2818 1410 2824; x_wconf 93' lang='lat'>..</span> <span class='ocrx_word' id='word_1_655' title='bbox 1428 2796 1561 2832; x_wconf 78' lang='lat' dir='ltr'>episcopo</span> <span class='ocrx_word' id='word_1_656' title='bbox 1577 2794 1763 2823; x_wconf 78' lang='lat' dir='ltr'>Florentino.</span> <span class='ocrx_word' id='word_1_657' title='bbox 1784 2793 1875 2822; x_wconf 86' lang='lat' dir='ltr'>Licet</span> <span class='ocrx_word' id='word_1_658' title='bbox 1891 2796 2069 2830; x_wconf 86' lang='lat' dir='ltr'>occupatus</span> <span class='ocrx_word' id='word_1_659' title='bbox 2086 2800 2165 2821; x_wconf 86' lang='lat' dir='ltr'>cura</span> <span class='ocrx_word' id='word_1_660' title='bbox 2182 2807 2229 2820; x_wconf 96' lang='lat'>—.</span> <span class='ocrx_word' id='word_1_661' title='bbox 2247 2790 2323 2820; x_wconf 79' lang='lat' dir='ltr'>Dat.</span> 
     </span>
     <span class='ocr_line' id='line_1_90' title="bbox 1314 2844 2205 2884; baseline -0.007 -6"><span class='ocrx_word' id='word_1_662' title='bbox 1314 2849 1427 2882; x_wconf 84' lang='lat' dir='ltr'>Reate,</span> <span class='ocrx_word' id='word_1_663' title='bbox 1445 2848 1512 2877; x_wconf 88' lang='lat' dir='ltr'>XII</span> <span class='ocrx_word' id='word_1_664' title='bbox 1527 2846 1686 2876; x_wconf 86' lang='lat' dir='ltr'>kalendas</span> <span class='ocrx_word' id='word_1_665' title='bbox 1702 2845 1911 2884; x_wconf 87' lang='lat' dir='ltr'>septembris,</span> <span class='ocrx_word' id='word_1_666' title='bbox 1929 2853 2016 2874; x_wconf 88' lang='lat' dir='ltr'>anno</span> <span class='ocrx_word' id='word_1_667' title='bbox 2032 2844 2170 2874; x_wconf 86' lang='lat' dir='ltr'>decimo.</span> <span class='ocrx_word' id='word_1_668' title='bbox 2192 2855 2205 2870; x_wconf 85' lang='lat'>»</span> 
     </span>
    </p>
   </div>
   <div class='ocr_carea' id='block_1_14' title="bbox 1351 2964 1646 2990">
    <p class='ocr_par' dir='ltr' id='par_1_14' title="bbox 1351 2964 1646 2990">
     <span class='ocr_line' id='line_1_91' title="bbox 1351 2964 1646 2990; baseline -0.007 -1"><span class='ocrx_word' id='word_1_669' title='bbox 1351 2966 1371 2989; x_wconf 81' lang='lat' dir='ltr'>t.</span> <span class='ocrx_word' id='word_1_670' title='bbox 1390 2968 1439 2990; x_wconf 83' lang='lat' dir='ltr'>Ms.</span> <span class='ocrx_word' id='word_1_671' title='bbox 1457 2974 1464 2989; x_wconf 80' lang='lat'>.-</span> <span class='ocrx_word' id='word_1_672' title='bbox 1482 2964 1646 2989; x_wconf 83' lang='lat' dir='ltr'>Sarraceno.</span> 
     </span>
    </p>
   </div>
  </div>
 </body>
</html>
