2423 3487
141 287 210 315 13:33
859 279 1094 310 nEGls'ruEs‘
1119 276 1172 305 DE
1196 269 1417 306 GREGOIRE
1444 278 1497 306 IX.
2155 277 2228 307 1‘235

135 351 262 389 judicos
290 350 498 377 diret-mrum.
527 350 631 385 Super
653 356 715 385 qua
746 346 905 375 clausula.
937 345 1024 373 infra
1059 343 1140 371 duos

139 412 267 431 menses
287 401 448 430 videlicet.
469 409 541 428 cum
565 400 681 428 suisset
704 408 810 427 coram
836 398 928 426 vobis
950 397 1075 425 diutius
1093 395 1140 423 al-

140 460 308 487 tercatum,
334 458 423 491 parte
447 453 614 481 comitisse
637 452 740 489 ipsam
762 456 824 479 tam
848 450 886 479 ad
909 448 1140 487 appellationis

138 517 233 545 quam
252 507 290 535 ad
317 505 496 543 principale
519 505 684 541 negotium
708 508 918 541 proponente.
943 502 1045 531 altera
1065 510 1140 530 vero

139 566 226 598 parte
242 564 409 587 asserente
426 559 456 586 iu
477 557 677 587 contrarium
697 566 759 585 non
778 556 816 584 ad
836 555 1066 593 appellationis
1085 554 1141 583 sed

138 614 176 642 ad
194 611 373 650 principale
388 611 553 639 dumtaxat
575 609 753 644 nogotium.
766 608 857 646 juxta
876 608 1020 644 priorum
1036 607 1142 635 conti-

139 665 282 694 nentiam
301 664 496 692 litt-⁷·rarum,
516 662 633 690 debere
653 661 779 690 sotori-i.
799 660 947 695 eles-*istis
966 668 1024 688 nos
1043 668 1142 696 super

137 717 340 746 ‹tubitatmne
359 715 545 753 hujusmodi
566 713 795 743 consillenshjis.
811 713 883 747 Sed,
906 712 983 750 quia
1001 712 1141 749 spatium

137 771 273 799 duorum
291 769 452 797 mensium
465 768 531 804 jam
548 767 751 804 111-6161161111,
768 775 803 795 ex
820 770 910 803 parte
923 765 1090 794 comitisse
1103 765 1141 793 ad

139 828 281 852 nostram
300 822 359 851 suit
377 821 579 850 audientiam
595 819 811 857 appellatum:
827 819 879 847 cni
899 818 1070 847 humiliter
1087 818 1142 847 de-

138 876 271 905 tulistis.
292 879 398 912 partes
411 874 449 903 ad
468 874 629 911 nosjuxta
648 878 791 901 tenorem
810 871 957 901 mandati
971 871 1142 909 apostolici

137 929 328 963 dirigentes.
347 928 413 956 Nos
432 927 542 961 igitur.
569 925 716 954 volentes
739 929 771 953 nt
794 925 902 953 omnis
924 924 1142 953 dubitationis

136 981 309 1019 scrupulus
328 979 524 1017 pret-idatur.
543 978 739 1007 mandamus
756 982 931 1016 quatenus.
949 977 976 1006 si
996 978 1142 1015 prefatus

138 1034 316 1063 vicecomes
340 1032 487 1067 legitime
506 1031 592 1060 infra
614 1031 695 1059 duos
718 1039 847 1059 menses
870 1034 939 1067 post
960 1030 1144 1067 susceptio-

138 1095 210 1116 nem
235 1085 451 1123 piwscntium.
477 1084 662 1121 probaverit
689 1083 923 1121 appellationis
948 1092 1080 1111 causam
1098 1083 1142 1111 'in

136 1139 255 1168 litteris
272 1138 310 1167 ad
330 1147 385 1166 vos
403 1137 536 1166 directis
561 1145 761 1173 expressam,
782 1141 931 1165 revocato
953 1136 1040 1165 infra
1061 1145 1143 1164 eun-

137 1192 208 1222 dem
227 1191 402 1220 terminum
419 1191 451 1219 in
467 1194 586 1218 statum
603 1189 749 1218 debitum
767 1189 925 1227 quicquid
943 1194 1013 1226 post
1031 1189 1143 1227 hujus-

137 1245 223 1274 modi
249 1243 500 1281 appellationem
526 1242 723 1271 inveneritis
751 1247 872 1271 temere
901 1246 1142 1279 attemptatum,

136 1304 252 1328 extunc
271 1297 383 1326 tamin
404 1296 594 1333 exceptione
615 1295 968 1325 excommunicationis
991 1304 1089 1333 quam
1109 1295 1143 1324 in

138 1351 308 1390 principali
326 1349 632 1380 catisa.sec11n‹ltun
648 1349 888 1378 continentiam
902 1348 1088 1378 litterarum
1104 1349 1144 1378 ad

139 1405 348 1434 Pictavenses
366 1403 494 1441 judices
516 1402 726 1432 directarum.
752 1402 880 1431 ratione
899 1401 1047 1439 111-6111111,
1070 1411 1144 1439 pro—

136 1457 276 1491 cedatis;
305 1456 464 1494 alioquin.
488 1454 732 1493 ap[pellantem]
760 1455 792 1483 in
821 1454 998 1493 ex[pensis]
1021 1455 1144 1493 16111111-

136 1509 209 1547 mis]
228 1509 517 1546 condempnantes.
537 1512 645 1545 partes
664 1507 702 1536 ad
725 1508 903 1537 eorundem
925 1508 1074 1546 judicum
1093 1517 1144 1537 re-

135 1561 298 1599 munaus]
335 1570 489 1592 examen,
527 1565 559 1589 nt
594 1560 631 1589 de
667 1561 780 1589 eadem
813 1569 912 1589 causa
945 1565 1144 1597 cof-*noscant

137 1615 315 1644 secundum
334 1614 486 1643 traditam
500 1613 564 1641 sibi
579 1614 728 1642 sormam.
742 1612 834 1648 Quod
847 1613 874 1642 si
887 1622 1021 1642 causam
1038 1613 1143 1650 ipsam

136 1667 174 1695 ad
193 1676 250 1696 uos
268 1667 374 1696 denuo
399 1676 454 1703 per
471 1665 725 1703 appellationem
750 1665 872 1695 deferri
890 1666 1059 1703 contingat
1078 1676 1084 1694 ε
1104 1675 1143 1695 ne

136 1719 275 1749 ulterius
305 1719 471 1748 cavillosis
497 1718 646 1755 diffugiis
673 1722 877 1755 prorogetur,
911 1718 1061 1747 volumus
1088 1728 1145 1756 per

139 1782 193 1801 vos
219 1782 275 1801 seu
302 1781 358 1810 per
378 1771 458 1801 alios
478 1771 607 1810 judices
631 1771 806 1808 predictos.
828 1780 884 1808 per
903 1780 958 1800 eos
983 1771 1144 1800 sciliceta

136 1826 256 1863 quibus
271 1826 375 1855 extitit
390 1824 600 1862 appellatum.
617 1824 781 1861 assignari
797 1824 946 1861 partibus
965 1824 1143 1853 terminum

136 1878 390 1917 peremptorium
413 1882 667 1915 competentem,
692 1886 755 1915 quo
773 1885 829 1914 per
847 1876 1054 1914 responsales
1074 1877 1144 1906 ido-

138 1941 214 1962 neos
234 1932 436 1960 sufficienter
451 1931 642 1964 instructos,
659 1938 733 1959 cum
751 1929 905 1959 omnibus
923 1929 1016 1963 actis,
1034 1929 1145 1958 muni-

138 1984 256 2014 mentis
274 1989 304 2013 et
322 1984 504 2012 rationibus
529 1983 610 2012 suis.
635 1986 746 2011 nostro
770 1991 804 2011 se
826 1983 1016 2020 conspectui
1034 1991 1145 2020 repre-

136 2042 280 2071 sentent,
312 2037 351 2066 ad
382 2036 622 2074 procedendum
648 2036 682 2064 in
715 2035 948 2073 appellationis
976 2044 1086 2065 causa.
1115 2041 1146 2065 et

136 2090 246 2121 etiam,
265 2090 292 2119 si
309 2099 390 2127 opus
409 2090 520 2119 suerit,
544 2089 576 2117 in
597 2088 727 2126 negotio
745 2088 933 2126 principali.
951 2088 1145 2118 Contradic-

137 2146 222 2171 tores
246 2147 306 2171 etc.
327 2142 462 2172 Proviso
483 2151 521 2171 ue
538 2141 572 2170 in
593 2146 698 2170 terras
713 2141 876 2170 dictorum
903 2141 1065 2169 nobilium
1091 2150 1146 2170 ex-

136 2195 445 2224 communicationis
469 2194 518 2224 vel
545 2194 714 2223 interdicti
740 2198 799 2223 etc.
827 2194 940 2223 Testes
969 2198 1029 2223 etc.
1053 2194 1145 2230 Quod

137 2248 165 2276 si
188 2258 250 2276 non
275 2257 388 2277 omnes
417 2253 477 2277 etc.
507 2249 578 2276 Dat.
608 2246 778 2281 Laterani,
810 2247 858 2276 111
885 2255 989 2276 nonas
1014 2247 1143 2281 martii,

138 2310 223 2329 auno
240 2301 442 2331 duodecimo.
466 2313 477 2326 11

207 2493 321 2519 474⁷

175 2555 290 2581 Decano
306 2558 333 2581 et
350 2555 478 2588 capitulo
493 2555 723 2587 Parisiensibus,
742 2570 773 2572 —
790 2554 841 2588 qui
855 2562 921 2580 cum
938 2562 1002 2587 rege
1018 2554 1146 2580 Franco-

712 2493 834 2523 Latran,
851 2492 885 2519 10
902 2500 978 2518 mars
995 2492 1072 2518 1239.

140 2611 203 2628 rum
225 2611 310 2636 super
332 2603 505 2636 quibusdam
530 2603 717 2629 libertatibus
743 2602 976 2633 contendebant,
998 2605 1026 2628 et
1045 2605 1147 2628 contra

140 2659 209 2684 quos
223 2651 351 2684 ejusdem
368 2651 441 2684 regis
454 2651 546 2684 bajuli
563 2653 705 2678 nonnulla
716 2651 938 2683 commiserant,
955 2665 986 2668 —
998 2650 1147 2684 significat

141 2708 170 2724 se
187 2699 335 2732 praedicto
352 2699 409 2732 regi
429 2700 530 2733 procis
551 2700 712 2733 scripsisse,
731 2708 783 2725 nec
798 2708 854 2726 non
873 2699 1036 2725 Senonensi
1052 2702 1080 2725 et
1094 2699 1146 2725 Ro-

142 2747 324 2780 thomagensi
339 2748 578 2781 archiepiscopis,
595 2751 623 2774 et
640 2748 722 2774 fratri
739 2748 866 2775 Johanni
881 2748 917 2773 (le
933 2747 1035 2774 Monte
1053 2747 1148 2773 Mira-

143 2795 206 2826 bili,
220 2795 331 2820 ordinis
345 2795 595 2827 Praeditatsjrum,
607 2796 722 2822 dedisse
737 2796 878 2822 mandata
888 2796 923 2821 de
935 2795 1148 2829 compositione

144 2844 220 2869 inter
237 2844 312 2876 ipsos
329 2846 356 2869 61
374 2844 498 2869 eundem
516 2852 611 2877 regem
630 2844 780 2875 facienda;
799 2844 841 2870 eis
858 2844 980 2870 mandat
1003 2848 1148 2877 quatenus

145 2898 157 2915 (1
175 2891 276 2917 divine
293 2892 388 2917 laudis
402 2900 508 2924 organa
526 2901 550 2924 11,
570 2901 653 2925 quae,
671 2897 788 2926 propter
808 2892 861 2918 illa
877 2900 950 2925 quae
967 2892 1044 2926 passi
1065 2894 1149 2918 erant

144 2947 177 2965 ex
200 2943 280 2973 parte
297 2940 509 2973 praedictorum
534 2940 710 2974 bajulorum,
728 2941 952 2974 suspenderant,
969 2943 1034 2974 post
1050 2948 1149 2974 recep-

1046 2984 1057 2992 α.

1224 342 1333 368 tionem
1351 344 1550 376 praesentium
1567 348 1727 370 resumant.
1742 358 1773 362 —
1790 345 1876 375 (Ram.
1890 344 1933 375 19,
1946 345 1966 370 f.
1979 344 2012 370 75
2026 347 2069 376 v‘';
2082 352 2150 371 ann.
2162 344 2230 374 xli,

1223 399 1248 416 e.
1264 390 1329 419 >1052
1352 406 1382 409 ⁷—
1400 391 1532 419 MOREAL'
1548 392 1626 423 1192,
1643 393 1661 418 f.
1679 392 1754 423 284.)

1266 516 1278 528 u
1293 526 1312 531 ..
1330 504 1440 532 decano
1452 509 1476 532 el
1488 506 1622 541 crtpilztlo
1636 506 1870 534 Parisieasibm.
1888 506 1969 536 Cum
1981 506 2013 535 in
2026 505 2169 543 singulis
2183 524 2231 535 —.

1225 556 1310 585 Sane
1328 557 1476 593 pervenit
1491 557 1530 585 ad
1544 557 1748 587 audientiam
1767 563 1911 587 nostram
1929 559 2026 597 quod,
2045 568 2129 588 cum.
2146 559 2234 588 inter

1224 608 1439 637 karissimum
1457 610 1490 638 in
1509 610 1641 639 Christo
1661 610 1765 639 tilium
1785 616 1932 640 nostrum
1957 634 1974 640 ..
1996 620 2105 648 regem
2130 612 2234 641 Fran-

1225 670 1336 690 corum
1354 662 1529 696 illustrem,
1550 672 1586 693 ex
1607 672 1672 693 nna
1689 668 1791 701 parte,
1814 668 1843 693 et
1861 673 1926 700 VOS,
1948 673 1984 693 ex
1999 664 2112 698 altera,
2134 673 2233 702 5111161·

1226 714 1423 752 quibusdam
1464 715 1675 745 libertatibus
1711 722 1821 747 exorta
1858 717 1997 747 materia
2034 717 2231 755 questionis,

1225 768 1366 806 quedam
1396 778 1453 806 per
1484 769 1611 807 bajulos
1647 770 1794 808 ejusdem
1828 771 1916 807 regis
1946 771 2013 800 sint
2043 770 2231 800 commissa.

1227 825 1436 859 propterque
1453 830 1509 850 vos
1526 822 1637 851 divine
1655 822 1763 851 laudis
1781 832 1903 859 organa
1920 823 2141 861 suspendistis
2158 833 2164 852 :
2181 832 2234 852 se-

1226 874 1401 903 renitatem
1420 875 1526 912 ipsius
1550 875 1724 905 affectione
1748 880 1884 913 paterna
1907 876 2095 913 rogavimus
2114 880 2149 904 ut
2167 875 2234 904 hiis

1226 936 1289 964 que
1307 935 1407 955 cansa
1431 932 1507 956 sunt
1527 928 1758 965 suspensionis
1780 928 1981 967 hujusmodi,
2000 937 2057 966 pro
2073 928 2186 957 divina
2204 932 2235 958 et

1227 984 1339 1008 nostra
1368 981 1555 1009 reverentia
1579 981 1795 1018 supersedere
1813 986 1972 1019 procuret.
1997 983 2151 1011 Preterea
2177 990 2233 1011 ve-

1228 1032 1433 1061 nerabilibus
1464 1033 1624 1062 fratribus
1651 1033 1773 1062 nostris
1798 1057 1818 1063 ..
1843 1034 2029 1064 Senonensi
2059 1039 2090 1063 et
2121 1057 2140 1062 ..
2165 1035 2233 1064 Ro-

1798 1096 1834 1116 Ι(10
1876 1087 1995 1116 dilecto
2034 1087 2102 1116 filio
2141 1087 2236 1116 fratri

1226 1138 1372 1168 Jobanni
1390 1138 1428 1168 de
1446 1139 1555 1168 Monte
1574 1140 1732 1170 Mirabili.
1748 1140 1875 1169 ordinis
1892 1141 2031 1169 fratrum
2047 1140 2236 1170 Predicato-

1228 1200 1310 1220 rum.
1336 1201 1392 1229 per
1413 1191 1541 1221 litteras
1566 1197 1695 1222 nostras
1717 1193 1868 1223 dedimus
1892 1193 1925 1222 in
1950 1193 2115 1223 mandatis
2137 1197 2171 1222 111
2196 1193 2236 1222 ad

1227 1245 1488 1282 componendum
1507 1245 1728 1275 amicabiliter
1743 1246 1830 1276 111161·
1847 1255 1956 1284 regem
1975 1247 2114 1276 eundem
2133 1251 2163 1276 et
2180 1255 2236 1275 vos

1226 1301 1336 1334 partes
1353 1297 1532 1326 suasinsra
1556 1297 1699 1335 spatium
1724 1302 1795 1327 octo
1818 1298 1983 1327 mensium
2010 1303 2081 1336 post
2102 1306 2237 1336 suscep-

1227 1349 1349 1378 tionem
1371 1349 1556 1379 litterarnm
1581 1350 1726 1388 ipsarum
1754 1351 1930 1380 efficaciter
1955 1351 2179 1388 interponant,
2206 1354 2237 1380 et

1228 1401 1467 1431 nichilominus
1492 1412 1599 1440 regem
1626 1403 1735 1440 ipsum
1762 1407 1917 1433 moneant
1939 1403 2116 1440 diligenter
2137 1408 2185 1438 ut,
2209 1403 2237 1432 si

1229 1085 1436 1121 tliomagensi
1473 1086 1751 1124 archiepiscopis,

1227 1455 1342 1493 quade
1359 1455 1455 1485 bonis
1469 1456 1589 1485 vestris
1604 1460 1634 1485 et
1650 1456 1822 1485 bominum
1837 1461 2021 1485 vestrorum
2035 1466 2091 1494 per
2105 1456 2236 1485 eosdem

1228 1507 1356 1546 bajulos
1374 1513 1449 1537 sunt
1468 1508 1608 1543 sublata,
1629 1508 1690 1548 [ea]
1708 1509 1742 1538 in
1758 1509 1912 1538 manibus
1930 1509 2108 1539 eorundem
2127 1509 2237 1539 archi-

1228 1562 1456 1599 episcoporum
1476 1567 1507 1592 et
1528 1563 1639 1592 fratris
1658 1563 1734 1600 poni
1755 1563 1866 1592 faciat.
1889 1572 1944 1601 per
1964 1563 2054 1600 ipsos
2076 1572 2180 1601 usque
2198 1562 2238 1592 ad

1229 1615 1363 1644 totidem
1387 1624 1518 1645 menses
1542 1615 1685 1645 fideliter
1705 1616 1940 1645 conservanda.
1967 1616 2127 1652 Quocirca
2147 1615 2239 1645 volu-

1227 1677 1300 1697 mus
1313 1673 1341 1697 et
1357 1668 1568 1697 universitati
1580 1673 1686 1698 vestre
1700 1678 1756 1706 per
1769 1668 1946 1707 apostolica
1957 1668 2076 1706 scripta
2089 1668 2238 1697 districte

1227 1721 1439 1759 precipiendo
1457 1721 1651 1751 mandamus
1670 1727 1844 1759 quatenus,
1867 1721 1906 1750 ad
1918 1730 2028 1760 eaque
2042 1726 2118 1750 sunt
2135 1721 2236 1759 pacis,

1227 1783 1283 1803 vos
1301 1779 1500 1812 spontaneos
1520 1779 1550 1804 et
1571 1774 1685 1803 t'aciles
1704 1774 1910 1808 exhibentes,
1929 1778 1999 1812 post
2017 1774 2238 1812 receptionem

1227 1828 1433 1865 presentium
1467 1836 1629 1865 suspensa
1656 1836 1798 1865 organa,
1825 1828 2005 1865 postposito
2034 1826 2239 1856 difficultatis

1228 1880 1411 1915 obstacuIO,
1438 1881 1636 1915 resumatis3
1663 1880 1854 1910 mandatum
1880 1885 2028 1909 nostrum
2048 1879 2157 1909 taliter
2175 1880 2235 1908 im-

1227 1934 1360 1972 pleturi.
1373 1938 1407 1962 111
1419 1942 1476 1963 vos
1490 1933 1688 1971 reprehendi
1699 1933 1737 1962 de
1753 1933 1980 1962 inobedientia
1993 1941 2056 1962 nou
2069 1933 2239 1970 contingat

1228 1996 1286 2016 nec
1306 1987 1397 2016 vobis
1421 1991 1551 2024 propter
1567 1987 1628 2016 hoc
1646 1986 1748 2024 possit
1770 1986 1948 2016 discrimen
1974 1986 2107 2024 aliquod
2128 1985 2239 2015 immi-

1229 2049 1318 2070 nere.
1338 2041 1410 2069 Dat.
1430 2040 1595 2075 Laterani,
1614 2040 1658 2069 VI
1673 2039 1748 2069 idus
1763 2039 1885 2075 martii⁷
1903 2048 1989 2068 anno
2002 2039 2236 2069 duodecimo.»

1299 2260 1417 2288 4748

1264 2323 1408 2356 Episcopo
1433 2321 1651 2348 Hildesemensi
1684 2321 1834 2354 negotium
1865 2321 2039 2347 monialium
2067 2321 2238 2348 monaster-ii

1775 2260 1895 2291 Latran,
1911 2259 2166 2292 28j3nvier1239.

1230 2372 1356 2398 Sanctae
1371 2371 1485 2397 Mariae
1501 2370 1531 2396 in
1552 2370 1791 2396 Nonnemonstre
1805 2372 1850 2401 (Ξ
1866 2369 2007 2399 Martem.
2029 2378 2078 2396 seu
2094 2370 2239 2396 Nonnen-

1229 2421 1384 2450 munster),
1411 2419 1441 2445 in
1465 2419 1604 2445 suburbio
1630 2418 1862 2450 ’ΝΜ-1113616051,
1885 2418 1921 2444 ab
1943 2418 2078 2452 episcopo
2098 2418 2240 2444 XVarma-

1229 2468 1320 2495 ciensi
1335 2476 1369 2494 ex
1384 2468 1483 2494 eodem
1500 2467 1677 2494 monasterio
1691 2467 1852 2500 ejectarum
1863 2469 1891 2493 et
1901 2475 2000 2493 excom
2008 2466 2238 2498 munioatarum,

1228 2516 1460 2543 examinandum
1485 2515 1660 2547 committit,
1681 2515 1765 2549 eique
1787 2515 1909 2541 mandat
1930 2517 2074 2548 quatenus
2090 2515 2119 2541 in
2137 2515 2238 2541 eodem

1230 2565 1408 2592 monasterio
1429 2564 1601 2598 corrigenda
1622 2567 1650 2590 et
1671 2563 1863 2590 reformanda,
1885 2563 2012 2596 corrigat
2033 2566 2061 2590 et
2084 2564 2239 2595 reformet;

1229 2614 1297 2640 aliis
1317 2613 1467 2639 mandatis
1484 2612 1520 2639 ad
1538 2612 1615 2639 idem
1642 2612 1791 2645 negotium
1810 2611 2028 2645 pertinentibus
2048 2611 2183 2645 adjectis.
2208 2625 2240 2629 —

1230 2663 1316 2695 (nm.
1335 2662 1378 2694 19,
1397 2663 1416 2688 f.
1433 2662 1467 2688 75
1483 2665 1528 2693 v‘';
1550 2669 1620 2687 ann.
1640 2661 1708 2693 XII,
1725 2669 1750 2687 c.
1768 2660 1833 2691 406;
1852 2675 1883 2678 —
1900 2661 2048 2692 cf.su1›⁷·a‚
2066 2667 2098 2686 11ο
2113 2660 2206 2692 3336.)

1273 2788 1285 2802 «
1304 2799 1323 2805 ..
1341 2777 1474 2813 episcopo
1494 2775 1698 2804 Ildesemensi.
1724 2775 1769 2803 Ex
1794 2778 1885 2812 parte
1906 2777 2087 2803 conventus
2112 2773 2242 2803 monia-

1231 2828 1312 2858 lium
1330 2828 1524 2857 monasterii
1542 2828 1662 2857 Sancte
1681 2827 1784 2856 Mai-ie
1804 2826 1839 2855 in
1855 2826 2134 2860 Nonnemonstre,
2151 2825 2242 2855 ordi-

1232 2881 1284 2911 nis
1302 2881 1408 2910 sancti
1434 2880 1626 2918 Augustini.
1652 2879 1686 2908 in
1713 2878 1874 2908 suburbio
1899 2878 2155 2912 VVarmaciensi,
2177 2878 2242 2908 fuit

1232 2934 1437 2972 propositum
1451 2942 1560 2962 coram
1578 2932 1674 2961 nobis
1691 2931 1778 2970 quod
1794 2929 1995 2960 venerabilis
2011 2930 2114 2960 frat-er
2129 2935 2242 2961 noster
