2423 3487
144 336 213 363 1227
862 325 1099 356 REGISTRES
1123 323 1177 352 DE
1200 317 1422 354 GREGOIRE
1447 325 1505 354 IX.
2158 320 2231 349 1228

139 405 283 438 promoto
302 399 334 427 in
353 397 633 429 archidiaconum.
654 395 799 433 predicto
821 391 1029 422 Norwicensi
1053 390 1140 427 epis-

139 462 215 490 00110
241 453 440 480 conserente.
466 450 565 487 ipsc1,
593 448 731 477 eundem
753 445 960 485 R[ohertnm]
980 442 1140 472 vicarium

139 514 245 534 51111111.
262 514 324 532 11011
343 508 449 532 tamen
464 506 666 539 perpetuum.
686 504 811 529 retenta
827 498 901 531 sihi,
919 496 1051 525 nomine
1068 503 1140 524 cen-

139 568 205 587 5115.
224 557 322 585 unius
340 564 446 584 marce
460 554 586 591 argenti
598 562 708 581 annua
719 551 890 589 pensione,
906 554 996 578 motu
1010 547 1141 586 proprio

140 611 172 638 in
190 619 226 638 ca
244 609 434 641 instituens.
460 605 666 644 postmodnm
688 604 811 633 dictum
836 602 1141 631 archidiaconatum

140 658 678 696 111111111155116111115.86111101511161.
696 657 807 686 eodem
821 653 1141 688 vicariodecedente,

141 716 203 745 sihi
223 718 400 752 prm'entns
417 721 498 750 qnos
515 712 548 740 in
569 711 655 739 dicta
674 709 815 739 ecclesia
831 707 975 737 vicarius
992 706 1062 744 ipse
1074 714 1143 743 per·

141 773 280 806 ceperat.
307 767 376 795 suis
400 766 488 794 duxit
507 764 623 793 usihus
647 762 849 792 retinendos.
874 762 994 796 Quare,
1015 768 1089 788 cum
1106 767 1142 787 ex

142 822 200 851 hoc
218 822 249 849 in
269 821 338 858 ipsa
356 818 493 847 ecclesia
510 817 612 846 nichil
631 815 800 854 plusjuris
813 814 1011 844 accrevisset
1024 812 1142 843 6111601,

142 874 253 904 eadem
289 872 427 902 ecclesia
460 871 592 899 unicam
625 877 735 898 curam
770 868 955 897 animarum
989 865 1143 898 habente.

142 927 231 955 illam
247 934 309 954 non
328 924 492 962 predictus
509 922 665 956 vicarius,
681 921 737 950 sed
751 929 821 950 eam
837 920 918 957 ipse,
935 919 990 956 11111
1005 926 1146 956 persona

143 979 288 1018 ejusdem
307 977 475 1007 existebat.
496 975 604 1013 potius
624 974 796 1003 habuisset
812 983 817 1007 ;
836 981 935 1011 qnam
953 971 1052 1000 etiam
1070 975 1099 999 et
1117 969 1145 999 si

142 1032 286 1061 vicarius
310 1030 466 1059 hahuisse
489 1029 628 1058 dicatur.
647 1032 718 1065 post
746 1031 883 1055 mortem
908 1030 1016 1054 tamen
1040 1023 1145 1061 ipsius

142 1094 204 1115 non
226 1084 329 1123 potnit
346 1084 378 1112 in
397 1083 537 1113 eundem
562 1081 878 1114 archidiaconatum,
902 1079 955 1108 cui
976 1087 1032 1116 per
1049 1086 1146 1114 supe-

141 1139 260 1167 riorem
278 1136 469 1175 hujusmodi
493 1144 570 1164 cura
595 1133 712 1163 collata
735 1141 799 1161 non
820 1132 937 1166 fuerat,
957 1131 1019 1160 rite
1037 1135 1146 1159 trans-

141 1191 241 1224 ferri;
274 1194 304 1219 et
330 1190 413 1219 ideo.
439 1189 501 1218 etsi
527 1188 558 1216 in
591 1185 780 1225 hujusmodi
809 1184 931 1213 vicarie
960 1183 1146 1220 receptione

141 1248 320 1281 peccasset,
348 1243 376 1272 ei
405 1247 512 1271 tamen
536 1251 553 1269 a
579 1245 668 1278 parte
694 1239 797 1268 altera
820 1247 884 1267 non
910 1241 1035 1275 poterat
1060 1235 1146 1265 ohici

141 1295 226 1334 1111011
245 1295 284 1324 ol»
302 1295 333 1323 id
353 1294 497 1331 aliquam
519 1302 630 1322 curam
652 1291 772 1321 fuisset
789 1290 976 1319 animarum
996 1289 1145 1326 adeptus.

143 1350 277 1386 Propter
302 1347 387 1385 1111011
413 1347 520 1375 dictus
547 1345 812 1375 archidiaconus,
841 1343 1146 1372 archidiaconatum

140 1404 247 1441 ipsum
266 1412 323 1432 nec
341 1403 378 1431 de
395 1403 468 1440 jure
487 1410 544 1431 nec
563 1401 600 1429 sle.
620 1401 704 1429 sacto
722 1408 836 1429 vacare
854 1399 1003 1428 inserens
1020 1407 1056 1427 ex
1075 1406 1148 1435 pre-

141 1456 264 1486 missis.
292 1455 432 1485 asscruit
457 1454 542 1493 1111011
568 1454 667 1491 petita
698 1463 714 1482 a
741 1457 831 1490 parte
858 1452 960 1481 altera
984 1451 1054 1481 fieri
1083 1460 1146 1480 non

142 1509 313 1538 dehebant.
335 1508 447 1537 Dictus
464 1516 540 1537 vero
557 1506 748 1544 capellanus
766 1514 802 1535 ex
827 1505 964 1534 adverso
988 1503 1148 1541 replicare

142 1562 269 1591 curavit
292 1561 388 1599 qnod.
419 1569 491 1589 cum
519 1559 709 1588 nullatenus
734 1557 916 1587 verisimile
944 1556 1094 1586 videatur
1115 1560 1149 1585 nt

143 1615 217 1653 quis
232 1614 357 1643 habens
377 1618 586 1651 personatum
601 1612 661 1650 ipsi
676 1612 768 1641 cedat
780 1616 809 1641 et
825 1611 962 1648 recipiat
974 1609 1147 1643 vicarium,

144 1668 224 1697 illud
241 1667 326 1706 qnod
343 1667 381 1696 de
396 1666 473 1695 dicti
486 1666 622 1695 rectoris
637 1665 796 1699 cessione,
812 1664 865 1693 cui
878 1672 911 1693 se
925 1664 958 1692 in
972 1667 1150 1700 personatu

145 1720 345 1750 successisse
371 1719 525 1755 asseruit,
553 1719 699 1756 prefatus
728 1717 983 1746 archidiaconus
1011 1715 1148 1747 dixerat,

144 1783 199 1811 per
214 1773 299 1811 qnod
316 1777 444 1801 constat
461 1772 569 1809 ipsum
587 1779 698 1800 curam
717 1770 903 1799 animarum
924 1768 1057 1802 habere,
1077 1777 1151 1806 pro-

144 1826 237 1856 desse
259 1825 333 1859 sihi.
364 1825 427 1854 nisi
454 1825 514 1853 hoc
539 1823 697 1860 legitimis
720 1822 927 1851 documentis
949 1821 1149 1853 ostenderet,

145 1889 208 1909 non
242 1879 376 1909 debehat
394 1889 398 1907 :
431 1878 517 1916 qnod
547 1882 575 1906 et
608 1877 637 1906 si
667 1876 838 1914 probatum
872 1876 1038 1908 existeret.
1073 1874 1151 1913 quia.

147 1938 252 1962 tamen
270 1932 426 1960 vicariam
452 1931 537 1959 dicte
564 1929 701 1959 ecclesie
715 1929 782 1967 jam
806 1933 972 1966 promotus
989 1928 1024 1956 in
1042 1927 1151 1956 archi-

145 1985 317 2014 diaconum
342 1984 485 2021 recipere
508 1992 543 2012 ac
571 1982 713 2011 retinere
738 1981 950 2019 presumpsit.
978 1985 1008 2010 et
1027 1980 1151 2009 vicaria

145 2038 215 2075 ipsa
232 2046 343 2066 curam
361 2036 547 2065 animarum
564 2035 685 2064 habere
704 2034 918 2072 presumitur,
938 2033 1003 2062 11151
1021 2037 1151 2062 contra-

145 2092 231 2120 rium
254 2099 289 2119 ex
317 2090 453 2118 adverso
472 2089 643 2126 probetur.
672 2088 751 2126 quin
772 2088 890 2119 11111110,
916 2092 946 2116 et
968 2087 995 2116 si
1020 2086 1149 2116 easdem

146 2143 316 2173 ecclesiam
342 2147 370 2171 ct
398 2142 555 2170 vicariam
587 2146 655 2179 post
690 2141 815 2169 dictum
845 2139 1150 2169 archidiaconatum

145 2196 280 2224 minime
301 2196 488 2232 recepisset,
507 2195 584 2232 qnia
604 2199 712 2223 tamen
731 2194 838 2231 ipsum
856 2202 929 2222 cum
949 2192 1036 2221 dicta
1053 2191 1150 2221 eccle-

146 2249 195 2277 sia
212 2249 353 2277 retinere
374 2247 510 2276 insimul
526 2246 755 2280 contendebat,
774 2246 881 2275 dictus
897 2245 1151 2274 archidiaconns

145 2301 202 2330 illo
224 2306 302 2335 erat,
324 2301 474 2338 exigente
489 2300 631 2338 justitia.
653 2299 857 2337 spoliandus.
883 2298 1032 2336 Cumque
1053 2307 1152 2336 super

147 2354 206 2382 hoc
224 2363 330 2383 coram
353 2354 464 2383 eodem
484 2353 590 2390 legato
608 2353 727 2382 fuisset
747 2361 764 2381 a
787 2351 936 2389 partibus
960 2351 1028 2380 fere
1046 2360 1151 2389 1151106

148 2407 186 2435 ad
207 2407 380 2435 diffinitive
406 2406 569 2435 sententie
596 2405 757 2434 calculum
786 2405 992 2435 altercatum,
1021 2404 1150 2433 tandem

147 2464 335 2496 procurator
352 2459 469 2496 prefati
491 2458 728 2493 archidiaconi,
746 2462 780 2487 ut
801 2457 908 2495 ipsius
931 2457 1030 2494 legati
1049 2457 1151 2486 decli—-

147 2518 236 2541 naret
253 2521 399 2548 examen,
419 2512 588 2550 proposuit
606 2520 715 2541 coram
729 2519 766 2540 eo
783 2510 880 2549 qnod,
898 2520 984 2543 cum,
997 2510 1150 2540 Johanne

145 2566 182 2594 de
199 2565 271 2594 Dia.
292 2565 420 2594 clerico.
440 2574 549 2594 coram
564 2565 634 2602 ipso
650 2564 757 2601 legato
773 2572 870 2601 super
883 2563 996 2592 eadem
1011 2563 1151 2592 ecclesia

144 2623 256 2647 contra
286 2618 407 2646 1116111111
435 2618 704 2647 archidiaconum
732 2620 883 2645 movente
912 2615 1089 2654 querelam,
1120 2620 1151 2645 et

144 2679 213 2699 eam
232 2670 293 2699 sihi
317 2676 470 2708 tanquam
489 2670 613 2708 dejure
633 2673 816 2698 vacantem.
838 2673 949 2706 utpote
966 2673 1038 2706 post
1055 2668 1149 2706 cnjus

143 2723 361 2760 receptionem
399 2723 505 2752 dictus
544 2724 578 2752 R.
615 2722 798 2760 predict-um
836 2721 1007 2751 dicebatur
1045 2721 1149 2751 fuisse

143 2776 445 2804 archidiaconatum
477 2776 628 2813 adeptus,
659 2775 699 2804 al]
731 2774 843 2803 eodem
875 2774 981 2811 legato
1019 2779 1148 2812 petente

141 2829 293 2857 conferri.
313 2838 409 2865 snper
426 2828 486 2857 hoc
503 2828 589 2857 idem
610 2828 737 2865 legatus
760 2832 873 2856 contra
895 2836 969 2856 eum
996 2827 1148 2855 diffiniti-

144 2890 213 2909 vam
232 2881 429 2909 sententiam
447 2880 698 2918 promulgasset,
716 2888 751 2909 ac
772 2880 812 2908 ob
829 2879 889 2908 hoc
909 2884 995 2909 esset
1012 2879 1041 2909 ei
1057 2880 1148 2917 justa

178 2996 195 3017 1.
215 2996 231 3017 11
251 2996 303 3017 sant
322 2996 452 3017 cnlendrc
471 3002 474 3017 ς
495 2997 551 3023 ipse
569 2997 596 3017 1:.
615 3000 646 3017 <le
663 2996 811 3018 ixioni-«lla.

1224 389 1351 418 ratione
1381 394 1565 427 suspectus.
1590 390 1624 419 in
1653 398 1753 418 causa
1778 398 1875 427 qnam
1904 388 2011 417 dictus
2040 387 2231 426 capellanus

1224 447 1337 471 contra
1362 452 1435 472 enm
1465 452 1563 480 snper
1593 442 1864 471 archidiaconatu
1893 441 2038 479 predicto
2068 440 2227 474 movebat,

1225 504 1289 525 non
1304 495 1443 524 debehat
1459 495 1600 524 ulterius
1620 495 1830 533 interponere
1850 498 1959 532 partes
1981 503 2076 528 suas;
2101 497 2232 531 propter

1225 547 1312 586 qnod
1328 547 1435 576 dictus
1454 547 1593 584 legatus,
1612 547 1718 585 ipsius
1745 547 1946 577 recusationi
1966 547 2131 579 deferens,
2154 555 2232 575 cau-

1226 609 1295 629 sam
1308 600 1445 630 eandem
1457 600 1495 630 ad
1509 605 1654 630 nostram
1669 600 1761 629 duxit
1771 600 1974 629 audientiam
1987 598 2230 632 remittendam,

1225 653 1348 691 prefixo
1369 653 1517 691 partibus
1536 658 1624 682 certo
1642 653 1793 687 termino,
1812 661 1876 691 quo
1894 662 1927 682 se
1948 657 2059 682 nostro
2077 660 2234 689 conspec-

1226 706 1273 735 tui
1291 710 1529 743 presentarent.
1547 706 1618 742 Qua
1630 706 1667 735 de
1683 715 1782 735 causa
1796 706 1878 743 ipsis
1890 705 1923 734 in
1941 709 2052 734 nostra
2066 704 2233 742 presentia

1226 758 1417 788 constitutis
1436 758 1660 788 venerabilem
1682 759 1817 788 fratrem
1840 762 1989 787 nostrum
2006 780 2027 786 ..
2045 757 2233 787 Ostiensem

1227 812 1416 850 episcopum
1431 812 1582 842 dedimus
1601 812 1785 842 auditorem
1800 822 1805 846 ς
1824 812 1893 850 qni,
1921 811 2093 849 premissis
2110 815 2141 840 et
2158 810 2234 840 aliis

1227 873 1291 902 que
1311 874 1420 894 coram
1445 873 1481 894 eo
1504 869 1613 902 partes
1639 873 1820 902 proponere
1851 864 2035 899 voluerunt,
2057 863 2235 901 diligent-er

1228 917 1362 951 auditis,
1381 927 1419 948 ea
1441 917 1536 947 nobis
1555 917 1696 948 fideliter
1720 917 1880 947 recitavit.
1904 917 1971 946 Nos
1993 917 2105 954 igitur,
2129 921 2236 946 atten-

1228 970 1342 1000 dentes
1366 970 1462 1009 qnod,
1488 979 1562 999 cum
1584 971 1756 1008 probatum
1775 979 1838 1000 non
1863 969 1963 999 suerit
1986 969 2109 999 dictum
2127 968 2236 999 archi—

1228 1024 1403 1054 diaconum
1428 1029 1499 1062 post
1520 1024 1825 1054 archidiaconatum
1848 1024 2001 1062 adeptum
2027 1032 2139 1053 curam
2163 1022 2236 1052 ani-

1228 1086 1357 1107 marum
1382 1077 1527 1115 aliquam
1553 1077 1730 1115 recepisse,
1763 1077 1861 1106 etiam
1891 1077 1919 1106 si
1952 1076 2147 1106 auctoritate
2178 1084 2238 1105 sua

1229 1136 1300 1169 post
1316 1131 1425 1169 ipsum
1441 1130 1591 1160 habiturn
1606 1131 1727 1160 dictam
1742 1130 1915 1160 ecclesiam
1930 1134 2131 1168 occupasset.
2151 1134 2179 1159 et
2198 1129 2238 1158 ob

1229 1183 1290 1213 hoc
1309 1183 1598 1213 archidiaconatus
1623 1183 1694 1221 ipse
1717 1192 1780 1212 non
1805 1187 1931 1221 poterat
1947 1182 2091 1219 intelligi
2110 1182 2148 1212 de
2164 1182 2238 1220 jure

1229 1246 1356 1269 vacare.
1376 1236 1415 1266 ab
1431 1236 1638 1274 impetitione
1656 1236 1735 1265 dicti
1752 1236 1914 1274 capellani
1931 1236 2113 1273 predictum
2130 1234 2238 1264 archi-

1230 1289 1405 1319 diaconum
1422 1289 1576 1319 duximus
1597 1289 1846 1319 absolvendum.
1862 1289 2028 1323 Ceterum,
2048 1288 2125 1326 quia
2143 1288 2238 1317 nohis

1230 1343 1378 1372 constitit
1397 1347 1461 1371 tam
1479 1351 1515 1372 ex
1530 1343 1739 1372 confessione
1757 1342 1904 1381 ejusdem
1917 1350 2014 1380 quam
2028 1351 2063 1371 ex
2078 1340 2239 1370 relatione

1230 1396 1329 1434 legati
1363 1396 1513 1434 predicti,
1548 1396 1635 1434 quod
1661 1396 1743 1434 ipse.
1777 1400 1890 1425 contra
1920 1395 2086 1433 generalis
2117 1398 2241 1425 statuta

1231 1449 1376 1482 concilii,
1390 1449 1534 1486 prefatos
1549 1449 1854 1478 archidiaconatum
1872 1453 1901 1478 et
1915 1448 2088 1478 ecclesiam
2100 1446 2239 1477 insimul

1230 1502 1375 1532 retinere
1404 1502 1584 1536 contendit,
1610 1511 1683 1531 cum
1710 1510 1865 1539 superea
1892 1510 2000 1530 coram
2022 1496 2108 1530 dicto
2133 1500 2240 1537 legato

1232 1555 1336 1592 egerit
1366 1559 1394 1584 61
1430 1555 1469 1583 al)
1500 1554 1557 1584 illo
1588 1554 1787 1584 contrariam
1819 1553 2018 1584 sententiam
2052 1552 2238 1591 reportarit.

1232 1608 1341 1646 ipsum
1360 1608 1472 1637 eodem
1491 1607 1773 1636 archidiaconatu.
1793 1607 1831 1636 de
1845 1606 1985 1636 consilio
2005 1607 2143 1636 fratrum
2164 1614 2241 1635 nos-

1234 1665 1370 1690 trorum.
1401 1665 1558 1698 perpetuo
1581 1660 1713 1698 justitia
1738 1659 1942 1697 privavimus
1967 1659 2128 1696 exigente.
2154 1659 2242 1695 Quo-

1234 1714 1321 1744 circa
1369 1714 1565 1743 mandamus
1608 1718 1772 1751 qnatenus
1811 1712 2001 1751 hujusmodi
2042 1712 2242 1742 sententiam

1234 1772 1380 1796 nostram
1418 1766 1522 1795 facias
1560 1766 1756 1795 aneton-ilaue
1794 1765 1984 1803 apostolica,
2022 1764 2243 1803 appellatione

1235 1825 1370 1850 remota.
1389 1820 1529 1849 tirmiter
1549 1819 1731 1850 observari.
1759 1821 1831 1849 Dat.
1856 1819 2021 1853 Laterani,
2047 1820 2113 1848 1111
2140 1827 2244 1848 nonas

1235 1874 1357 1905 martii.
1370 1882 1465 1903 anno
1482 1873 1686 1903 duodecimo.
1710 1886 1721 1898 u

1304 2034 1421 2062 4232!

1270 2097 1406 2123 Praelato
1428 2095 1637 2122 Armeniorum
1664 2095 1713 2128 qni
1739 2102 1752 2119 (1
1777 2094 1937 2120 catholicos
1963 2100 1976 2118 ))
2004 2093 2240 2127 nuncupabatur,

1233 2145 1388 2171 ecelesiam
1407 2144 1510 2171 Sancti
1526 2143 1625 2171 Jacobi
1641 2143 1671 2169 in
1686 2143 1872 2169 Hierusalem
1889 2145 1916 2168 et
1933 2142 2086 2168 universas
2105 2142 2178 2168 alias
2195 2149 2242 2168 ec—

1233 2194 1337 2220 elesias
1361 2202 1431 2227 quas
1460 2193 1489 2218 in
1517 2192 1621 2226 Syriae
1654 2191 1786 2226 partibus
1819 2191 1981 2223 obtinebat,
2013 2191 2177 2217 confirmat.
2209 2204 2241 2208 —

1233 2242 1465 2273 (REG.19‚1'.73
1482 2244 1529 2272 νος
1546 2249 1615 2267 ann.
1632 2241 1699 2272 XII,
1717 2250 1741 2266 c.
1759 2240 1834 2269 397.)

1831 2033 1951 2064 Lati-an,
1966 2032 1981 2058 8
1999 2040 2076 2058 mars
2091 2031 2170 2057 1239.

1275 2343 1287 2356 «
1311 2353 1330 2358 ..
1355 2330 1517 2359 catholicos
1536 2329 1763 2357 Armeniorum.
1787 2327 1894 2357 ῑ1115115
1912 2327 2093 2364 petentium
2112 2331 2172 2355 etc.
2192 2343 2240 2354 —.

1234 2384 1305 2412 Dat.
1325 2382 1491 2415 Laterani.
1510 2382 1589 2411 VIII
1607 2381 1682 2410 idus
1699 2380 1822 2414 martii,
1843 2389 1929 2409 anno
1946 2379 2150 2409 duodecimo.
2172 2391 2184 2404 »

1304 2541 1423 2569 Διῒ-10

1269 2604 1373 2631 Eidem
1392 2612 1500 2629 novum
1520 2604 1661 2637 palleum,
1678 2617 1709 2620 -
1726 2610 1791 2628 cum
1808 2601 1883 2628 illud
1900 2601 1975 2634 quod
1994 2601 2064 2626 olim
2080 2600 2142 2634 ejus
2159 2607 2243 2633 prae-

1233 2652 1433 2679 decessoribus
1449 2652 1543 2678 fuerat
1557 2652 1593 2678 ab
1604 2651 1776 2685 Apostolica
1793 2650 1868 2677 Sede
1884 2657 2064 2680 concessum,
2081 2649 2140 2682 jam
2159 2647 2242 2682 quasi

1232 2710 1300 2736 prae
1317 2701 1411 2727 nimia
1427 2703 1574 2727 vetustate
1590 2702 1822 2731 consumeretur,
1841 2713 1871 2716 —
1887 2707 1939 2724 nec
1961 2706 2017 2724 non
2036 2697 2168 2728 mitram,
2187 2699 2243 2723 sto-

1813 2540 1933 2570 Lati-an,
1951 2538 1984 2564 10
2000 2546 2076 2564 mars
2093 2537 2171 2564 1239.

1232 2751 1291 2777 lam
1316 2752 1344 2776 et
1364 2743 1486 2776 anulum
1508 2750 1538 2775 in
1554 2750 1670 2782 signum
1695 2748 1873 2782 apostolicae
1894 2747 2064 2774 dilectionis
2083 2746 2187 2773 mittit.
2211 2760 2242 2763 —

1232 2799 1318 2831 (REG.
1338 2798 1380 2830 19,
1399 2800 1417 2824 f.
1435 2799 1468 2824 73
1485 2802 1532 2829 v⁰;
1550 2798 1702 2828 ann.X11.
1725 2806 1749 2823 6.
1764 2797 1832 2828 398;
1851 2811 1882 2814 -
1900 2795 2162 2826 Monmu1192‚t.
2179 2793 2242 2824 286,

1231 2855 1266 2873 ex
1282 2847 1461 2878 Rus-Arum
1480 2861 1510 2864 —
1529 2845 1810 2875 Porrfflsr10714.)

1273 2946 1285 2960 «
1305 2935 1420 2962 Eidem.
1440 2934 1483 2964 Ut
1500 2934 1750 2963 Sacrosanctam
1767 2934 1950 2962 Romanam
1969 2949 2016 2959 ——.
2047 2932 2120 2960 Dat.
2144 2931 2240 2960 Late-

1230 2986 1314 3017 rani.
1332 2987 1376 3016 VI
1394 2986 1468 3015 idus
1486 2986 1608 3021 martii,
1629 2995 1715 3015 anno
1732 2985 1935 3015 duodecimo.
1958 2997 1970 3010 υ
