2371 3497
196 299 230 329 19
912 289 1149 322 REGISTRES
1171 289 1226 317 DE
1249 280 1469 317 GRJ-'JGOIRE
1493 288 1551 317 ix.
2242 288 2281 317 ρο

197 376 209 391 κ
234 368 347 397 totum,
374 371 410 392 ex
433 370 469 391 co
497 361 583 399 quod
609 360 714 389 dictus
740 358 940 391 Leonardus,
967 356 1023 395 qui
1048 365 1065 385 a
1091 354 1186 383 dictis

195 428 209 443 <t
234 415 437 445 Lucensibus
461 414 537 442 emit
554 416 678 450 partem
699 420 795 449 quam
821 409 986 439 habebant
1007 409 1041 436 in
1067 407 1187 437 debitis

195 480 208 494 α
233 467 444 504 supradictis,
470 474 526 502 pro
551 473 585 493 se
610 468 640 493 et
665 462 841 492 heredibus
869 462 938 491 suis
959 465 1006 495 et,
1033 468 1188 498 procura-

195 532 208 547 «
233 519 316 549 torio
341 518 489 551 nomine,
516 525 572 554 pro
599 516 683 544 dicto
712 514 908 547 Rolandino,
936 513 991 551 qui
1018 521 1074 550 pro
1098 521 1132 541 se
1158 514 1188 539 et

196 585 209 599 «
233 571 409 601 heredibus
427 569 495 598 suis
512 568 618 598 eidem
640 567 808 596 Leonardo
825 575 922 604 super
939 566 999 594 hoc
1015 564 1103 593 dedit
1120 563 1188 601 ple-

196 636 209 650 «
234 631 313 652 num
329 626 359 651 et
377 620 516 658 speciale
532 619 738 653 mandatum,
758 623 857 647 totam
876 618 995 646 dictam
1013 624 1187 649 summam,

196 688 208 702 α
234 678 391 713 quantum
408 673 447 702 ad
466 677 573 710 partes
590 680 677 702 suas.
697 675 725 701 et
743 671 851 699 omnia
869 670 1007 707 dampna
1025 673 1055 698 et
1074 676 1188 706 expen-

196 740 208 754 «
234 735 286 756 sas
305 735 382 764 que,
405 724 575 754 occasione
598 723 677 752 dicti
699 723 812 755 debiti,
835 722 934 751 iidem
957 722 1118 752 fecerunt,
1139 719 1189 749 vel

196 792 209 806 α
234 788 295 817 que
313 787 370 815 ego
390 776 530 806 Mathias
548 777 694 805 facturus
713 784 813 810 eram,
834 784 896 813 que
913 774 975 803 tria
997 773 1087 802 milia
1107 782 1189 801 mar-

196 844 208 858 «
233 839 345 860 carum
360 830 529 863 bonorum,
548 837 705 857 novorum
722 832 752 857 et
763 827 919 865 legalium
931 826 1190 863 sterlinguorum

196 896 208 910 t(
235 883 360 917 estimo,
391 882 525 918 insuper
549 880 659 910 omnia
679 881 754 918 jura
780 884 810 909 et
835 880 980 909 actiones
1006 888 1068 917 que
1094 878 1190 907 dictis

197 948 209 962 a
235 934 401 965 Leonardo
415 938 445 963 ct
462 932 646 962 Rolandino
663 932 820 962 adversus
835 932 1023 970 episcopum
1040 935 1069 961 et
1087 930 1192 960 eccle-

197 1001 209 1015 «
235 988 317 1017 siam
334 986 556 1019 Anicicnsem,
577 985 747 1014 occasione
770 984 847 1014 dicti
867 984 979 1017 debiti,
1003 986 1191 1021 competunt

197 1053 210 1067 «
236 1039 285 1069 vel
307 1043 488 1076 competere
512 1041 663 1075 possunt,
690 1037 808 1066 michi.
835 1040 987 1074 presente
1010 1036 1095 1064 dicto
1120 1036 1192 1065 Ste-

197 1106 209 1119 «
235 1092 342 1130 phano
359 1091 519 1128 episcopo,
535 1090 645 1124 cessit,
659 1089 820 1119 concessit
837 1093 868 1119 et
885 1089 972 1118 inter
988 1088 1078 1117 vivos
1095 1088 1192 1117 dona-

197 1157 210 1171 «
235 1144 292 1179 vit,
310 1148 339 1173 et
356 1152 416 1179 me,
438 1143 473 1172 in
490 1146 647 1181 quantum
669 1142 783 1179 potuit,
810 1142 844 1171 in
866 1150 936 1171 rem
953 1150 1059 1171 meam
1074 1149 1192 1179 procu-

198 1210 211 1223 «
236 1201 374 1226 ratorem
408 1195 578 1225 constituit
595 1205 600 1229 ς
634 1195 773 1224 maxime
805 1203 879 1223 cum
911 1198 982 1232 post
1009 1194 1193 1223 cessionem

199 1263 211 1277 t<
236 1249 423 1288 hujusmodi
440 1248 562 1287 pluries
583 1248 847 1277 denuntiaverim
864 1247 1010 1285 predicto
1027 1246 1193 1284 Stephano

199 1317 212 1332 a
237 1309 267 1334 et
286 1303 488 1342 procuratori
512 1303 701 1332 Aniciensis
721 1302 868 1340 capituli,
891 1311 931 1331 ne
956 1302 1079 1331 dictum
1102 1301 1194 1331 debi-

199 1370 212 1384 «
237 1362 315 1391 tmn,
338 1356 372 1385 in
392 1356 462 1394 ipsa
483 1355 647 1385 sententia
670 1360 700 1384 et
723 1355 859 1384 arbitrio
880 1359 1085 1390 contentum,
1108 1355 1194 1384 dicto

200 1422 212 1435 α
238 1409 406 1439 Leonardo
422 1408 472 1438 vel
489 1408 588 1437 alicui
605 1407 662 1437 alii
681 1408 834 1437 creditori
851 1407 1030 1442 solverent,
1049 1407 1115 1437 nisi
1131 1407 1194 1436 rni-

201 1474 213 1488 t<
238 1461 291 1490 chi
310 1461 371 1490 soli
391 1460 441 1490 vel
457 1469 528 1490 meo
548 1464 635 1490 certo
651 1460 869 1498 procuratori,
894 1464 925 1490 et
945 1460 1047 1489 iidem
1069 1459 1195 1497 obliga-

200 1527 214 1541 «
239 1518 315 1543 runt
331 1523 364 1543 se
381 1517 411 1543 et
426 1513 597 1543 ecclesiam
613 1513 826 1542 Aniciensem
841 1513 882 1542 ad
896 1513 1017 1542 dictam
1033 1522 1195 1542 summam

201 1580 214 1593 «
238 1566 339 1596 michi
354 1566 476 1595 Mathie
492 1565 543 1595 vel
559 1574 630 1595 meo
651 1569 738 1595 certo
756 1566 974 1603 procuratori,
994 1570 1025 1596 et
1044 1575 1108 1595 non
1126 1565 1194 1600 alii,

202 1632 214 1645 u
239 1618 498 1657 persolvendam,
516 1622 610 1655 prout
626 1618 685 1648 hec
702 1622 732 1648 et
749 1618 813 1647 alia
827 1618 1013 1656 supradicta
1027 1618 1062 1648 in
1075 1618 1196 1648 litteris

202 1684 214 1698 «
239 1671 401 1701 dictorum
425 1671 651 1709 episcoporum
674 1670 809 1700 Roberti
829 1676 860 1700 et
885 1671 1043 1709 Stephani
1069 1675 1099 1701 et
1123 1680 1197 1709 pre-

202 1736 216 1751 «
240 1724 318 1753 dicti
335 1723 493 1761 Stephani
506 1723 694 1758 cardinalis,
713 1727 743 1753 et
759 1724 793 1752 in
810 1724 975 1753 sententia
989 1724 1113 1753 domini
1130 1725 1197 1754 Ho-

203 1788 215 1803 α
242 1776 327 1805 norii
343 1780 374 1805 et
388 1775 523 1805 arbitrio
535 1776 660 1805 domini
672 1776 809 1814 Pelagii,
828 1786 863 1806 ac
880 1777 979 1806 etiam
995 1777 1028 1806 in
1046 1777 1197 1815 pluribus

202 1841 216 1856 «
239 1828 471 1858 instrumentis
492 1838 549 1866 per
571 1838 705 1858 manum
726 1829 892 1867 publicam
915 1840 1013 1868 super
1034 1831 1095 1860 hoc
1120 1840 1198 1860 con-

202 1893 216 1908 «
240 1881 336 1911 fectis
355 1880 484 1918 plenius
501 1881 722 1910 continentur.
1202 1884 1215 1891 ⁴

242 1948 255 1962 α
275 1936 344 1972 Que
364 1935 474 1964 omnia
490 1944 548 1973 ego
567 1935 709 1966 Mathias
728 1941 811 1974 peto,
831 1942 895 1967 tam
915 1947 952 1967 ex
971 1938 1046 1977 jure
1068 1939 1195 1973 crediti,

203 1999 216 2014 «
241 1996 278 2017 ex
291 1988 363 2026 jure
379 1987 525 2025 pignoris
542 1991 572 2017 et
588 1997 624 2017 ex
641 1988 737 2018 dictis
754 1990 939 2026 sententiis,
960 2000 1059 2029 quam
1075 2001 1113 2021 ex
1123 1992 1198 2030 jure

202 2051 217 2068 ιι
240 2039 341 2069 michi
353 2049 444 2069 cesso
455 2045 485 2070 et
497 2049 650 2070 concesso
667 2050 685 2070 a
700 2042 855 2079 predictis
869 2043 1022 2073 omnibus
1034 2045 1196 2082 personis,

203 2104 217 2119 <t
243 2092 292 2122 vel
319 2101 356 2122 ex
383 2092 447 2121 alio
472 2102 666 2131 quocunque
688 2094 762 2132 Jure
783 2095 962 2132 pertinenti
982 2096 1098 2132 michi,
1127 2106 1199 2127 meo

204 2157 217 2171 «
242 2145 385 2179 nomine,
403 2145 453 2174 vel
469 2145 596 2175 ratione
614 2150 644 2175 et
657 2146 731 2184 jure
748 2147 968 2184 predictorum
985 2149 1200 2187 Papiensium

204 2209 218 2224 «
243 2201 273 2227 et
296 2197 504 2231 Lucensium,
532 2198 720 2228 deducendo
745 2208 842 2237 super
870 2201 1029 2238 petitione
1051 2203 1199 2231 omnium

206 2261 218 2276 «
244 2249 463 2287 predictarum
486 2259 690 2280 summarum
714 2260 809 2282 omne
834 2253 887 2291 Jus
915 2262 1024 2283 meum
1050 2255 1085 2284 in
1110 2255 1199 2294 judi-

206 2313 219 2327 «
244 2301 348 2336 cium,
377 2302 462 2340 quod
485 2302 586 2331 michi
610 2312 646 2332 cx
670 2313 865 2343 quocunque
890 2309 1058 2336 contractu
1086 2307 1136 2337 vel
1163 2317 1199 2337 ex

205 2365 219 2379 «
244 2362 438 2392 quacunque
455 2363 553 2384 causa
569 2360 753 2397 competere
766 2357 879 2394 possit.
900 2370 912 2384 »

246 2469 259 2484 «
287 2457 357 2487 Lite
383 2467 459 2487 vero
484 2468 581 2496 super
603 2461 774 2497 premissis
801 2470 909 2491 coram
933 2463 1027 2493 nobis
1055 2464 1201 2502 legitime

207 2521 220 2536 n
245 2515 435 2541 contestata.
451 2512 637 2550 juramento
653 2513 691 2543 de
710 2514 897 2552 calumpnia
912 2516 990 2545 hinc
1012 2517 1088 2547 inde
1110 2528 1203 2556 pres-

208 2574 221 2588 »
247 2562 316 2597 tito,
335 2571 404 2597 nos,
421 2564 541 2593 auditis
558 2564 726 2595 hincinde
743 2568 919 2604 propositis
936 2573 966 2598 et
983 2570 1201 2600 confessioni-

209 2626 222 2640 »
248 2614 308 2644 bus
336 2615 477 2652 partium
506 2616 701 2653 intellectis,
732 2619 872 2655 cognitis
909 2630 1039 2659 quoque
1076 2623 1203 2652 meritis

210 2678 223 2692 υ
248 2675 359 2701 cause,
384 2667 469 2697 facta
493 2669 738 2700 renuntiatione
758 2680 775 2699 a
799 2672 946 2709 partibus
967 2681 1064 2711 super
1082 2674 1204 2711 allega-

210 2730 222 2744 »
249 2719 392 2750 tionibus
417 2724 482 2749 tam
497 2721 583 2759 juris
609 2732 707 2760 quam
728 2723 806 2752 facti
829 2724 864 2752 in
889 2729 1001 2754 nostra
1026 2727 1201 2763 presentia,

210 2783 222 2796 »ι
247 2775 385 2810 utraque
402 2777 491 2810 parte
513 2784 527 2803 a
549 2775 642 2804 nobis
667 2776 865 2805 sententiam
884 2777 1086 2814 postulante,
1108 2788 1166 2809 nos
1188 2790 1204 2809 a

211 2835 223 2848 ›>
248 2824 402 2860 predictis
421 2826 635 2862 petitionibus
653 2827 791 2857 cundem
814 2829 1031 2866 XVillclmum,
1052 2841 1205 2868 procura-

212 2886 224 2899 »
251 2879 350 2905 torem
375 2878 492 2914 pres-*iti
514 2879 657 2917 episcopi
680 2885 709 2909 ct
733 2880 870 2909 ecclesie
895 2882 1094 2918 Anicicnsis,
1119 2885 1206 2921 ipso-

213 2938 224 2951 >ι
252 2936 321 2956 rum
347 2930 494 2963 nominc,
522 2932 764 2962 sententialiter
789 2933 1008 2969 absolvimus,
1033 2937 1205 2973 presertim

1273 365 1285 379 »
1312 362 1385 382 cum
1400 353 1566 390 predictus
1580 352 1772 382 VVillelmus
1782 356 1975 390 procurator
1991 353 2077 390 apud
2088 353 2276 388 Perusium,

1274 417 1285 430 ›>
1311 405 1346 433 in
1367 404 1506 434 ecclesia
1532 405 1644 434 Sancti
1667 404 1803 434 Martini
1827 404 1866 434 de
1890 404 2085 443 Verzar[io],
2110 405 2144 434 in
2166 409 2281 435 nost-ra

1273 469 1286 483 »
1311 457 1478 494 presentia
1490 457 1554 494 ipsi
1569 456 1705 491 Mathie‚
1724 457 1857 486 nomine
1872 456 1950 486 dicti
1967 457 2123 494 episcopi,
2142 457 2279 487 solverit

1273 521 1286 535 »
1311 508 1401 538 mille
1424 508 1527 538 libras
1557 509 1854 546 Provinien[situn]
1878 508 1916 538 de
1945 508 2085 543 Senatu,
2112 518 2194 547 quas
2219 518 2279 540 nos

1274 573 1286 586 »
1313 561 1419 590 eidem
1436 561 1561 590 Mathie
1577 561 1839 600 adjudicavimus
1856 561 1895 590 de
1912 561 2051 590 summis
2069 565 2099 591 et
2116 562 2281 600 quantita-

1274 625 1287 639 »
1313 613 1400 642 tibus
1420 622 1482 651 que
1499 613 1534 642 in
1554 614 1681 651 prefata
1698 614 1864 643 sententia
1880 613 2005 643 domini
2024 614 2165 644 Honorii
2182 619 2212 644 et
2231 624 2280 644 ar—

1275 677 1286 690 »
1312 665 1411 694 bitrio
1430 665 1555 694 domini
1572 665 1699 704 Pelagii
1719 666 1942 700 continentur,
1966 670 1997 696 et
2018 667 2155 704 insuper
2170 667 2281 705 prefa-

1275 729 1287 742 »
1313 721 1365 746 tus
1388 717 1532 747 Mathias
1554 717 1658 748 libere
1683 722 1713 747 et
1737 722 1917 756 spontanee
1935 719 2108 748 confessus
2125 719 2227 749 fuerit
2245 719 2281 749 in

1275 781 1281 794 ›
1309 769 1436 807 judicio
1453 778 1561 799 coram
1580 770 1686 805 nobis,
1712 770 1799 808 quod
1819 770 1857 799 de
1879 771 2034 800 omnibus
2051 771 2190 800 summis
2207 780 2282 809 pre-

1275 834 1288 847 »
1313 822 1410 851 dictis
1439 827 1469 852 et
1497 822 1751 860 quantitatibus,
1780 827 1844 852 tam
1871 832 1928 860 pro
1953 827 2050 858 sorte,
2080 823 2232 861 dampnis
2251 826 2283 853 et

1276 886 1288 900 >³
1314 875 1483 912 expensis,
1514 884 1613 913 quam
1636 876 1734 904 etiam
1760 875 1825 905 alio
1847 884 2043 914 quocunque
2069 875 2196 910 debito,
2224 884 2284 914 per

1276 939 1288 952 >›
1313 926 1513 964 prelibatum
1536 927 1755 962 VVillclmum,
1780 927 1913 957 nomine
1935 927 2117 965 supradicti
2138 927 2284 966 episcopi

1277 991 1289 1005 »
1315 984 1343 1008 et
1362 979 1511 1014 ecclesie,
1531 979 1594 1009 sibi
1607 979 1640 1008 in
1657 984 1760 1008 toturn
1776 979 1871 1017 plene
1889 984 1919 1009 et
1934 980 2060 1017 integre
2075 980 2284 1010 satisfactum

1277 1044 1289 1058 »
1315 1032 1356 1061 sit
1377 1036 1405 1062 et
1423 1032 1576 1061 solutum.
1599 1031 1730 1061 Prolata
1752 1035 1800 1061 est
1820 1031 1881 1061 hec
1899 1032 2065 1061 sententia
2081 1036 2155 1067 etc.‚
2173 1036 2209 1061 ut
2227 1041 2286 1062 su-

1278 1097 1290 1111 »
1315 1086 1403 1122 pra¹,
1424 1093 1529 1123 usque
1549 1094 1554 1112 :
1574 1088 1754 1122 spontanee
1773 1088 1994 1122 acceptarunt.
2018 1097 2030 1110 ι)

1319 1202 1331 1216 «
1349 1189 1442 1219 Nulli
1464 1198 1539 1227 ergo
1561 1192 1621 1218 etc.
1647 1193 1758 1218 nostre
1777 1189 2039 1219 confirmationis
2063 1194 2124 1219 etc.
2151 1189 2187 1220 Si
2210 1189 2286 1228 quis

1277 1246 1387 1272 autem
1412 1246 1472 1272 etc.
1495 1243 1568 1271 Dat.
1591 1241 1738 1277 Perusii,
1761 1242 1829 1271 IIII
1853 1241 2012 1271 kalendas
2039 1241 2171 1280 aprilis,
2197 1250 2285 1272 anno

1278 1304 1375 1325 nono.
1396 1307 1409 1321 »

1351 1485 1472 1513 2495
1840 1486 1976 1519 Perouse,
1993 1486 2027 1513 30
2042 1478 2120 1514 mars
2135 1486 2214 1514 1235.

1315 1549 1420 1576 Eidem
1436 1549 1585 1583 significat
1600 1558 1629 1576 se
1645 1550 1818 1576 confirmare
1833 1549 2012 1576 sententiam
2026 1549 2063 1576 ab
2076 1549 2186 1576 eisdem
2204 1549 2289 1577 Sini-

1280 1598 1366 1625 baldo
1382 1600 1410 1625 et
1424 1598 1549 1632 Aegidio
1563 1598 1765 1625 cardinalibus
1780 1598 1811 1625 in
1828 1598 1929 1625 eadem
1947 1606 2034 1625 causa
2053 1599 2215 1632 prolatam,
2230 1606 2288 1632 qua

1279 1647 1380 1674 omnia
1396 1647 1596 1674 instrumenta
1611 1655 1685 1681 quae
1700 1649 1802 1674 contra
1816 1646 1991 1674 Anicienses
2005 1647 2185 1681 episcopum,
2198 1647 2290 1674 eccle-

1280 1696 1355 1723 siam
1376 1699 1404 1723 et
1425 1696 1605 1730 capitulum,
1630 1704 1697 1722 cum
1719 1703 1806 1730 super
1826 1695 1951 1721 summis
1973 1695 2122 1722 Mat-thiae
2143 1695 2290 1723 Guidonis

1280 1745 1411 1772 Marron.
1429 1747 1457 1771 et
1472 1744 1540 1771 aliis
1556 1743 1768 1771 mercatoribus
1784 1743 1821 1771 ab
1836 1743 1946 1770 eisdem
1963 1743 2086 1776 debitis,
2103 1743 2289 1771 satisfactum

1281 1794 1394 1827 fuisset,
1407 1795 1592 1828 apparerent,
1609 1792 1876 1827 pronuntiaverant
1891 1791 1978 1819 irrita
1988 1794 2016 1819 et
2030 1800 2121 1825 cassa,
2136 1794 2164 1819 et
2174 1791 2290 1826 juribus

1281 1842 1418 1870 omnibus
1431 1849 1544 1874 carere,
1562 1841 1671 1868 inserto
1687 1840 1741 1868 sub
1754 1849 1807 1867 sua
1822 1840 1905 1867 bulla
1920 1840 2137 1874 praedictorum
2153 1839 2292 1867 cardina-

1281 1891 1355 1918 lium
1373 1890 1537 1918 sententiae
1552 1892 1660 1917 tenore.
1679 1904 1711 1908 —
1728 1890 1813 1922 (Rae.
1831 1888 1875 1922 18,
1898 1890 1918 1915 f.
1936 1889 1967 1915 11
1983 1891 2028 1921 v⁰;
2046 1897 2115 1915 ann.
2133 1888 2191 1921 IX,
2209 1896 2233 1915 c.
2250 1887 2291 1920 9.)

1323 2005 1336 2019 <‹
1368 1992 1483 2021 Eidem.
1517 1991 1556 2021 In
1586 1995 1700 2020 nostra
1725 1989 1894 2028 presentia
1921 1989 2137 2018 constitutis2
2164 1987 2291 2018 Mathie

1282 2045 1470 2085 Guid[onis]
1489 2045 1646 2078 Marron.,
1668 2043 1732 2073 civi
1750 2044 1917 2077 Romano,
1936 2046 1967 2071 et
1982 2040 2154 2071 VVillelmo
2170 2041 2210 2071 de
2226 2042 2291 2071 Po-

1282 2099 1351 2134 dio,
1375 2097 1581 2137 procuratori
1597 2101 1668 2132 tuo,
1687 2097 1789 2126 frater
1812 2095 1978 2133 episcope,
1998 2103 2034 2124 ac
2053 2094 2192 2124 ecclesie
2207 2093 2293 2123 Ani-

1282 2151 1423 2185 ciensis,
1443 2154 1473 2180 et
1489 2158 1588 2187 super
1603 2148 1745 2178 diversis
1767 2147 1999 2186 questionibus
2024 2155 2087 2185 que
2106 2146 2193 2176 inter
2209 2154 2293 2176 eun-

1282 2204 1355 2234 dem
1381 2203 1543 2233 Mathiam
1569 2211 1626 2241 pro
1657 2211 1692 2232 se
1720 2205 1767 2236 et,
1796 2200 2024 2239 procuratorio
2054 2200 2204 2235 nomine,
2234 2207 2293 2237 pro

1282 2256 1453 2287 Leonardo
1469 2255 1657 2290 Alberucii,
1683 2254 1849 2293 quondam
1871 2252 2074 2288 Rolandino,
2094 2252 2162 2282 filio
2185 2260 2294 2291 quon-

1283 2310 1357 2339 dam
1379 2308 1543 2338 Gnidonis
1571 2306 1765 2341 Alberucii,
1790 2305 1905 2336 fratris
1931 2305 2037 2343 ipsius
2065 2304 2231 2334 Leonardi
2253 2304 2293 2334 de

1284 2362 1401 2400 Papia,
1429 2360 1632 2395 Guidarello,
1658 2359 1726 2389 filio
1748 2359 1914 2398 quondam
1936 2357 2102 2389 Johannis
2131 2356 2290 2395 Vulpelli,

1284 2419 1315 2445 ct
1330 2415 1504 2445 Frederico
1520 2413 1653 2451 Gangii,
1672 2413 1800 2443 civibus
1818 2411 1972 2446 Lucanis,
1989 2415 2020 2441 et
2036 2419 2150 2440 eorum
2164 2409 2295 2440 heredi-

1285 2467 1356 2502 bus,
1378 2476 1415 2496 ex
1430 2471 1522 2505 parte
1538 2475 1616 2500 una,
1641 2470 1670 2495 et
1691 2470 1732 2500 te,
1750 2465 1854 2494 frater
1870 2464 2034 2502 episcope,
2055 2471 2112 2501 pro
2133 2466 2163 2492 te
2185 2471 2222 2492 ac
2241 2470 2296 2492 ec-

1285 2520 1386 2549 clesia
1406 2520 1612 2558 supradicta,
1637 2528 1675 2548 ex
1700 2518 1820 2553 alt-era,
1854 2517 2041 2547 adinvicem
2066 2516 2293 2550 vertebantur,

1287 2581 1346 2601 nec
1363 2581 1427 2601 non
1446 2576 1476 2601 et
1493 2581 1558 2601 uno
1575 2572 1659 2601 bone
1676 2570 1835 2601 memorie
1852 2569 2027 2607 Stephani,
2048 2568 2185 2598 basilice
2206 2569 2296 2597 Duo-

1287 2625 1391 2655 decim
1414 2625 1646 2663 Apostolorum
1669 2623 1846 2663 presbiteri
1867 2622 2064 2657 cardinalis,
2087 2630 2123 2651 ac
2146 2621 2296 2659 quinque

1288 2677 1434 2713 Roberti,
1452 2677 1645 2707 Aniciensis
1663 2676 1808 2715 episcopi
1824 2675 1876 2706 vel
1892 2675 1998 2709 electi,
2015 2674 2151 2712 paribus
2167 2673 2296 2703 littera—-

1288 2739 1371 2765 rum,
1390 2739 1489 2768 super
1506 2731 1614 2760 tribus
1630 2730 1767 2759 milibus
1785 2728 1941 2759 trecentis
1955 2727 2166 2766 septuaginta
2181 2730 2212 2756 et
2225 2734 2296 2764 sep-

1290 2786 1353 2811 tem
1376 2782 1471 2812 libris
1498 2781 1796 2820 Pruvinien[sium]
1828 2781 1967 2811 Francie
1997 2780 2233 2813 confectarum,
2259 2785 2297 2808 ac

1323 2900 1341 2922 1.
1360 2900 1399 2924 Cf.
1417 2907 1513 2928 supra,
1530 2906 1558 2922 n⁰
1575 2900 1644 2923 ital.

1320 2944 1341 2967 Q.
1360 2944 1445 2966 Mil-me
1462 2944 1638 2967 observation
1654 2950 1706 2973 quo
1723 2950 1792 2973 pour
1808 2944 1832 2966 la
1848 2943 1925 2973 picco
1941 2942 2010 2966 2402.
