2423 3487
151 289 205 317 407
873 284 1110 314 REGIsTnEs
1133 283 1188 312 DE
1211 277 1433 315 GREGomE
1458 287 1514 315 tx.
2093 263 2100 268 ’
2186 287 2243 316 408

151 355 224 380 dicti
250 353 410 379 cardinalis
431 352 594 378 sententiae
617 356 726 377 tenore.
754 366 783 368 —
812 351 902 382 (nm.
925 351 973 378 18.
999 352 1018 377 f.
1041 350 1091 377 164
1112 353 1152 381 r⁰;

151 411 219 429 anu.
238 402 276 430 X.
292 410 315 427 c.
334 401 401 429 111:
420 416 450 418 —
469 401 625 427 Por-russi·
641 399 750 430 10180.)

192 510 203 521 α
224 495 420 533 [.‹¹]>1‘sc0p0
435 496 615 523 ,ilar-sicano.
637 494 681 523 Ea
704 504 766 532 que
784 494 911 532 judicio
933 512 981 522 —-.
1004 495 1077 523 Dat.
1099 495 1155 523 In-

152 554 308 577 teramne.
328 549 359 577 ῙΙ
378 556 481 576 nonas
497 547 598 585 junii.
619 556 705 576 anno
721 547 859 576 decimo.

219 705 281 739 [3¹
290 704 357 740 86]

184 769 246 804 [Sic
268 769 374 803 incipit
391 772 418 795 et
434 769 544 796 desinit
561 769 707 796 sententia
726 778 781 803 qua
803 769 971 803 prae⁴ilictus
994 770 1155 797 cardinalis

148 823 364 853 procuratorem
388 817 504 844 abbatis
525 821 551 844 ct
573 821 734 844 conventus
751 817 948 851 Casaemarii,
966 821 993 845 et
1014 827 1065 852 per
1088 828 1153 846 eum

140 868 225 901 >ipsos
239 866 374 893 abbatem
392 869 420 892 et
437 869 627 894 conventum.
643 866 678 893 ad
696 867 870 900 praestanda
891 867 954 900 jura
977 868 1155 902 episcopalia

148 917 179 942 in
205 915 338 942 eeclesiis
365 915 467 941 Sancti
492 915 609 941 Nicolai
635 915 671 941 (le
697 915 838 949 Capellis.
865 915 967 942 Sancti
995 916 1095 942 Rufini
1121 917 1156 943 de

147 965 325 998 Archipreta
342 968 367 991 et
392 964 494 991 Sancti
512 964 615 997 Magni
637 968 664 991 ct
688 964 790 991 Sancti
815 965 933 991 Nicolai
950 965 985 991 de
1009 965 1154 998 Castulis.

148 1014 319 1047 Raynaldo,
340 1013 520 1047 procuratori
542 1013 704 1039 Marsicani
727 1013 872 1047 episcopi,
891 1018 918 1040 et
940 1021 991 1047 per
1011 1022 1077 1041 eum
1097 1014 1155 1049 ipsi

148 1062 293 1096 episcopo,
311 1061 498 1093 condemnat,
516 1064 544 1088 et
558 1062 695 1088 eumdem
712 1062 916 1095 Raynaldum.
934 1062 1055 1089 nomine
1071 1071 1155 1097 prae-

149 1110 202 1137 fati
224 1109 371 1144 episcopi,
395 1112 421 1136 et
445 1118 496 1144 per
514 1118 580 1136 eum
598 1110 695 1144 ipsum
717 1110 905 1145 episcopum.
925 1119 940 1137 a
961 1110 1155 1145 petitionibus

148 1159 268 1186 nomine
289 1158 507 1193 praedictorum
531 1158 647 1186 abbatis
671 1163 697 1186 et
715 1163 878 1186 conventus
899 1159 1081 1187 Casaemarii
1098 1159 1155 1187 sibi

148 1207 235 1235 factis
248 1207 376 1234 absolvit
391 1205 410 1242 z]

751 706 884 735 viterbo.
898 706 914 732 5
930 707 988 733 mai
1004 707 1082 733 1236.

189 1315 200 1328 κ
226 1304 262 1332 In
285 1302 419 1332 nomine
445 1302 580 1331 Domini
603 1302 718 1332 Nostri
741 1302 846 1332 Jhesu
871 1303 1009 1334 Christi.
1036 1305 1154 1334 Amen.

148 1367 161 1381 »
186 1356 284 1384 Anno
301 1354 548 1384 Incarnationis
569 1354 716 1393 ejusdem
736 1355 1030 1390 M⁰CC⁰XXX0V10‚
1049 1356 1156 1385 indic-

147 1420 160 1434 »
187 1409 275 1437 tione
293 1409 364 1443 ixa.
383 1408 434 1437 die
451 1407 540 1443 lune,
561 1408 602 1437 ΥΟ
619 1407 671 1437 die
692 1408 837 1438 intrante
854 1409 952 1443 maio,
970 1409 1003 1438 in
1018 1418 1156 1447 presen-

149 1473 160 1487 η
187 1461 233 1490 tia
252 1461 543 1498 infrascriptorum
568 1460 719 1495 testium,
739 1461 941 1491 venerabilis
957 1466 1050 1499 pater
1068 1462 1154 1498 Otto,

150 1526 162 1539 »ι
187 1514 402 1543 miseratione
413 1513 527 1543 divina
539 1513 651 1543 Sancti
662 1513 793 1543 Nicolai
805 1514 839 1542 in
852 1514 991 1544 Carcere
1003 1515 1156 1545 Tulliano

151 1580 163 1593 υ
189 1567 348 1597 diaconus
363 1566 555 1602 cardinalis.
581 1576 597 1596 a
620 1576 703 1605 papa
727 1567 822 1597 datus
846 1567 977 1597 auditor
998 1568 1032 1597 in
1057 1577 1157 1598 causa

149 1633 161 1647 >1
187 1629 250 1659 que
273 1619 463 1650 vertebatur
483 1619 571 1649 inter
591 1619 814 1649 venerabilem
836 1624 964 1658 patrem
987 1644 1006 1649 ..
1029 1621 1156 1659 episco-

149 1686 162 1699 »
186 1682 264 1712 pum
284 1673 527 1707 Marsicanum,
551 1681 589 1702 ex
608 1681 674 1702 una
693 1677 802 1711 parte,
824 1677 854 1702 et
875 1673 1049 1711 religiosos
1067 1674 1156 1704 viros

149 1739 162 1753 »
188 1726 236 1764 [..]
255 1726 408 1755 abbatem
424 1729 453 1755 et
472 1729 670 1755 conventum
685 1725 880 1761 Casemarii,
899 1735 936 1756 ex
954 1726 1068 1757 altera.
1085 1736 1157 1757 sen—

150 1792 162 1805 »
188 1779 327 1809 tentiam
343 1778 479 1817 protulit
497 1778 532 1807 in
550 1778 638 1808 hunc
658 1778 803 1808 modum.
829 1779 911 1809 Ctun
931 1780 1061 1817 questio
1083 1788 1157 1809 ver-

150 1844 162 1859 »
189 1836 313 1862 teretur
331 1849 378 1860 —.
398 1832 516 1861 Actum
533 1831 693 1867 Viterbii,
713 1831 747 1860 in
770 1831 892 1869 palatio
914 1833 1033 1862 Sancte
1052 1833 1156 1862 Marie

150 1897 162 1910 »
188 1885 279 1915 Nove
295 1902 344 1913 —.
361 1885 428 1922 Ego
445 1884 650 1914 Guillermus
668 1884 706 1914 de
725 1885 951 1922 Mereorengo.
973 1886 1057 1915 sacri
1071 1885 1156 1924 pala-

149 1951 162 1964 »
189 1938 226 1967 tii
248 1938 410 1972 notarius,
434 1937 513 1967 huic
533 1938 698 1967 sententie
723 1938 874 1971 interfui,
894 1942 923 1968 et
942 1938 981 1968 de
1002 1939 1157 1969 mandato

149 2003 162 2017 n
187 1990 326 2029 predicti
342 1990 545 2020 venerabilis
562 1990 665 2028 patris
683 1990 810 2020 domini
828 1991 959 2021 Ottonis
977 1992 1157 2022 cardinalis

149 2056 162 2070 »
188 2052 261 2073 eam
280 2043 399 2081 scripsi
424 2048 453 2073 et
476 2043 510 2072 in
532 2043 699 2081 publicam
717 2044 858 2073 formam
875 2044 999 2083 redegi.
1019 2046 1069 2075 Ad
1087 2055 1157 2076 ma-

149 2101 167 2123 n·
184 2097 290 2136 jorem
316 2100 426 2125 autem
453 2096 627 2131 cautelam.
655 2106 714 2126 nos
741 2097 951 2135 supradictus
977 2098 1157 2129 cardinalis

149 2161 162 2176 n
188 2150 271 2178 hanc
290 2149 491 2179 sententiam
507 2149 648 2179 fecimus
666 2154 778 2179 nostro
796 2150 907 2187 sigillo
924 2151 1059 2180 muniri.
1082 2164 1094 2178 n

219 2314 335 2342 3187

185 2376 329 2410 Episcopo
345 2376 536 2409 Furconensi,
554 2376 589 2402 de
603 2376 704 2403 eadem
718 2385 748 2403 re
761 2376 902 2410 scribens,
919 2379 1040 2405 mandat
1055 2381 1158 2413 quate—

148 2434 203 2452 nus
228 2425 410 2459 praedictam
437 2425 616 2453 sententiam
642 2426 732 2453 faciat
759 2426 919 2454 observari.
944 2443 975 2446 —
997 2429 1083 2460 (Res.
1108 2429 1156 2463 18,

149 2476 168 2501 f.
186 2474 238 2501 165
254 2477 293 2506 r⁰;
312 2483 382 2501 ann.
399 2474 439 2507 X,
457 2483 480 2501 c.
499 2475 573 2505 112.)

763 2315 863 2348 Terni,
880 2316 896 2342 5
911 2316 975 2350 juin
992 2317 1071 2344 1236.

190 2582 202 2592 n
231 2592 250 2597 ..
274 2570 408 2607 episcopo
433 2569 632 2598 furconensi.
656 2570 747 2599 Inter
770 2570 994 2601 venerabilem
1020 2573 1156 2603 fratrem

148 2639 196 2650 —.
214 2623 286 2651 Dat.
309 2623 510 2657 Interamne‚
530 2622 627 2651 nonis
642 2622 741 2661 junii.
763 2631 850 2652 anno
866 2623 1005 2653 decimo.
1028 2636 1040 2650 η

219 2787 337 2815 3188
765 2788 864 2821 Terni,
879 2788 913 2815 14
927 2788 992 2822 juin
1006 2789 1085 2816 1236.

184 2850 415 2884 Archiepiscopo
428 2850 605 2883 Viennensi,
616 2851 804 2885 Apostolicae
817 2850 903 2878 Sedis
917 2851 1022 2885 legato,
1036 2852 1159 2879 mandat

149 2901 304 2932 quatenus,
321 2898 407 2932 juxta
422 2899 665 2926 constitutionem
682 2897 849 2934 [Romani],
867 2899 996 2934 episcopi
1013 2900 1159 2928 Portuen-

149 2947 200 2979 sis,
225 2947 388 2974 haereticos
409 2956 563 2975 conversos
584 2947 621 2975 ab
641 2948 742 2975 eodem
764 2948 899 2983 episcopo
915 2949 1072 2976 Portuensi
1095 2958 1159 2976 cru-

1224 760 1350 787 ‘noster
1373 781 1391 786 ..

1237 351 1400 385 cesignatos
1421 353 1578 386 compellat
1609 355 1641 379 ut
1673 353 1703 379 in
1730 353 1836 380 martio
1861 353 1994 387 proximo
2020 355 2118 380 tuturo
2144 356 2241 388 partes

1237 401 1452 427 transmarinas
1474 401 1598 433 adeant3
1621 402 1695 435 quod
1719 401 1743 428 si
1768 403 1958 429 transfretare
1982 402 2149 434 noluerint,
2174 402 2241 430 illos

1237 449 1364 476 infames
1381 456 1520 483 perpetuo
1536 459 1569 476 ac
1588 450 1752 485 baereticae
1769 450 1926 484 pravitatis
1942 450 2105 484 culpabiles
2125 451 2240 478 denun-

1237 498 2242 531 tiet.-(REG.1S‚f.165v⁰:ann.x.c.113;—tx1101³mu1191,f.7·2.)

1280 611 1292 624 «
1318 598 1366 637 [n]
1389 600 1616 636 archiepiscopo
1643 601 1819 628 Viennensi.
1843 601 2008 637 Apostolice
2027 600 2111 629 Sedis
2136 601 2242 638 leqalo.

1236 651 1449 681 Venerabilis
1467 652 1568 681 frater
1590 656 1702 681 noster
1723 675 1742 680 ..
1763 651 1970 682 Tholosanus
1994 653 2166 690 episcopus
2183 661 2243 682 sua

1238 704 1334 733 nobis
1347 704 1508 734 relatione
1520 705 1715 734 monstravit
1730 705 1827 742 quod.
1842 714 1916 734 cum
1931 705 2132 735 venerabilis
2141 705 2243 735 frater

1419 758 1593 795 episcopus
1620 758 1830 787 Portuensis.
1854 762 1930 787 tunc
1952 759 1985 787 in
2004 758 2155 796 partibus
2175 757 2244 788 illis

1238 810 1426 848 Apostolice
1445 811 1540 840 Sedis
1556 810 1696 848 leg-atus,
1714 811 1800 840 facta
1816 811 2036 849 inquisitione
2053 811 2087 840 in
2103 810 2245 841 Tholosa

1238 868 1350 893 contra
1370 863 1535 893 hereticos
1555 868 1585 893 et
1608 864 1779 894 credentes
1803 873 1932 894 eorum.
1951 873 1988 894 ex
2008 864 2149 902 quadam
2170 873 2246 902 pro-

1237 916 1384 946 videntia
1412 917 1560 954 ipsorum
1588 916 1841 955 quampluribus
1868 917 1939 946 dari
1965 917 2080 947 fecerit
2112 917 2246 955 signum

1239 970 1357 1004 crucis,
1377 979 1424 999 ac.
1443 970 1567 999 eisdem
1584 970 1734 1009 injuncta
1753 979 1810 1008 pro
1831 970 1926 1000 modo
1945 970 2039 1008 culpe
2061 970 2246 1008 penitentia

1239 1023 1453 1061 competenti.
1481 1023 1541 1057 eis.
1566 1027 1661 1061 prout
1684 1023 1718 1052 in
1744 1023 1866 1053 litteris
1892 1023 1998 1061 ipsius
2021 1023 2122 1061 legati
2147 1032 2246 1062 super

1238 1076 1298 1106 hoc
1314 1077 1473 1106 confectis
1490 1076 1621 1114 plenius
1639 1076 1838 1111 continetur.
1860 1081 1985 1106 certum
2006 1076 2185 1106 terminum
2206 1076 2248 1106 ad

1238 1129 1341 1158 maris
1355 1128 1531 1158 transitum
1544 1128 1740 1166 prefixisset‚
1756 1138 1893 1167 sperans
1910 1129 1996 1168 quod
2004 1129 2087 1159 illud
2099 1129 2246 1159 studium

1239 1183 1503 1213 conversationis
1527 1187 1753 1218 assumerent,
1775 1192 1833 1221 per
1856 1183 1942 1222 quod
1964 1187 1995 1213 et
2017 1183 2149 1213 odorem
2167 1183 2246 1213 boni

1239 1237 1385 1266 nominis
1414 1241 1443 1266 et
1471 1237 1603 1266 tandem
1627 1236 1807 1266 electorum
1834 1236 1971 1274 gloriam
1997 1236 2214 1274 impetrarent
2237 1246 2244 1265 ε

1238 1290 1314 1328 ipsi,
1335 1294 1491 1328 tanquam
1508 1299 1545 1319 ex
1562 1289 1691 1327 integro
1712 1298 1856 1319 massam
1878 1289 2034 1319 fermenti
2053 1289 2175 1319 veteris
2193 1298 2246 1319 re-

1238 1342 1401 1376 tinentes.
1441 1342 1644 1371 contrarium
1677 1346 1935 1380 prosequuntur,
1964 1341 2072 1372 solitis
2101 1341 2247 1372 vacando

1238 1395 1417 1429 versutiis,
1446 1404 1501 1433 per
1526 1404 1608 1434 quas
1632 1395 1827 1425 obnubilent
1855 1395 2058 1434 [puritatem]
2085 1384 2247 1425 catholice

1239 1449 1402 1478 veritatis.
1431 1449 1550 1485 Quare.
1579 1448 1837 1478 saluberrimum
1863 1452 2054 1486 reputantes
2073 1452 2109 1477 ut
2129 1447 2248 1487 hujus-

1238 1502 1327 1531 modi
1350 1510 1579 1540 perversorum
1603 1501 1768 1540 nequitie.
1794 1501 1947 1531 tarditate
1971 1500 2167 1539 postposita.
2194 1509 2248 1531 re-

1239 1555 1386 1589 sistatur,
1405 1554 1581 1592 presertim
1598 1563 1671 1583 cum
1688 1554 1823 1583 vitando
1845 1554 2043 1584 detrimento
2059 1553 2136 1584 fidei
2155 1563 2247 1584 mora

1239 1617 1304 1637 non
1330 1608 1445 1638 debeat
1468 1607 1656 1645 indulgeri,
1682 1607 1886 1637 fraternitati
1911 1612 1965 1638 tue
1986 1616 2045 1646 per
2067 1607 2248 1645 apostolica

1239 1661 1362 1699 scripta
1377 1660 1573 1690 mandamus
1591 1664 1767 1698 quatenus,
1787 1669 1852 1690 non
1870 1660 2021 1690 obstante
2039 1660 2067 1689 si
2087 1660 2171 1690 forte
2188 1668 2248 1690 no-

1238 1713 1317 1743 bilis
1340 1713 1390 1742 vir
1415 1737 1433 1742 ..
1460 1722 1569 1743 comes
1587 1713 1795 1743 Tholosanus
1818 1713 1869 1743 vel
1890 1713 2013 1752 aliquis
2035 1713 2122 1743 alius
2149 1721 2248 1751 super

1238 1767 1470 1804 prorogatione
1493 1766 1640 1804 passagii
1659 1766 1882 1804 predictorum
1908 1775 1924 1795 a
1949 1766 2031 1796 Sede
2058 1765 2248 1805 Apostolica

1239 1820 1385 1859 aliquam
1407 1820 1651 1858 indulgentiam
1672 1820 1877 1858 impetravit,
1903 1820 2151 1858 crucesignatos
2174 1828 2248 1850 eos-

1239 1874 1313 1904 dem
1343 1873 1429 1913 quod
1455 1874 1489 1902 in
1522 1873 1641 1903 martio
1669 1873 1818 1911 proximo
1847 1873 1960 1903 futuro
1987 1877 2098 1911 partes
2128 1873 2248 1903 adeant

1239 1927 1493 1961 transmarinas,
1511 1926 1637 1956 ibidem
1652 1935 1758 1965 usque
1777 1925 1817 1955 ad
1828 1926 1989 1964 prefixum
2003 1926 2052 1956 eis
2068 1925 2250 1956 terminum

1238 1990 1297 2018 per
1324 1980 1448 2010 dictum
1476 1981 1695 2010 Portuensem
1720 1978 1911 2017 episcopum
1938 1979 2108 2014 moraturi,
2140 1977 2249 2008 moni-

1240 2034 1329 2064 tione
1347 2033 1522 2072 premissa‚
1541 2042 1598 2071 per
1613 2041 1790 2062 censuram
1810 2031 2089 2067 ecclesiasticam,
2108 2031 2249 2070 appella-

1239 2087 1329 2116 tione
1346 2091 1481 2122 remota‚
1497 2085 1691 2124 compellas3
1706 2094 1771 2124 qua
1784 2085 1813 2115 si
1829 2086 1913 2115 forte
1927 2089 2125 2123 contempta,
2139 2089 2249 2115 trans-

1239 2140 1361 2170 fretare
1379 2139 1558 2173 noluerint.
1576 2139 1666 2177 ipsos
1686 2147 1723 2168 ex
1742 2142 1832 2174 tunc,
1846 2138 1940 2177 juxta
1960 2138 2107 2177 ejusdem
2125 2137 2250 2168 consti-

1240 2193 1404 2223 tutionem
1442 2192 1588 2231 episcopi
1607 2215 1612 2227 ,
1652 2192 1796 2221 infames
1833 2195 1992 2229 perpetuo
2031 2200 2068 2221 ac
2103 2190 2250 2222 heretice

1240 2246 1424 2285 culpabiles
1440 2246 1618 2276 denunties
1637 2245 1823 2284 pravitatis.
1842 2245 1980 2275 Proviso
1996 2253 2037 2275 ne
2055 2245 2090 2274 in
2113 2244 2250 2275 univer-

1241 2300 1374 2330 sitatem
1397 2299 1619 2329 Tholosanam
1637 2302 1711 2333 etc„
1732 2307 1839 2336 usque
1860 2308 1866 2326 :
1887 2297 2042 2336 speciale.
2065 2298 2140 2328 Dat.
2158 2298 2250 2328 Inte-

1240 2361 1366 2387 ramne.
1384 2353 1498 2382 XVIII
1514 2351 1674 2382 kalendas
1688 2351 1777 2390 julii,
1796 2359 1883 2380 anno
1899 2351 2038 2381 decimo.
2059 2363 2071 2376 >³

1311 2539 1431 2567 3¹88
1851 2537 1952 2569 Ter-ni,
1968 2537 2002 2564 14
2016 2537 2082 2571 juin
2097 2536 2177 2564 1236.

1276 2602 1386 2635 Regem
1409 2601 1589 2628 Francorum
1615 2602 1715 2627 monet
1735 2602 1763 2627 et
1785 2600 1920 2626 hortatur
1945 2602 2089 2633 quatenus
2109 2598 2250 2626 comitem

1239 2651 1439 2678 Tholosanum
1461 2650 1619 2684 compellat
1637 2652 1669 2676 ut
1690 2649 1817 2683 corrigat
1839 2648 1915 2682 quod
1933 2649 2035 2674 contra
2050 2655 2153 2682 pacem
2171 2647 2250 2675 inter

1238 2698 1404 2726 Ecclesiam
1421 2702 1449 2726 et
1465 2698 1602 2725 eumdem
1618 2706 1715 2732 regem
1727 2719 1733 2731 ‚
1751 2705 1786 2724 ex
1799 2698 1882 2732 parte
1897 2705 1966 2729 una,
1981 2698 2010 2723 et
2025 2696 2123 2730 ipsum
2133 2717 2139 2729 ‚
2154 2704 2190 2723 ex
2205 2696 2252 2723 al-

1239 2749 1317 2780 tera,
1335 2747 1469 2774 Parisius
1484 2747 1608 2780 initam,
1625 2748 1839 2778 attentaverat,
1856 2754 1890 2772 ac
1905 2745 1941 2772 de
1961 2747 2039 2772 terra
2053 2752 2107 2772 sua
2121 2744 2250 2772 haereti-

1240 2804 1305 2823 cam
1322 2796 1501 2830 pravitatem
1516 2796 1622 2823 deleat.
1637 2796 1768 2828 -(R1‹:c;.
1784 2794 1829 2826 18,
1843 2793 1927 2821 f.165
1941 2796 1986 2825 v⁰;
2001 2801 2070 2820 ann.
2086 2793 2125 2826 X,
2140 2802 2164 2820 c.
2180 2793 2249 2826 114;

1241 2859 1273 2863 -
1289 2844 1422 2872 Monam
1439 2844 1518 2877 1191,
1537 2845 1556 2871 s.
1572 2845 1630 2876 74.)

1284 2959 1296 2972 «
1317 2969 1337 2976 ..
1356 2947 1474 2975 illustri
1495 2947 1558 2983 reyi
1576 2947 1780 2975 Francorum.
1806 2943 1937 2982 Aliquis
1956 2943 2046 2973 inter
2065 2943 2181 2973 mundi
2199 2961 2248 2973 —.

2401 931 2417 967 '1

2396 975 2410 995 's
