2519 3518
110 307 187 337 1017

107 374 186 404 tulit
207 374 402 405 excellentia
427 375 611 413 dignitatis,
636 374 861 405 sollicitudine
882 374 1034 412 vigilanti
1053 382 1113 412 pax

107 426 183 456 orbi
203 431 288 458 terre
307 427 401 458 fieret
423 432 455 458 et
477 427 516 457 ad
539 426 601 457 celi
622 427 836 465 perveniendi
858 427 998 465 patriam
1019 426 1116 464 plena

108 479 315 518 possibilitas
344 480 544 518 proveniret.
576 480 673 509 Nunc
700 488 776 509 vero
801 479 900 514 idem,
931 479 1050 509 sedens
1076 478 1115 508 ad

108 532 277 562 dexteram
300 532 496 572 Majestatis‚
517 532 570 562 dat
593 541 651 571 per
669 540 724 562 eos
749 532 806 571 qui
827 531 1043 570 dispositione
1065 530 1115 560 di-

110 584 189 614 vina
209 589 285 614 sunt
302 585 341 614 ad
363 594 483 623 sponse
507 584 716 623 precellentis
737 584 944 623 obsequium,
962 583 1116 614 videlicet

108 637 231 668 Sancte
247 638 364 668 Matris
380 637 538 672 Ecclesie,
557 637 715 675 deputati,
736 641 771 667 ut
787 637 936 666 doctrina
956 636 1113 666 virtutum

106 691 240 721 cunctis
256 691 412 721 reddatur
427 691 534 720 amica
550 690 714 725 fidelibus,
736 699 795 728 pax
819 689 943 720 eisdem
961 689 1115 719 adveniat

108 747 143 773 et
157 743 328 773 incumbat
346 743 548 774 desiderium
572 742 797 781 consequendi
814 742 938 781 premia
955 750 1115 780 superno-

110 805 196 826 rum.
214 796 301 826 Hinc
317 800 365 826 est
381 796 479 835 quod,
497 804 571 826 cum
593 800 680 825 terra
699 795 872 825 Provincie
888 795 1000 829 ruerit,
1019 794 1114 824 nobis

107 848 310 883 dolentibus,
337 848 460 878 dudum
482 847 645 878 bellorum
667 847 780 877 attrita
797 846 955 886 periculis
977 851 1008 877 et
1036 855 1115 876 con-

107 909 225 940 spersa
247 900 387 931 maculis
410 900 555 931 heretice
574 900 757 938 pravitatis,
779 909 850 934 nos,
871 900 956 930 sicut
976 899 1115 929 confidi-

109 962 195 988 mus,
222 953 314 983 illius
333 953 553 992 inspiratione
571 952 710 991 spiritus
736 953 889 987 faciente,
910 952 966 991 qui
989 951 1113 982 sanctis

105 1005 199 1036 dedit
216 1005 373 1044 apostolis
396 1005 557 1035 mundum
578 1014 674 1043 posse
697 1004 841 1043 dirigere
861 1005 895 1034 in
919 1009 1024 1034 status
1043 1003 1113 1041 glo-

108 1058 192 1088 riam
209 1058 376 1093 salutaris,
395 1057 494 1096 digne
509 1057 714 1096 providimus
733 1062 769 1087 ut
791 1058 832 1087 ad
851 1057 956 1096 ipsam
979 1057 1113 1095 provin-

104 1111 193 1141 ciam
209 1119 313 1140 unum
331 1110 369 1140 de
386 1110 595 1147 dignioribus
610 1110 768 1140 memhris
787 1109 946 1143 Ecclesie.
958 1109 1113 1139 videlicet

105 1162 412 1202 pervener-abilem¹
437 1163 571 1192 fratrem
596 1167 745 1192 nostrum
765 1185 782 1191 ..
803 1163 967 1193 Soranum
984 1162 1112 1200 episco-

106 1212 216 1255 pum²,
239 1210 412 1246 concesso³
429 1215 494 1245 sibi
513 1215 608 1253 plene
632 1215 808 1253 legationis
823 1215 943 1250 officio,
964 1215 1112 1244 mittere-

105 1277 192 1303 mus,
211 1272 382 1307 sperantes
395 1272 442 1302 ut,
455 1277 522 1311 quo
532 1267 662 1306 plenius
672 1267 781 1305 ipsum
795 1267 853 1297 Dei
867 1267 1032 1306 sapientia
1045 1266 1112 1295 vir-

105 1325 215 1352 tutum
240 1320 432 1359 insignibus
460 1320 590 1350 dotasse
621 1319 821 1354 dinoscitur,
855 1329 892 1349 eo
918 1319 1051 1349 facilius
1081 1323 1112 1349 et

107 1374 240 1405 felicius
256 1382 320 1412 que
336 1377 414 1403 sunt
430 1372 549 1403 salutis
570 1376 599 1402 et
617 1372 733 1410 gratie,
755 1377 920 1410 operetur.
943 1373 1111 1410 Rogamus

103 1427 218 1466 itaque
240 1426 492 1456 universitatem
515 1429 658 1455 vestram
677 1429 708 1455 et
729 1424 901 1454 hortamur
916 1425 951 1454 in
971 1425 1112 1454 Domino

101 1480 211 1512 Jhesu
227 1479 372 1513 Christo,
390 1488 447 1518 per
467 1478 647 1517 apostolica
663 1478 756 1508 vobis
774 1478 896 1516 scripta
915 1478 1111 1508 mandantes

102 1537 288 1572 quatenus,
320 1541 377 1570 per
405 1540 504 1570 opera
534 1531 749 1569 gratitudinis
782 1530 945 1569 explicare
975 1530 1112 1560 solliciti

103 1591 230 1625 quanta
245 1585 338 1615 vohis
355 1585 442 1614 circa
456 1585 561 1614 Deum
578 1584 620 1614 sit.
638 1583 713 1613 fidei
730 1583 856 1622 puritas
873 1592 909 1613 ac
925 1583 1111 1613 devotionis

102 1638 282 1669 sinceritas
299 1647 376 1675 erga
398 1637 515 1668 sedem
532 1636 767 1675 Apostolicam,
792 1636 960 1666 continuis
976 1636 1113 1666 honori-

106 1691 168 1722 bus
193 1700 251 1730 per
276 1690 424 1721 fidelium
446 1690 694 1720 multitudinem
718 1689 942 1724 attollendam,
966 1689 1111 1727 legatum

103 1744 260 1778 eundem,
280 1743 316 1772 in
339 1752 404 1782 quo
426 1751 600 1781 personam
620 1747 766 1772 nostram
788 1742 891 1780 recipi
913 1741 1064 1772 volumus
1082 1746 1113 1772 et

105 1796 203 1826 filiali
227 1796 412 1826 reverentia
429 1795 636 1834 pertractari,
661 1795 757 1834 quasi
778 1795 867 1833 pacis
887 1795 1040 1833 angelum
1056 1795 1112 1825 de-

107 1853 181 1879 vote
197 1857 233 1878 ac
249 1848 378 1877 ilariter
395 1847 618 1877 admittentes.
644 1852 673 1877 et
698 1847 806 1885 ipsum
826 1847 917 1876 omni
935 1855 999 1885 quo
1019 1847 1112 1876 scitis

105 1906 139 1931 et
159 1901 297 1940 potestis
319 1900 443 1930 honore
460 1899 615 1938 prosequi
637 1899 779 1929 sollicita
801 1899 973 1937 diligentia
996 1908 1112 1937 procu-

105 1955 200 1989 retis,
218 1958 249 1984 et
265 1953 328 1983 sihi
345 1962 444 1991 super
461 1953 527 1982 hiis
545 1961 609 1991 que
623 1952 781 1982 honorem
795 1952 855 1982 Dei
872 1956 902 1981 et
916 1951 1062 1981 Ecclesie
1076 1960 1113 1981 ae

106 2007 272 2037 libertatis
302 2005 526 2035 ecclesiastice
556 2005 739 2043 respiciunt
765 2004 1019 2034 incrementum.
1054 2012 1113 2034 nec

108 2069 174 2090 non
196 2060 236 2090 ad
259 2069 296 2089 ea
319 2068 375 2097 per
400 2067 463 2097 que
481 2062 586 2088 status
608 2057 692 2087 dicte
720 2057 888 2095 provincie
905 2056 1011 2086 valeat
1028 2056 1114 2086 salu-

107 2113 223 2147 briter,
242 2112 384 2142 faciente
401 2111 554 2145 Domino,
573 2110 756 2145 reformari,
774 2119 811 2139 ac
827 2118 925 2147 super
941 2110 1113 2147 pravitatis

108 2166 254 2197 heretice
273 2164 445 2195 abolendis
466 2163 617 2198 maculis,
635 2163 816 2193 efficaciter
834 2162 1030 2192 intendatis:
1049 2163 1114 2192 sci-

108 2219 177 2248 turi
200 2218 286 2257 quod
310 2226 368 2256 per
395 2216 455 2246 hoc
482 2220 513 2246 et
541 2216 681 2253 gratiam
705 2224 846 2253 superne
872 2215 1114 2245 benedictionis

106 2271 303 2310 acquiritis,
332 2274 361 2300 et
395 2278 454 2299 nos
484 2268 577 2298 vobis
605 2276 670 2297 non
696 2267 860 2297 modicum
891 2267 1045 2305 obligatis
1075 2267 1116 2296 ad

105 2332 209 2362 opera
224 2322 418 2360 gratiarum,
437 2320 596 2359 Alioquin
613 2320 811 2350 sententiam
829 2328 927 2358 quam
944 2319 1014 2357 ipse
1031 2319 1115 2350 tule-

109 2377 154 2406 rit
168 2376 203 2405 in
224 2374 376 2408 rebelles,
403 2378 505 2403 ratam
529 2372 726 2403 habebimus
751 2376 781 2402 et
805 2371 976 2404 faciemus,
1006 2376 1115 2402 actore

143 2528 164 2552 1.
179 2528 253 2552 Dans
266 2528 290 2550 le
303 2528 461 2556 capitulum
478 2525 523 2549 4³25
539 2525 573 2548 de
588 2524 614 2547 la
628 2523 691 2547 xue
709 2523 806 2550 annee,
826 2530 859 2546 au
879 2523 934 2546 lieu
950 2523 983 2546 de
1002 2529 1008 2546 :
1027 2531 1039 2545 a
1054 2530 1116 2553 per-

105 2573 295 2597 venerabitem
315 2580 336 2597 »,
354 2577 389 2594 on
409 2571 439 2593 lit
459 2577 464 2593 :
487 2578 498 2591 α
515 2568 699 2593 venerabilem
719 2574 744 2595 νς
767 2568 1006 2596 ρρνυενιει·ἃῑ>ι“1ειη
1026 2566 1118 2590 devait

110 2617 146 2642 ici
162 2617 329 2648 s'appliquer
345 2615 559 2646 primitivement
576 2613 591 2636 ὲ
611 2612 733 2642 l'eveque
752 2611 785 2634 de
803 2611 943 2639 preneste,
957 2615 983 2634 et
1001 2618 1117 2634 venera-

107 2663 205 2689 bilem,
222 2660 290 2684 dans
305 2660 330 2683 la
346 2659 423 2690 piece
442 2658 503 2687 XlI,
517 2657 570 2687 4²25,
587 2656 601 2679 a
617 2656 739 2686 l‘eveque
755 2655 789 2678 de
806 2655 885 2679 Sora.

141 2705 163 2729 2.
181 2704 234 2729 Les
251 2707 321 2727 mots
337 2710 342 2726 :
368 2711 377 2724 n
396 2702 532 2726 Soranum
553 2701 713 2731 episcopum
730 2708 751 2729 υ,
771 2699 852 2722 ecrits
869 2705 917 2722 sur
931 2705 969 2721 un
984 2702 1118 2729 grattage,

109 2752 175 2774 sont
189 2749 214 2773 le
230 2749 342 2772 resultat
359 2747 440 2770 d'une
457 2747 621 2770 correction.
638 2757 667 2761 —
683 2745 703 2768 ΙΙ
720 2744 764 2774 n'y
781 2751 796 2766 a
812 2743 951 2766 d'ailleurs
968 2750 1016 2773 pas
1032 2748 1116 2770 trace,

107 2793 181 2817 dans
202 2793 228 2816 le
246 2799 327 2822 corps
346 2791 379 2814 de
398 2791 424 2814 la
444 2789 530 2820 pic-ce,
552 2788 657 2812 d'autre
676 2787 863 2811 modification
883 2793 937 2817 que
956 2787 1076 2815 celle-ci;
1101 2786 1120 2809 il

109 2836 158 2867 n'y
174 2843 208 2860 en
226 2843 242 2859 a
258 2842 306 2866 pas
320 2841 375 2858 non
392 2834 452 2865 plus
471 2833 538 2856 dans
554 2832 580 2855 la
595 2832 667 2855 date.

144 2880 166 2905 3.
184 2880 230 2909 Ici,
245 2886 349 2903 comme
366 2879 434 2902 dans
450 2878 475 2901 le
489 2878 646 2906 capitulum
661 2875 706 2899 425
720 2875 753 2898 de
765 2875 790 2898 la
803 2874 865 2898 xt1=
877 2874 974 2903 annee,
988 2881 1120 2898 concesso

109 2927 156 2949 est
174 2924 315 2955 peut-etre
337 2929 408 2953 pour
428 2922 591 2946 commisso.
614 2933 642 2937 —
663 2919 704 2944 Cf.
729 2926 826 2948 supra,
849 2923 877 2942 n·
899 2918 968 2946 4337,
991 2921 1017 2941 et
1037 2919 1123 2948 infra,

109 2975 143 2992 m.
159 2967 229 2998 4348,
245 2971 296 2993 etc.

951 300 1174 339 DOUZIEME
1197 300 1356 337 ANNEE.

2125 306 2201 336 1018

1199 372 1372 412 Do[min0],
1393 382 1498 412 usque
1515 373 1554 402 ad
1570 373 1832 403 satisfactionem
1848 372 2043 410 condignam
2062 371 2199 402 inviola—

1197 424 1309 455 biliter
1321 425 1506 460 observari,
1521 434 1585 455 non
1594 425 1803 455 obstantibus
1815 425 2032 463 indulgentiis
2041 426 2062 455 ¹.
2078 425 2105 454 si
2116 433 2198 464 quas

1197 476 1319 507 habent
1336 477 1439 516 aliqui
1457 482 1613 512 vestrum,
1632 477 1719 516 quod
1735 477 2013 507 excommunicari
2030 477 2080 507 vel
2094 477 2198 507 inter-

1197 529 1262 559 dici
1281 538 1346 560 non
1365 530 1503 568 possint,
1521 530 1587 559 nisi
1607 539 1625 559 a
1649 529 1766 568 legatis
1789 529 1828 560 de
1851 534 1962 559 nostro
1979 529 2080 560 latere
2096 529 2199 559 desti-

1197 582 1296 612 natis.
1327 583 1398 612 Dat.
1428 583 1590 620 Anagnie,
1619 583 1650 612 X
1678 582 1835 612 kalendas
1868 582 2080 620 septembris,
2111 590 2198 612 anno

1197 635 1401 665 duodecimo.
1424 647 1436 661 ι

1265 812 1383 840 4348

1230 873 1374 907 Episcopo
1402 873 1523 904 Sorano.
1552 874 1739 907 Apostolicae
1770 874 1855 901 Sedis
1886 875 1994 907 legato.
2022 875 2193 900 facultatem

1194 921 1328 948 concedit
1346 921 1516 948 moderandi
1538 930 1644 956 poenas
1664 926 1691 948 et
1715 922 1912 956 paenitentias
1929 931 1978 956 per
1999 930 2196 956 quoscumque

1194 969 1349 1003 impositas
1365 969 1535 996 hominibus
1550 972 1644 996 terrae
1660 968 1844 1004 [Raymundi
1862 969 1940 1004 vm,
1955 970 2072 996 comitis
2086 970 2196 997 Tholo-

1194 1017 1270 1049 sani,
1287 1021 1314 1044 et
1330 1017 1522 1051 cognoscendi
1539 1018 1574 1044 de
1594 1017 1690 1044 causis
1711 1026 1762 1052 pro
1785 1018 1847 1052 ipso
1867 1019 1974 1045 comite
1989 1022 2017 1045 ct
2033 1022 2133 1045 contra
2150 1019 2196 1052 ip-

1193 1074 1258 1092 sun]
1274 1065 1508 1099 quibuscumque
1522 1065 1671 1099 judicibus
1687 1074 1704 1092 a
1721 1066 1796 1092 Sede
1815 1067 1984 1100 Apostolica
1999 1067 2151 1099 delegatis.
2164 1066 2194 1092 in

1194 1114 1300 1148 quibus
1315 1123 1371 1140 non
1383 1114 1422 1140 sit
1433 1113 1469 1140 ad
1482 1114 1544 1140 litis
1555 1114 1798 1141 contestationem
1814 1122 1989 1148 processum.
2006 1129 2036 1133 -
2050 1115 2136 1146 (Rae.
2152 1115 2195 1147 19,

1195 1163 1215 1189 f.
1232 1162 1266 1189 19
1279 1166 1322 1195 v⁰;
1339 1171 1409 1189 ann.
1424 1162 1492 1195 XII,
1507 1162 1613 1193 c.101;
1632 1177 1663 1180 —
1677 1163 1715 1189 cs.
1731 1163 1818 1194 infra,
1833 1171 1902 1189 ann.
1920 1163 1987 1194 xit.
2004 1173 2028 1189 c.
2046 1163 2119 1193 126.)

1785 812 1914 846 Anagni,
1930 812 1947 839 9
1962 815 2029 839 aout
2045 812 2123 839 1238.

1237 1275 1250 1289 α
1284 1286 1303 1292 ..
1330 1264 1464 1300 episcopo
1487 1263 1613 1298 Sorano,
1644 1263 1807 1300 Apostolice
1831 1262 1915 1291 Sedis
1942 1263 2065 1299 (symm.
2093 1263 2198 1300 Super

1195 1315 1371 1346 commisso
1392 1315 1565 1353 prudentie
1585 1320 1637 1344 tue
1654 1315 1687 1344 in
1705 1314 1879 1345 Provincie
1898 1315 2048 1353 partibus
2066 1316 2195 1352 negotio

1195 1368 1283 1402 fidei,
1309 1368 1452 1398 libenter
1473 1367 1533 1397 tibi
1555 1367 1708 1397 facienda
1727 1367 1976 1397 committimus.
2000 1377 2056 1406 per
2079 1376 2142 1406 que
2158 1368 2197 1397 de

1194 1421 1277 1459 ipso,
1296 1425 1404 1451 actore
1420 1421 1498 1455 Deo,
1519 1420 1692 1458 provenire
1710 1419 1815 1450 valeat
1831 1420 1916 1458 quod
1936 1420 2097 1449 obtamus.
2124 1419 2198 1450 Ple-

1196 1483 1271 1503 nam
1281 1473 1393 1512 itaque
1405 1473 1443 1503 de
1459 1473 1754 1510 circumspectione
1767 1477 1821 1502 tua
1834 1472 1986 1502 fiduciam
1997 1473 2196 1507 obtinentes,

1196 1515 1387 1556 moderandi
1403 1534 1504 1564 penas
1521 1530 1552 1556 et
1567 1525 1769 1563 penitentias
1785 1535 1842 1563 per
1855 1534 2079 1564 quoscumque
2096 1525 2197 1564 impo-

1195 1578 1276 1608 sitas
1300 1578 1492 1608 hominibus
1510 1582 1594 1608 terre
1615 1577 1736 1607 nobilis
1755 1578 1817 1607 viri
1842 1601 1861 1606 ..
1882 1578 2011 1607 comitis
2030 1577 2196 1612 Tolosani,

1195 1636 1226 1661 et
1241 1630 1461 1669 cognoscendi
1476 1631 1515 1660 de
1533 1630 1642 1660 causis
1660 1639 1716 1668 pro
1732 1630 1803 1668 ipso
1820 1635 1849 1660 et
1869 1635 1981 1660 contra
2000 1630 2107 1668 ipsum
2124 1630 2199 1669 qui-

1194 1684 1400 1723 buscumque
1418 1683 1588 1722 judicibus
1613 1692 1631 1713 a
1655 1683 1737 1713 Sede
1760 1682 1947 1721 Apostolica
1969 1682 2138 1720 delegatis.
2162 1683 2196 1712 in

1195 1737 1316 1776 quibus
1333 1745 1398 1766 non
1415 1737 1457 1766 sit
1477 1736 1517 1766 ad
1538 1736 1607 1765 litis
1627 1736 1900 1765 contestationem
1918 1744 2118 1773 processum.
2137 1735 2198 1764 tibi

1195 1789 1601 1827 auctoritatepresentium
1613 1788 1823 1818 concedimus
1836 1787 2038 1821 facultatem,
2051 1787 2198 1817 volentes

1195 1843 1281 1882 quod
1296 1843 1329 1872 in
1346 1842 1414 1872 illis
1431 1842 1465 1871 in
1479 1842 1600 1880 quibus
1620 1841 1661 1871 lis
1679 1850 1750 1871 esse
1767 1845 1948 1870 contestata
1966 1840 2160 1875 dinoscitur,
2179 1850 2196 1869 a

1195 1895 1355 1933 delegatis
1371 1894 1540 1933 judicibus
1567 1894 1746 1923 secundum
1772 1898 1862 1922 tuum
1887 1892 2062 1922 consilium
2085 1902 2198 1931 proce-

1195 1948 1301 1979 datur.
1328 1956 1386 1977 nec
1406 1955 1470 1976 non
1488 1947 1573 1985 quod
1591 1947 1628 1976 de
1648 1945 1924 1984 appellationibus
1944 1955 1961 1975 a
1978 1945 2064 1975 dicto
2080 1946 2198 1975 comite

1196 2010 1254 2031 seu
1277 2000 1541 2039 quibuscumque
1558 1999 1596 2027 de
1616 1998 1808 2028 hominihus
1825 1998 1895 2027 suis
1919 1998 1952 2026 in
1976 1998 2086 2027 causis
2102 1997 2199 2027 fidem

1196 2052 1420 2090 tangentibus,
1443 2051 1482 2080 ad
1505 2051 1622 2080 Sedem
1645 2049 1867 2088 Apostolicam
1891 2050 2084 2087 interjectis.
2105 2055 2135 2079 et
2161 2050 2199 2079 de

1196 2105 1372 2136 sententiis
1393 2103 1743 2135 excommunicationis
1767 2107 1797 2132 et
1824 2102 1992 2132 interdicti
2011 2112 2047 2132 ac
2066 2103 2104 2132 de
2123 2102 2199 2132 aliis

1195 2164 1309 2189 contra
1325 2159 1432 2197 ipsum
1450 2162 1479 2188 et
1494 2157 1668 2197 jamdictos
1686 2156 1837 2186 homines
1854 2156 2048 2185 auctoritate
2069 2160 2199 2194 aposto-

1194 2212 1259 2241 lica
1288 2211 1339 2242 vel
1361 2210 1527 2240 ordinaria
1551 2209 1780 2248 promulgatis,
1807 2217 2004 2245 cognoscere
2027 2208 2148 2238 valeas,
2169 2212 2199 2237 et

1195 2274 1312 2295 causas
1338 2263 1469 2294 easdem
1496 2263 1560 2292 fine
1583 2262 1697 2292 debito
1716 2261 1906 2291 terminare.
1938 2262 2010 2290 Dat.
2035 2261 2198 2298 Anagnie,

1194 2319 1224 2348 V
1238 2318 1313 2347 idus
1331 2316 1475 2354 augusti,
1493 2324 1580 2345 anno
1598 2314 1803 2344 duodecimo.
1827 2326 1838 2339 n

1229 2436 1251 2460 1.
1267 2435 1345 2460 Cette
1365 2435 1457 2459 clause
1476 2441 1482 2458 ε
1500 2442 1512 2457 (ι
1531 2440 1587 2457 non
1607 2433 1814 2457 obstantibus...
1834 2431 1979 2455 destinatis
1997 2439 2009 2454 υ
2029 2436 2069 2455 est
2087 2433 2200 2456 absente

1197 2480 1234 2504 du
1250 2481 1407 2509 capitulum
1423 2479 1468 2502 4⁸25
1484 2478 1517 2502 de
1533 2478 1559 2501 la
1574 2477 1635 2501 xil·
1651 2477 1748 2500 annee.

1228 2523 1251 2548 ¹2.
1272 2523 1350 2547 Cette
1372 2523 1451 2546 lettre
1472 2526 1512 2545 est
1534 2521 1687 2552 egalemcnt
1707 2520 1788 2543 biffee
1807 2527 1854 2550 par
1874 2519 1922 2542 des
1943 2519 2020 2542 traits
2036 2526 2069 2542 au
2086 2519 2201 2542 minium

1198 2568 1267 2592 dans
1289 2567 1312 2591 le
1332 2568 1471 2597 Reqistre:
1490 2566 1507 2589 il
1522 2573 1541 2596 y
1558 2572 1573 2588 a
1588 2571 1642 2588 une
1660 2564 1808 2593 surcharge
1824 2563 1839 2586 ὲ
1859 2563 1987 2586 l'adresse
2004 2567 2029 2586 et
2045 2563 2060 2585 a
2080 2563 2104 2585 la
2125 2563 2200 2589 date;

1198 2613 1216 2635 il
1233 2615 1274 2636 est
1289 2614 1422 2642 apparent
1437 2610 1539 2641 qu'une
1556 2608 1691 2639 premisl-re
1703 2607 1814 2630 adresse
1824 2610 1850 2630 et
1866 2613 1920 2629 une
1936 2607 2069 2636 premiere
2081 2606 2143 2629 date
2155 2611 2202 2629 ont

1199 2655 1242 2680 ete
1259 2655 1426 2686 remplacees
1444 2661 1492 2685 par
1507 2653 1590 2677 celles
1606 2652 1650 2682 qui
1667 2659 1696 2675 se
1713 2652 1793 2674 lisent
1810 2649 1982 2679 auJ’ourd'hui
1995 2663 2034 2674 .—
2048 2649 2107 2673 L'ne
2124 2650 2203 2673 lettre

1200 2705 1318 2730 presque
1333 2698 1513 2722 entierement
1527 2697 1678 2726 identique,
1689 2708 1718 2712 —
1729 2698 1755 2717 et
1767 2697 1938 2723 comportant
1951 2694 2111 2721 seulement,
2125 2693 2204 2723 apres

1200 2744 1240 2767 les
1262 2746 1332 2766 mots
1348 2749 1353 2766 :
1371 2751 1383 2764 a
1401 2741 1509 2765 comitis
1531 2739 1660 2764 Tolosani
1682 2747 1703 2767 υ,
1721 2741 1792 2761 cette
1815 2737 1950 2765 addition,
1970 2736 2015 2766 qui
2037 2736 2124 2766 parait
2146 2743 2204 2759 em-

1202 2787 1316 2818 pruntee
1332 2786 1347 2809 ἐι
1362 2786 1410 2809 1ἰή
1427 2786 1548 2808 eundem
1567 2784 1682 2806 modurn
1701 2782 1746 2811 qui
1762 2781 1817 2804 suit
1835 2790 1840 2803 :
1858 2788 1869 2801 α
1887 2787 1916 2803 ac
1933 2779 2122 2803 Narbonensis
2139 2787 2204 2810 pro-

1202 2831 1292 2854 vincte
1311 2835 1338 2854 et
1358 2829 1500 2860 Affiigesii,
1524 2827 1646 2856 exceptis
1667 2831 1758 2849 tamen
1781 2824 1989 2854 condempnatis
2011 2823 2043 2846 de
2070 2824 2205 2853 pravitate

1202 2874 1323 2898 heretica
1337 2875 1379 2897 vel
1396 2873 1477 2897 etiam
1491 2869 1726 2900 condempnandis
1744 2877 1765 2897 »,
1783 2881 1810 2885 —
1825 2875 1840 2890 a
1855 2867 1898 2891 ete
1914 2867 2040 2890 adressee
2052 2866 2066 2889 a
2081 2866 2206 2897 l'eveque

1203 2918 1237 2942 de
1253 2917 1393 2947 Preueste‚
1412 2917 1426 2940 ἐι
1446 2916 1471 2939 la
1491 2915 1553 2938 date
1574 2914 1610 2937 du
1626 2914 1652 2937 *21
1674 2913 1726 2936 mai
1745 2912 1778 2935 de
1799 2912 1824 2935 la
1841 2912 1926 2935 meme
1948 2910 2048 2939 annee3
2068 2911 2102 2934 cl'.
2122 2912 2207 2940 infra,

1203 2968 1267 2986 ann.
1284 2961 1343 2989 ΧΠ,
1361 2967 1384 2984 e.
1402 2960 1454 2984 Ωδ-
