2519 3518
115 317 174 348 425
975 311 1162 349 DIXIEME
1183 311 1342 348 ΑΝΝΕΕ.
2146 317 2205 348 426

117 385 215 420 dicta,
243 384 329 414 sicut
353 393 414 415 nec
438 384 561 420 debuit,
582 385 720 415 minime
742 385 937 420 investitus;
955 385 1023 420 sed,
1041 384 1117 415 etsi

116 437 244 476 capella
265 437 337 475 ipsa
356 446 468 467 curam
491 437 590 467 talem
616 437 751 473 habeat,
773 438 860 476 quod
887 438 957 476 ipse
984 438 1117 476 penitus

114 489 286 526 diffitetur,
304 498 369 520 non
389 490 555 520 immerito
570 490 605 520 id
619 490 725 528 potuit
742 490 915 528 premissis
931 490 1118 520 rationibus

115 543 280 581 ignorare,
306 543 481 581 presertim
502 551 576 572 cum
599 542 846 573 henedictiones
867 543 1065 573 nubentium
1082 543 1117 572 in

116 595 316 634 parrochiali
328 596 409 625 fiant
423 595 573 631 ecclesia,
583 595 811 626 decedentium
821 604 956 634 corpora
969 595 1118 625 deferan-

118 652 171 678 tur
193 648 234 678 ad
259 657 342 684 eam,
369 657 406 678 ac
431 648 555 678 eisdem
581 648 733 678 sacerdos
758 648 863 686 ipsius
893 648 1119 678 ecclesiastica

118 700 251 731 exhibet
262 705 469 731 sacramenta
482 711 488 730 x
502 710 559 739 per
573 710 636 739 que
650 705 681 731 et
696 700 761 730 alia
773 701 813 730 ad
827 701 932 739 ipsam
944 700 1118 731 ecclesiam

116 753 305 784 animarum
321 762 434 783 curam
453 753 573 783 asserit
586 753 763 791 pertinere.
781 754 900 790 Quare,
919 762 992 783 cum
1011 753 1118 783 adhuc

117 805 278 845 capellam
299 806 405 844 ipsam
428 806 539 836 credat
559 814 624 835 non
645 805 768 835 habere
786 814 899 835 curam
914 804 1116 844 hujusmodi,

117 867 217 898 quam
233 858 370 897 adeptus
381 858 539 888 canonice
551 867 625 888 cum
636 857 701 887 alia
712 857 912 896 parrochiali
928 857 1067 887 ecclesia
1081 866 1119 887 ex

117 911 365 950 dispensatione
390 911 569 949 apostolica
591 911 683 940 duxit
707 910 867 940 hactenus
892 910 1116 945 retinendam,

118 964 291 994 humiliter
320 958 518 1002 supplicavit
546 967 592 999 ut,
622 972 696 993 cum
721 963 797 992 talis
827 963 1016 1001 ignorantia
1044 971 1119 993 cum

118 1017 254 1047 reddere
264 1016 381 1046 debeat
390 1020 591 1051 excusatum,
603 1015 861 1046 misericorditer
872 1015 1119 1054 provideremus

118 1069 235 1100 eidem.
266 1069 409 1107 Ideoque
434 1069 628 1098 mandamus
652 1072 816 1106 quatenus
839 1085 888 1103 —,
913 1068 979 1097 nisi
998 1067 1120 1097 dictam

118 1122 278 1160 capellam
310 1130 423 1151 curam
454 1121 642 1151 animarum
670 1121 792 1150 habere
818 1121 1019 1154 constiterit,
1044 1128 1120 1150 euni

118 1183 218 1213 super
234 1174 293 1204 illa
315 1178 429 1204 contra
449 1173 655 1211 indulgentie
674 1177 785 1203 nostre
805 1177 951 1202 tenorem
968 1181 1032 1202 non
1050 1181 1118 1210 per-

117 1227 258 1257 mittatis
277 1226 423 1257 indebite
439 1226 624 1261 molestari;
643 1225 791 1264 alioquin
808 1234 845 1255 ea
861 1233 960 1263 quam
975 1223 1119 1255 secundo

119 1280 284 1318 recepisse
302 1279 433 1314 dicitur,
452 1278 583 1308 faciatis
598 1277 694 1308 illum
709 1286 842 1308 manere
861 1281 1052 1307 contentum
1068 1294 1115 1305 —.

119 1332 192 1362 Dat.
210 1333 323 1366 Reate,
339 1329 547 1369 idibusjulii,
569 1338 655 1359 anno
669 1330 806 1360 decimo.
827 1342 839 1355 ι)

189 1502 271 1530 32¹
281 1502 308 1530 8
698 1500 789 1532 Rieti,
806 1500 839 1527 14
854 1500 954 1534 juillet
966 1500 1046 1527 1236.

154 1564 297 1599 Episcopo
312 1563 486 1591 Grossetano
503 1562 624 1589 mandat
640 1564 794 1596 quatenus,
814 1576 846 1579 —
866 1570 933 1588 cum
950 1561 981 1588 in
1001 1570 1118 1588 monas-

116 1612 191 1640 terio
210 1612 313 1639 Sancti
339 1611 474 1639 Cassiani
495 1611 526 1637 in
553 1610 678 1643 Carisio‚
704 1610 886 1636 Vulteranae
905 1609 1057 1642 dioecesis,
1081 1610 1118 1636 ad

118 1661 225 1689 Sedem
247 1660 449 1695 Apostolicam
474 1660 555 1686 nullo
578 1659 675 1686 medio
689 1658 863 1693 pertinenti,
886 1658 958 1685 olim
979 1657 1118 1685 habitan-

65 1739 67 1741 ,
116 1709 193 1738 tium
209 1709 240 1736 in
254 1708 355 1735 eodem
372 1708 490 1735 malitia
502 1708 573 1735 adeo
589 1707 620 1734 in
634 1706 840 1742 spiritualibus
856 1709 884 1733 et
905 1706 1118 1741 temporalibus

117 1758 291 1790 deformato,
305 1760 338 1784 ut
353 1757 388 1784 de
404 1756 612 1784 reformatione
627 1756 720 1790 ipsius
733 1755 763 1782 in
787 1763 838 1782 suo
857 1755 959 1781 ordine
979 1763 1044 1789 spes
1063 1755 1120 1782 ali-

119 1814 177 1840 qua
192 1814 250 1832 non
270 1807 448 1840 superesset,
464 1804 553 1832 abbas
569 1813 602 1831 ac
617 1804 674 1831 duo
691 1806 808 1831 tantum
832 1803 970 1830 monachi
984 1811 1119 1830 remane-
1163 1833 1167 1837 .

119 1856 200 1887 rent,
217 1854 336 1886 ceteris,
355 1853 502 1887 pravitate
518 1852 681 1887 multiplici
697 1851 856 1884 involutis,
873 1859 923 1885 per
943 1851 1088 1885 delegatos
1104 1859 1121 1878 a

121 1902 196 1930 Sede
209 1902 379 1936 Apostoliea
393 1901 506 1935 judices
520 1901 589 1927 inde
602 1900 719 1933 amotis,
735 1915 766 1918 —
780 1899 869 1926 dictis
885 1899 997 1926 duobus
1018 1908 1120 1926 mona-

118 1950 194 1983 chis,
210 1950 267 1977 nisi
281 1950 377 1977 velint
392 1949 423 1976 in
444 1950 574 1984 praefato
591 1948 768 1975 monasterio
790 1947 924 1974 habitum
941 1947 1121 1975 Cistercicn—

119 2007 180 2025 sem
209 2006 367 2030 assumere,
390 1997 421 2024 in
447 1997 515 2024 aliis
543 1996 730 2023 monasteriis
755 1996 799 2022 sui
822 1995 933 2022 ordinis
958 1995 1119 2028 collocatis,

121 2046 331 2074 monasterium
347 2045 456 2079 ipsum,
469 2045 504 2072 de
517 2045 600 2078 cujus
614 2044 697 2071 bonis
709 2044 840 2077 praefato
851 2043 951 2070 abbati
962 2052 1120 2077 congruam

121 2095 319 2130 provisionem
336 2094 481 2128 assignet,
503 2094 534 2120 in
555 2093 780 2121 Cisterciensem
804 2092 937 2119 ordinem
962 2093 1121 2119 reformare

119 2143 247 2176 studeat,
268 2150 301 2169 ac
317 2142 427 2169 ibidem
444 2142 480 2169 de
501 2141 653 2168 monachis
674 2140 845 2167 monasterii
862 2140 965 2167 Sancti
982 2140 1120 2174 Galgani,

120 2191 302 2218 Vulteranae
317 2190 468 2222 dioecesis,
485 2190 532 2216 vel
548 2189 670 2216 alterius
680 2188 851 2215 monasterii
863 2188 994 2222 ejusdem
1008 2188 1121 2215 ordinis

120 2241 300 2266 conventum
315 2239 463 2265 instituat.
481 2253 512 2256 —
529 2238 615 2269 (Bm.
632 2237 680 2271 18,
698 2238 718 2263 f.
733 2237 783 2264 173
800 2240 840 2268 1⁸⁰:
857 2245 926 2263 ann.
948 2237 991 2269 X,
1008 2245 1032 2263 c.
1052 2237 1120 2269 140;

122 2301 155 2306 ——
169 2287 325 2314 Por‘rnasi·
336 2286 446 2317 10205.)

164 2400 177 2414 «
200 2410 219 2416 ..
236 2389 369 2425 episcopo
383 2387 557 2416 Grossetano
571 2387 592 2414 ¹.
611 2385 696 2415 Illud
707 2385 793 2414 circa
811 2384 967 2422 religiosa
983 2402 1031 2413 -.
1048 2386 1120 2415 Dat.

122 2441 236 2474 Reate,
255 2440 286 2470 ΙΙ
301 2439 374 2469 idus
387 2439 475 2478 julii,
494 2447 579 2468 anno
598 2437 736 2467 decimo.
757 2450 769 2463 ι)

194 2611 310 2640 3212)
709 2609 799 2641 Rieti,
816 2608 848 2635 13
861 2609 960 2642 juillet
975 2608 1053 2635 1236.

159 2673 284 2706 Trojano
297 2675 325 2699 et
338 2672 486 2699 Meltiensi
500 2671 655 2705 episeopis,
669 2685 699 2688 —
711 2668 902 2705 T[homasio]‚
915 2669 1022 2696 comite
1035 2670 1125 2696 Acer-

122 2729 239 2754 rarum,
255 2721 441 2755 supplicante
461 2723 503 2752 nt,
520 2728 587 2746 cum
609 2718 698 2746 abbas
721 2721 749 2745 et
771 2721 932 2744 conventus
955 2717 1126 2744 monasterii

126 2768 253 2796 Sanctae
268 2768 425 2796 Trinitatis
438 2767 596 2799 Venusini,
613 2767 706 2801 ipsius
723 2765 893 2792 monasterii
908 2765 1038 2792 utilitate
1054 2773 1126 2799 pen-

124 2818 203 2848 sata,
220 2816 365 2850 quoddam
389 2816 484 2843 casale
507 2815 543 2842 ad
568 2815 697 2849 ipsorum
723 2813 934 2841 monasterium
959 2813 1125 2847 pertinens,

159 2928 181 2952 1.
196 2930 257 2957 Sic,
272 2930 330 2952 tant
348 2935 382 2952 en
399 2928 553 2952 manchette
571 2927 652 2958 qu'en
675 2927 816 2957 rubrique.
842 2925 999 2955 ΡΟΤΤΗΛΒΤ,
1021 2926 1128 2957 d'apres

126 2971 291 3002 Mutamus,
307 2974 431 2995 Annales
447 2973 658 2999 Cistercienses,
674 2970 720 2998 IV.
737 2970 794 2999 533,
811 2970 936 3000 imprime
950 2972 1097 2995 Bouiano.

1199 393 1272 419 pene
1288 385 1406 419 penitus
1419 384 1608 419 dissipatum,
1623 385 1870 412 reaedificandum
1886 385 1923 412 ab
1939 386 2000 420 ipso
2016 386 2117 413 sibi-et
2131 387 2203 414 hae-

1199 433 1317 460 redibus
1333 433 1393 460 suis
1407 441 1497 467 usqne
1508 433 1543 460 ad
1559 433 1676 460 tertiam
1694 434 1923 467 generationem,
1936 434 2090 461 locationis
2102 435 2202 468 titulo,

1199 481 1425 513 concessissent,
1443 482 1518 515 quod
1537 481 1574 508 ab
1593 482 1702 509 eisdem
1720 482 1825 509 abbate
1840 486 1868 509 et
1883 487 2029 510 conventu
2046 492 2132 518 super
2148 484 2204 511 hoc

1200 531 1311 557 factum
1326 531 1431 562 fuerat,
1445 538 1461 557 a
1474 530 1549 557 Sede
1560 531 1728 565 Apostolica
1742 532 1940 563 confirmetur,
1954 546 1985 550 —
2000 532 2121 559 mandat
2133 540 2204 566 qua-

1201 581 1296 611 tenus,
1308 586 1374 604 cum
1388 578 1465 604 idem
1479 579 1689 605 monasterium
1707 579 1742 605 ad
1759 580 1922 606 Romanam
1940 580 2102 607 Ecclesiam
2120 581 2203 607 nullo

1201 627 1298 653 medio
1313 626 1483 661 pertineret,
1496 626 1531 653 sle
1544 628 1635 653 torma
1652 631 1829 659 contractus,
1847 631 1874 654 et
1890 636 1927 654 an
1944 628 2125 660 voluntarie,
2138 628 2203 655 sine

1201 675 1393 709 impressione
1406 676 1453 701 vel
1472 678 1565 707 metu,
1584 675 1671 702 luerit
1685 675 1858 708 celebratus,
1875 679 1903 702 et
1918 679 2017 703 utrum
2039 677 2069 703 in
2086 677 2205 704 utilita-

1201 725 1259 749 tem
1273 723 1319 749 vel
1335 723 1492 749 laesionem
1505 723 1578 750 dieti
1591 724 1762 750 monasterii
1777 726 1886 757 vergat,
1904 724 2066 758 inquirant,
2080 727 2108 751 ct
2123 725 2201 759 quod

1202 771 1382 802 invenerint,
1399 771 1468 798 Sedi
1482 771 1670 805 Apostolicae
1686 771 1837 798 intiment.
1851 787 1883 790 —
1895 773 1982 803 (nm.
1997 772 2040 805 18,
2054 774 2074 799 f.
2093 773 2143 800 173
2160 776 2201 805 r';

1202 827 1271 845 ann.
1289 819 1327 851 X,
1342 819 1455 849 c.141.)

1243 931 1256 945 «
1277 942 1296 947 ..
1316 920 1445 956 Trojano
1460 925 1486 948 et
1504 943 1523 948 ..
1543 920 1686 956 Melfiensi
1701 921 1854 958 episcopis.
1875 920 2022 950 Dilectus
2039 920 2128 951 filius
2144 929 2206 951 no-

1201 971 1279 1001 bilis
1298 989 1344 999 —.
1366 972 1438 1001 Dat.
1457 972 1570 1006 Reate,
1589 973 1637 1002 111
1656 972 1729 1002 idus
1742 972 1831 1011 julii,
1848 982 1935 1003 anno
1951 973 2089 1003 decimo.
2109 986 2122 1000 n

1272 1133 1395 1162 3220
1802 1135 1892 1168 Rieti,
1909 1136 2038 1169 9jui11et
2054 1136 2131 1164 1236.

1236 1195 1346 1222 Abbati
1369 1196 1441 1222 Saxi
1457 1196 1544 1228 Vivi,
1566 1195 1768 1231 Fuliginatffis]
1786 1197 1941 1230 dioecesis,
1960 1198 2081 1225 mandat
2101 1202 2206 1233 quate-

1202 1244 1266 1277 nus,
1276 1259 1307 1262 —
1320 1252 1398 1276 cum,
1411 1244 1540 1278 ejusdem
1555 1245 1725 1271 monasterii
1739 1246 1891 1272 monachis
1902 1246 1933 1272 in
1945 1247 2076 1273 ecclesiis
2088 1256 2206 1274 monas-

1201 1292 1274 1319 terio
1290 1292 1347 1326 ipsi
1363 1292 1503 1325 subjectis
1519 1292 1588 1318 solis
1610 1292 1808 1325 morantibus,
1823 1293 1899 1320 bona
1918 1294 2047 1328 ipsarum
2065 1295 2206 1323 ecclesia-

1201 1348 1265 1367 rum
1294 1340 1462 1374 deperirent
1486 1342 1514 1367 et
1541 1340 1619 1367 idem
1646 1341 1857 1367 monasterium
1885 1345 1983 1369 notam
2013 1343 2207 1371 detractionis

1201 1388 1379 1421 incurreret,
1397 1391 1485 1415 —tot
1507 1389 1543 1415 de
1563 1389 1723 1423 praedictis
1743 1390 1890 1423 ecclesiis,
1910 1399 2033 1424 quarum
2056 1392 2206 1425 quaelibet

1201 1439 1338 1470 quattuor
1351 1436 1387 1463 ad
1407 1437 1506 1463 minus
1522 1438 1680 1463 monachos
1696 1437 1841 1464 sustinere
1861 1446 1918 1465 non
1942 1440 2055 1472 valeat,
2079 1440 2205 1467 insimul

1201 1484 1300 1516 uniat,
1322 1485 1365 1511 ita
1387 1485 1462 1518 quod
1483 1485 1519 1511 de
1542 1493 1642 1511 earum
1664 1485 1856 1513 facultatibus
1874 1487 1995 1514 honesto
2017 1491 2046 1514 et
2067 1488 2205 1522 religioso

1201 1532 1371 1565 conventui,
1387 1541 1472 1566 quen]
1487 1533 1523 1560 de
1534 1534 1688 1560 voluntate
1702 1533 1795 1568 ipsius
1807 1542 1898 1568 papae
1914 1535 1976 1570 ipse
1989 1536 2078 1564 abbas
2092 1536 2205 1564 ibidem

1200 1580 1326 1613 ordinet,
1341 1581 1454 1615 possint
1470 1581 1635 1608 necessaria
1651 1581 1826 1609 ministrari.
1845 1597 1877 1601 —
1893 1584 1980 1616 (Rae.
2000 1584 2048 1617 18,
2063 1586 2083 1611 f.
2101 1585 2151 1612 173
2165 1588 2205 1618 r⁹;

1200 1637 1269 1656 ann.
1286 1620 1325 1662 X,
1343 1638 1367 1656 c.
1384 1629 1459 1661 142.)

1244 1742 1256 1756 α
1271 1731 1402 1759 ..abbati
1411 1731 1486 1760 Sami
1503 1731 1951 1770 1'ivi‚cmli9inat[is]diocesis,
1965 1733 2048 1764 Cum
2059 1743 2097 1764 ex
2109 1743 2146 1764 eo
2155 1752 2205 1764 ——.

1201 1783 1274 1812 Dat.
1293 1784 1406 1819 Reate,
1424 1784 1488 1813 VII
1503 1783 1578 1813 idus
1591 1783 1680 1822 julii,
1701 1793 1787 1815 anno
1802 1785 1940 1815 decimo.
1960 1798 1972 1812 »

1273 1954 1384 1982 322¹
1779 1956 1879 1989 Terni,
1895 1957 1931 1983 1‘r
1942 1957 2041 1991 juillet
2057 1958 2135 1985 1236.

1238 2015 1362 2048 Majoris
1386 2015 1537 2043 Ecclesiae
1561 2016 1803 2043 Monasteriensis
1826 2018 2005 2052 praeposito,
2028 2027 2081 2046 nec
2101 2028 2157 2047 non
2179 2022 2209 2047 et

1203 2063 1307 2090 Sancti
1322 2063 1448 2090 Martini
1462 2063 1707 2091 Monasteriensis
1721 2066 1885 2099 praeposito
1899 2071 1927 2093 et
1938 2067 2112 2094 scholastico
2124 2076 2208 2095 man-

1203 2111 1253 2138 dat
1266 2114 1410 2145 quatenus
1427 2111 1551 2145 Majoris
1566 2112 1716 2139 Ecclesiae
1732 2121 1785 2139 nec
1799 2121 1856 2140 non
1870 2116 1898 2140 et
1918 2114 2093 2142 Sanctorum
2112 2117 2209 2150 Apos-

1203 2160 1330 2186 tolorum
1354 2159 1437 2186 Petri
1464 2163 1492 2186 et
1516 2160 1652 2187 Andreae
1675 2160 1950 2189 Padeburnensium
1978 2164 2157 2198 praepositos
2177 2167 2208 2192 et

1204 2207 1464 2234 Padeburnensem
1479 2208 1700 2241 scholasticum,
1713 2209 1763 2243 qui
1779 2209 1810 2235 in
1826 2211 1942 2243 negotio
1954 2210 2105 2247 L[udulfi],
2123 2220 2208 2247 prae-

1203 2256 1292 2290 positi
1308 2256 1344 2283 de
1358 2257 1539 2290 Repesboldt
1552 2258 1597 2288 (=
1614 2258 1796 2291 Reepsholt),
1809 2258 1883 2285 vitio
1896 2259 2040 2287 simoniae
2056 2261 2208 2294 infamati,

1204 2304 1358 2338 procedere
1377 2307 1552 2337 renuerant,
1569 2305 1606 2331 ad
1627 2313 1769 2339 expensas
1789 2306 1885 2332 eidem
1907 2307 1939 2334 L.
1957 2309 2112 2335 solvendas
2128 2318 2210 2336 com-

1204 2353 1318 2385 pellant
1333 2355 1361 2379 et
1380 2360 1397 2379 a
1415 2352 1633 2386 jurisdictione,
1655 2353 1679 2379 si
1701 2362 1789 2392 quam
1811 2354 1948 2387 habeant,
1968 2364 2116 2390 quousque
2136 2357 2210 2391 ipsis

1205 2408 1331 2434 aequum
1342 2400 1440 2427 visum
1454 2401 1553 2433 tuerit,
1568 2401 1749 2435 suspendant
1762 2409 1768 2433 ;
1786 2402 1843 2436 ipsi
1855 2403 1886 2428 in
1901 2403 2000 2430 eodem
2016 2405 2130 2438 negotio
2142 2414 2210 2439 pro-

1206 2448 1321 2475 cedant.
1342 2463 1374 2467 —
1395 2449 1481 2481 (Rae.
1499 2449 1543 2481 18,
1566 2451 1586 2476 f.
1606 2450 1656 2476 173
1673 2454 1718 2482 v⁰;
1736 2459 1805 2477 ann,
1823 2451 1866 2483 X,
1884 2460 1908 2478 e.
1926 2452 1991 2483 143;
2009 2467 2041 2470 —
2057 2454 2094 2479 cf.
2112 2460 2209 2487 supra,

1208 2499 1236 2522 n⁰
1249 2496 1342 2528 2621.)

1250 2609 1263 2623 α
1283 2619 1301 2625 ..
1320 2597 1445 2634 Major-is
1462 2599 1590 2627 Ecclesie
1605 2604 1631 2627 et
1649 2622 1667 2627 ..
1692 2599 1799 2628 Sancti
1812 2600 1942 2628 Martini
1963 2603 2124 2638 prepositis
2145 2607 2172 2631 et
2190 2625 2211 2630 ..

1207 2650 1363 2678 scolastico
1380 2650 1486 2679 Sancti
1508 2651 1638 2679 Martini
1656 2651 1951 2680 illonasleriensiztm.
1969 2653 2055 2682 Olim
2072 2653 2212 2684 dilectus

1209 2701 1298 2731 filius
1333 2725 1352 2730 ..
1389 2703 1479 2740 prior
1514 2703 1641 2732 ordinis
1677 2703 1817 2732 fratrum
1850 2705 2096 2735 predicatorum
2131 2707 2212 2736 Bre-

1210 2754 1375 2792 1nen[sis]‚
1399 2763 1551 2784 asserens
1576 2764 1610 2784 se
1633 2763 1669 2784 ac
1689 2778 1707 2783 ..
1728 2755 1887 2785 decanum
1907 2762 1936 2786 et
1958 2780 1976 2785 ..
2001 2758 2212 2788 scolasticum

1210 2806 1408 2836 Bremenses
1421 2816 1438 2837 a
1451 2807 1569 2837 dilecto
1583 2807 1650 2836 filio
1663 2812 1773 2836 nostro
1785 2808 1938 2846 Ojttonej.
1956 2810 2068 2839 Sancti
2082 2810 2212 2840 Nicolai

1209 2858 1245 2887 in
1261 2858 1400 2888 Carcere
1416 2859 1568 2889 Tulliano
1585 2859 1722 2889 diacono
1735 2860 1904 2896 cardinali,
1922 2866 1997 2890 tunc
2012 2862 2046 2890 in
2063 2863 2213 2900 partibus

1210 2909 1279 2940 illis
1301 2911 1488 2949 Apostolice
1513 2911 1607 2941 Sedis
1630 2911 1752 2949 legato.
1772 2913 1960 2943 visitatores
1983 2914 2017 2943 in
2038 2915 2214 2946 Bremensi

1211 2961 1336 2993 diocesi
1359 2964 1570 2994 constitutos.
1591 2964 1716 2993 inserto
1735 2964 1770 2993 in
1788 2964 1909 2994 litteris
1929 2966 2108 2997 cardinalis
2125 2968 2216 3007 ejus-
