2423 3487
202 296 254 326 199
916 289 1152 321 REGISTRES
1174 288 1229 318 DE
1251 282 1472 319 GREGomE
1498 289 1554 319 lx.
2222 291 2279 322 200

200 365 298 388 centas
314 368 436 389 marcas,
453 368 524 393 quas
542 359 578 389 ei,
598 359 633 385 ad
650 359 827 385 creditorum
847 357 1037 389 instantiam,
1056 356 1115 389 jam
1135 355 1198 388 ipse

199 418 273 443 papa
286 409 488 442 deputaverat,
505 407 540 433 de
555 407 719 433 redditibus
737 406 952 440 episcopalibus
969 405 1077 431 faciant
1093 403 1198 430 minis-

198 457 286 488 trari,
302 455 521 490 spiritualibus,
538 455 573 481 de
593 455 699 488 quibus
720 455 749 481 in
771 454 839 481 aliis
862 454 969 480 litteris
989 452 1025 479 ab
1046 453 1107 486 ipso
1123 459 1199 486 papa

199 506 235 532 ad
265 505 341 539 ipsos
365 504 485 530 directis
507 503 618 530 mentio
646 504 724 529 facta
749 511 805 529 non
834 504 942 534 fuerat,
971 500 1136 528 reservatis.
1166 514 1197 518 -—

199 554 285 584 (Rea.
300 552 333 580 18
350 555 369 579 f.
386 552 419 578 84
434 555 474 583 r⁰;
496 560 564 578 ann.
580 551 632 583 IX,
650 560 674 577 c.
691 550 760 583 282;
777 565 808 569 -
825 553 862 577 cf.
880 557 975 582 supra,
992 552 1021 575 n⁰
1036 548 1128 579 1291.)

241 667 253 680 ιι
275 677 293 682 ..
312 653 424 689 majori
438 653 572 681 Remensi
585 657 610 679 e!
622 652 662 685 J„
678 651 917 681 Calltalaunensi
932 646 1197 686 arclzidiczcon[is],

199 713 225 736 et
248 707 393 743 mayislrc
417 705 447 734 G.
473 705 506 732 de
525 704 687 738 Laudatio,
710 705 856 733 canonico
874 703 1021 732 ltemensi.
1046 700 1201 730 Exhibita

200 759 294 788 nobis
317 756 517 787 venerabilis
542 756 655 785 fratris
679 755 783 784 nostri
803 778 822 783 ..
844 753 1094 785 Cameracensis
1113 753 1201 790 epis-

200 811 271 849 copi
294 810 407 848 petitio
430 809 618 838 continebat
642 808 742 846 quod.
767 817 839 837 cum
860 807 956 840 olim,
981 806 1121 835 ecclesia.
1141 814 1201 835 sua

201 872 258 901 pro
274 862 466 893 defensione
480 861 643 891 libertatis
657 860 879 890 ecclesiastice
894 859 974 889 adeo
990 862 1123 896 gravata
1136 858 1201 887 eris

200 925 299 946 onere
318 915 430 949 alieni,
449 914 534 952 quod
551 922 615 943 non
633 918 741 951 posset
761 913 801 942 ab
819 922 856 942 eo
879 912 917 942 de
942 911 1031 941 facili
1053 911 1200 945 liberari,

203 979 277 1003 nos,
298 978 396 1007 super
416 968 477 997 hoc
497 967 561 996 sibi
583 971 611 997 et
635 967 698 1004 ipsi
725 966 862 996 ecclesie
883 965 1052 1003 cupientes
1075 964 1204 994 utiliter

202 1022 383 1061 providere,
402 1020 494 1049 vobis
508 1019 695 1049 dederimus
714 1019 835 1048 nostris
852 1018 972 1047 litteris
988 1018 1022 1046 in
1040 1016 1204 1046 mandatis

202 1080 248 1110 ut,
267 1078 443 1113 proventus
462 1072 663 1111 episcopales
681 1071 822 1101 fideliter
833 1071 1036 1108 colligentes,
1055 1079 1109 1100 eos
1123 1075 1205 1100 tam-

202 1128 259 1157 diu
278 1126 513 1157 converteretis
530 1126 563 1154 in
581 1125 777 1155 solutionem
795 1123 984 1162 hujusmodi
1006 1123 1203 1156 debitorum,

204 1181 305 1210 donec
323 1183 407 1209 esset
421 1178 537 1208 exinde
554 1177 773 1207 creditoribus
789 1177 1008 1210 satisfactum,
1027 1174 1206 1213 spirituali-

203 1233 265 1263 bus
281 1236 406 1262 tantum
424 1231 486 1261 sibi
504 1239 560 1269 pro
577 1230 817 1259 sustentatione
834 1238 894 1258 sua
910 1228 1044 1258 interim
1061 1236 1206 1257 reserva-

208 1286 249 1316 tis
267 1295 273 1314 z
294 1283 548 1322 suggerentibus
566 1283 697 1313 tandem
717 1282 811 1312 nobis
829 1281 1027 1321 quibusdam
1045 1280 1083 1310 de
1100 1280 1207 1310 eredi-

206 1338 333 1369 toribus
356 1337 449 1375 ipsis‚
468 1336 554 1375 quod
570 1336 657 1365 idem
680 1336 852 1373 episcopus
878 1339 1005 1364 tantum
1024 1334 1208 1372 perciperet

207 1392 246 1421 de
262 1390 474 1429 proventibus
493 1388 707 1427 supradictis,
728 1388 813 1426 quod
830 1388 868 1417 de
884 1387 1017 1417 residuo
1040 1387 1088 1416 eis
1109 1386 1208 1415 satis-

208 1444 280 1474 fieri
297 1452 361 1472 non
378 1442 517 1476 valebat,
537 1442 655 1471 iterato
673 1441 765 1470 vobis
782 1449 838 1478 per
855 1440 975 1478 scripta
992 1444 1102 1469 nostra
1119 1447 1208 1468 man-

209 1497 360 1526 davimus
377 1499 413 1525 ut
436 1495 474 1524 de
494 1495 576 1532 ipsis
592 1493 806 1532 proventibus
827 1493 986 1522 ducentas
1008 1500 1135 1521 marcas
1153 1491 1209 1521 dc-

209 1548 370 1587 putaretis
397 1547 514 1579 eidem,
543 1546 715 1576 residuum
739 1546 773 1575 in
801 1545 1000 1575 solutionem
1025 1544 1208 1575 debitorum

210 1603 337 1639 integre
361 1604 600 1630 convertentes.
626 1601 759 1629 Verum.
786 1598 864 1637 quia
887 1598 921 1627 in
942 1597 1062 1627 litteris
1088 1597 1127 1626 ad
1154 1605 1210 1626 vos

212 1654 355 1685 secundo
378 1654 523 1687 directis,
545 1653 582 1681 de
606 1651 847 1690 spiritualibus,
869 1660 931 1689 que
951 1650 1120 1689 sibijuxta
1143 1650 1211 1688 pri-

212 1716 298 1736 mam
322 1706 544 1745 provisionem
567 1709 711 1735 nostram
731 1708 897 1734 rosei-Sata
920 1704 1066 1733 fuerant.
1088 1702 1212 1732 mentio

213 1769 276 1791 non
294 1760 402 1793 fiebat,
419 1769 476 1788 vos
493 1763 522 1788 et
542 1758 720 1788 creditores
741 1757 896 1795 predicti,
917 1766 973 1795 pro
990 1765 1027 1786 eo
1044 1756 1129 1795 quod
1152 1755 1212 1785 du-

212 1813 318 1843 centis
341 1812 460 1841 marcis
484 1812 591 1849 ipsum
618 1811 891 1840 mandaveramus
915 1818 987 1839 csse
1008 1813 1210 1842 contentum,

212 1865 399 1904 spiritualia
413 1864 518 1893 eidem
537 1863 759 1893 intendebatis
776 1862 981 1891 subtrahere.
1000 1870 1035 1891 ac
1053 1871 1090 1891 ea
1106 1861 1213 1890 dictus

213 1918 385 1956 episcopus
409 1917 577 1953 resignare
602 1915 751 1945 nolebat:
776 1916 843 1952 [et]
867 1923 940 1943 cum
958 1914 1026 1952 jain
1046 1914 1214 1943 videretur

213 1969 391 2009 episcopali
408 1969 567 2007 dignitate
585 1969 743 2007 privatus.
762 1973 792 1997 et
809 1967 1067 2005 procurationes,
1086 1967 1213 1996 ratione

213 2023 415 2053 visitationis
432 2022 496 2051 silui
515 2022 637 2052 debite.
660 2030 695 2050 ac
718 2020 782 2050 alia
803 2020 989 2058 spiritualia
1007 2028 1143 2058 parvum
1159 2024 1215 2049 aut

214 2075 318 2105 nichil
347 2079 589 2105 accrescerent.
620 2074 794 2112 presertim
825 2082 897 2101 cum
929 2082 966 2102 ea
996 2071 1214 2101 creditoribus

214 2129 382 2167 percipere
412 2137 476 2157 non
503 2127 632 2157 licei-vt.
663 2127 833 2163 assignare
854 2125 1028 2164 jamdictas
1058 2124 1216 2153 ducentas

215 2190 341 2210 marcas
359 2181 483 2218 prefato
498 2180 649 2217 episcopo
665 2178 864 2215 denegastis.
881 2178 988 2214 Quare
1003 2177 1098 2206 nobis
1110 2176 1216 2205 humi-

216 2234 292 2264 liter
309 2233 504 2271 supplicavit
521 2237 566 2266 ut,
585 2242 657 2261 cum
675 2232 713 2261 de
737 2231 913 2269 sepe-lictis
929 2230 1080 2260 ducentis
1097 2230 1216 2259 marcis

217 2295 359 2323 congrue
378 2294 414 2314 ac
438 2285 574 2315 honeste
594 2289 733 2323 nequeat
751 2283 940 2313 sustentari.
959 2287 988 2313 et
1008 2287 1041 2311 ut
1061 2282 1217 2320 spiritua-

216 2339 305 2368 libus
322 2342 440 2373 careat,
457 2339 499 2367 sit
516 2338 700 2373 indignum.
715 2337 743 2366 ei
757 2346 855 2375 super
872 2336 930 2365 hoc
946 2336 1117 2374 providere
1133 2335 1217 2364 salu-

217 2391 321 2420 briter
337 2391 560 2427 dignaremur.
576 2389 715 2427 ldcoque
729 2389 923 2417 mandamus
935 2392 1109 2426 quatenus,
1124 2387 1151 2415 si
1167 2396 1217 2417 res

218 2444 264 2473 ita
289 2453 322 2473 se
350 2443 459 2477 habet,
486 2443 549 2480 ipsi
576 2442 743 2480 episcopo.
771 2441 1001 2479 spiritualibus
1028 2440 1216 2475 reservatis,

219 2500 407 2534 prenotatas
423 2496 580 2525 ducentas
600 2503 736 2528 marcas,
755 2504 835 2532 quas
851 2494 880 2523 ei
897 2493 937 2522 ad
952 2493 1151 2522 creditorum
1168 2493 1220 2521 in-

220 2549 375 2579 stantiam
415 2548 655 2586 deputavimus.
687 2547 724 2576 de
759 2546 941 2576 redditibus
979 2545 1220 2584 episcopalibus

221 2602 293 2631 sine
316 2600 508 2630 difficultate
532 2600 677 2638 qualibet
704 2599 835 2628 faciatis
862 2599 987 2633 intes-rre-
1013 2598 1218 2631 ministrat-ig

222 2654 478 2683 contradictores
496 2658 556 2682 etc.
575 2653 667 2689 Quod
683 2653 711 2681 si
728 2661 793 2680 non
814 2660 927 2681 enirn-s
946 2655 1006 2679 cte.
1022 2652 1094 2679 Dat.
1111 2651 1221 2679 Vin-fr-

220 2707 278 2741 bii,
297 2707 361 2737 XII
375 2706 532 2736 kalen-las
551 2706 745 2735 decembris.
765 2714 850 2734 anno
868 2714 964 2733 nono.
985 2716 997 2729 n

293 2884 409 2912 2836

259 2946 402 2980 Episcopo
418 2947 583 2979 Bajocensi.
601 2961 632 2964 ——
653 2946 758 2973 abbate
775 2945 944 2972 monasterii
966 2945 1067 2971 Sancti
1088 2946 1221 2973 Audoeni

701 2883 832 2915 Viterbe,
849 2882 882 2909 22
899 2881 1056 2908 novembre
1072 2883 1149 2910 1235.

1280 355 1526 388 Rothomagensis
1548 358 1695 382 asserente
1720 354 1796 388 quod
1822 363 1879 380 non
1905 354 2041 381 credebat
2070 357 2277 386 monasterium

1280 405 1388 438 ipsum,
1413 404 1443 430 in
1469 404 1572 430 multis
1591 402 1800 430 reformatione
1824 402 1976 435 indigens,
2001 403 2154 431 reformari
2177 404 2279 434 debere

1281 460 1331 486 per
1343 451 1479 479 abbatem
1491 452 1527 478 de
1540 452 1633 479 Becco
1646 454 1675 478 et
1685 451 1811 484 collegas
1824 451 1897 484 ejus,
1910 450 2016 484 quibus
2026 451 2158 479 visitatio
2169 461 2280 482 monas-

1281 501 1420 527 teriorum
1441 500 1553 527 ordinis
1569 500 1663 527 sancti
1680 499 1836 527 Benedicti
1854 500 2099 533 Rothomagensis
2114 501 2280 535 provinciae

1281 549 1457 582 generaliter
1472 557 1489 575 a
1505 549 1580 576 Sede
1593 549 1764 583 Apostolica
1774 548 1933 574 commissa
1948 549 2042 575 iuerat
2055 552 2074 582 ¹,
2093 557 2143 584 pro
2160 558 2192 577 eo
2206 551 2280 586 quod

1282 597 1379 624 dictus
1401 597 1490 624 abbas
1513 600 1541 623 et
1559 598 1634 624 alter
1655 597 1834 630 collegarum
1860 605 1977 624 suorum
2004 597 2179 625 favorabiles
2200 602 2281 628 erant

1283 646 1349 679 plus
1373 645 1472 672 debito
1495 645 1720 679 quampluribus
1741 645 1834 679 ipsius
1855 645 2028 672 monasterii
2048 646 2210 680 monachis,
2232 647 2281 682 qui

1283 693 1415 721 indebite
1438 693 1614 727 promotioni
1633 693 1726 727 ipsius
1745 693 1860 720 abbatis
1880 693 2056 721 obstiterant
2076 697 2105 722 et
2122 695 2250 723 nondum
2265 704 2282 724 a

1283 750 1335 768 sua
1350 742 1499 776 protervia
1514 742 1703 769 resiliverant
1713 742 1734 774 ²,
1747 756 1778 760 —
1792 742 1914 769 mandat
1928 746 2082 776 quatenus,
2099 751 2156 770 non
2169 743 2283 772 obstan-

1283 789 1362 817 tibus
1385 791 1494 817 litteris
1514 790 1684 825 apostolicis
1704 790 1826 817 directis
1846 791 1881 818 ad
1904 791 1971 818 illos
1993 791 2169 825 visitatores,
2189 792 2283 820 eidem

1285 839 1462 866 monasterio
1475 839 1604 866 officium
1620 839 1803 866 visitationis
1817 839 2004 874 impendens,
2020 840 2190 874 corrigenda
2203 843 2232 868 et
2243 849 2285 869 re-

1284 888 1439 914 formanda
1453 889 1578 921 corrigat
1592 890 1620 915 et
1634 890 1783 920 reformet,
1797 889 1907 916 faciens
1919 891 2030 916 statuta
2040 889 2185 923 regularia
2195 898 2285 925 nuper

1284 936 1393 970 abipso
1402 944 1478 970 papa
1487 934 1585 963 edita³
1596 936 1626 962 in
1639 936 1739 963 eodem
1752 937 1930 963 monasterio
1941 937 2099 964 observari.
2108 937 2285 972 —(Rm.18,

1286 986 1305 1011 i.
1321 985 1354 1011 84
1370 988 1409 1016 r⁰;
1426 992 1496 1011 ann.
1514 985 1566 1016 lx„
1584 993 1608 1011 c.
1623 984 1691 1016 283;
1709 1000 1740 1003 -
1758 985 1890 1013 Monimo
1902 985 1981 1018 1190,
1996 987 2016 1012 f.
2033 985 2107 1017 165.)

1329 1098 1341 1112 (ι
1363 1109 1381 1114 ,.
1399 1087 1533 1123 episcopo
1548 1086 1715 1123 BaJ'ocensi.
1733 1085 1888 1115 Exliibita
1904 1086 2000 1115 nobis
2021 1085 2131 1116 dilecti
2147 1104 2196 1116 —.
2214 1080 2286 1118 Dat'.

1286 1139 1442 1174 Viterbii,
1459 1140 1490 1169 X
1503 1138 1662 1169 kalendas
1678 1139 1874 1169 decembris.
1893 1148 1979 1169 anno
1997 1148 2093 1169 nono.
2111 1152 2123 1166 »

1360 1318 1475 1346 283⁶?
1774 1317 1908 1351 viterbo,
1924 1318 1958 1345 22
1972 1319 2130 1346 novembre
2142 1319 2220 1347 1235.

1325 1381 1468 1415 Episcopo
1484 1381 1653 1408 XVaciensi.
1671 1383 1699 1407 et
1715 1380 1866 1407 Bundensi
1878 1379 1887 1397 ⁴
1902 1382 1931 1407 et
1948 1380 2051 1408 Sancti
2064 1381 2193 1408 Thomae
2208 1389 2290 1416 prae-

1291 1430 1404 1464 positis,
1429 1429 1642 1463 Strigoniensis
1663 1432 1691 1456 et
1713 1429 1946 1463 Vesprimiensis
1962 1429 2154 1463 dioecesium,
2172 1429 2290 1458 mandat

1291 1481 1435 1512 quatenus
1459 1478 1616 1511 injungant
1641 1477 1740 1504 abbati
1764 1481 1791 1504 et
1814 1478 1974 1504 conventui
1998 1478 2167 1505 monasterii
2191 1478 2291 1506 Sancti

1291 1526 1417 1553 Martini
1438 1526 1474 1552 de
1494 1526 1650 1553 Pannonia
1671 1529 1698 1552 et
1721 1526 1852 1560 capitulo
1873 1526 2014 1553 ecclesiae
2035 1526 2188 1559 Albensis,
2207 1534 2292 1562 super

1292 1575 1468 1609 quibusdam
1485 1574 1610 1601 decimis
1625 1574 1823 1607 litigantibus,
1838 1578 1882 1607 ut,
1895 1574 1952 1601 nisi
1966 1575 2003 1601 ad
2016 1575 2165 1609 proximas
2177 1577 2292 1603 octavas

1294 1623 1513 1650 Purificationis
1544 1623 1644 1650 beatae
1673 1623 1808 1657 Virginis
1835 1631 1921 1657 super
1950 1623 2120 1657 quaestione
2146 1623 2294 1658 praedicta

1293 1671 1461 1698 amicabilis
1477 1672 1649 1705 compositio
1663 1672 1831 1705 provenerit
1847 1671 1925 1699 inter
1940 1675 2047 1706 parteS,
2064 1680 2114 1707 per
2129 1675 2293 1707 procurato-

1294 1729 1338 1746 res
1352 1729 1442 1754 usque
1456 1720 1491 1746 ad
1507 1721 1613 1747 festum
1632 1720 1866 1747 ltesurrectionis
1886 1720 2060 1748 Doiuinicae
2076 1721 2207 1755 proximo
2222 1728 2294 1748 ven-

1294 1773 1393 1796 turum
1414 1769 1573 1802 apostolico
1595 1778 1624 1795 se
1645 1769 1813 1802 conspectui
1834 1771 2064 1803 repraesentent.
2090 1783 2122 1787 —
2145 1769 2229 1802 (Rae.
2249 1768 2294 1802 18,

1296 1819 1315 1844 t'.
1337 1818 1370 1844 84
1387 1822 1431 1848 v¹';
1452 1826 1521 1843 aim.
1547 1817 1603 1849 1X,
1628 1826 1652 1843 c.
1669 1817 1736 1849 281ς
1758 1832 1788 1835 -
1803 1817 1936 1845 Mona-»tu
1955 1817 2034 1850 1190,
2054 1818 2073 1844 f.
2091 1817 2155 1850 166;
2173 1832 2204 1836 —-
2220 1818 2295 1845 Ροτ-

1294 1875 1388 1893 Tuasr
1403 1867 1513 1897 10051.)

1338 1979 1351 1993 α
1372 1990 1391 1995 ..
1410 1968 1543 2004 episcopo
1566 1968 1721 2001 lt'aciensi,
1740 1972 1765 1996 el
1784 1990 1803 1995 ..
1821 1967 1976 1996 thndensi
1993 1972 2018 1996 ct
2035 1989 2052 1995 ..
2072 1967 2178 1996 Sancti
2192 1967 2298 1996 Thome

1294 2021 1470 2057 prepositis.
1490 2020 1711 2056 Striyontensis
1727 2025 1751 2048 et
1773 2020 2000 2057 l'esprimiensis
2021 2019 2179 2048 dioccsum.
2199 2018 2298 2049 Grau?

1294 2072 1489 2111 jamdudum
1507 2073 1594 2101 inter
1610 2089 1655 2100 -.
1673 2073 1746 2101 Dat.
1766 2076 1799 2101 ut
1817 2081 1927 2110 supra.
1948 2084 1960 2097 n

1370 2251 1487 2278 2838
1785 2250 1917 2283 Viterbe,
1931 2250 1966 2278 26
1981 2249 2139 2278 novembre
2151 2249 2228 2277 1235.

1336 2313 1382 2345 P„
1399 2313 1548 2340 sacristae.
1564 2316 1589 2339 et
1603 2314 1649 2340 Β..
1663 2313 1846 2347 praecentori
1858 2313 2067 2346 Ilerdensibus,
2077 2321 2130 2340 nec
2143 2321 2199 2339 non
2211 2315 2239 2339 ct
2251 2311 2298 2344 B.,

1299 2361 1507 2388 archidiacono
1526 2361 1714 2394 Bere-acensi,
1734 2362 1891 2388 Ilerdensis
1907 2362 2061 2394 dioecesis,
2083 2359 2300 2388 consulentibus

1301 2410 1453 2444 respondet
1472 2410 1546 2443 quod
1564 2410 1703 2443 quosdam
1725 2411 1866 2437 ecclesiae
1885 2412 2011 2438 Sanctae
2026 2410 2140 2437 Mariae
2154 2410 2190 2436 de
2204 2409 2299 2442 Muro,

1301 2459 1413 2485 ordinis
1436 2459 1529 2485 ¹sancti
1556 2459 1732 2491 Augustini,
1758 2459 1940 2492 L'rgellensis
1960 2459 2115 2492 dioecesis,
2138 2459 2174 2486 ad
2195 2457 2300 2486 Sedem

1301 2508 1502 2542 Apostoliram
1518 2509 1599 2534 nullo
1618 2508 1714 2535 medio
1737 2509 1924 2542 pertinentis,
1944 2509 2110 2541 canonicos,
2122 2507 2182 2542 qui,
2194 2507 2301 2541 absque

1304 2557 1423 2583 lieentia
1438 2557 1596 2590 apostolica
1612 2557 1746 2583 habitum
1767 2558 2093 2584 Praemonstratensem
2110 2557 2300 2587 assumentes,

1303 2605 1402 2631 abbati
1421 2605 1497 2632 Belli
1517 2606 1617 2637 l‘odii,
1640 2606 1943 2633 Praemonstratensis
1963 2605 2087 2638 ordinis,
2103 2603 2300 2632 obedientiam

1304 2655 1443 2685 set-erant,
1458 2654 1631 2680 denuntient
1649 2662 1698 2688 per
1712 2655 1801 2680 talem
1816 2654 2015 2681 obedientiam
2030 2654 2302 2681 Praemonstraten-

1303 2702 1383 2728 sibus
1403 2702 1592 2735 aliquatenus
1611 2711 1667 2728 non
1689 2702 1794 2735 teneri,
1811 2703 1911 2736 eisquc
1925 2702 2046 2729 mandat
2062 2704 2204 2736 quatenus
2220 2707 2303 2735 prae-

1336 2822 1357 2845 i.
1375 2822 1419 2848 Cf„
1431 2830 1527 2851 supra,
1545 2827 1571 2845 n⁰
1587 2823 1656 2847 2558.

1334 2866 1356 2890 2¹.
1375 2866 1414 2890 Cf.
1432 2874 1527 2896 supra,
1545 2872 1572 2890 11⁰
1588 2867 1657 2891 2551.

1335 2910 1356 2934 3.
1374 2910 1414 2934 Cf.
1432 2918 1527 2940 supra,
1545 2916 1572 2934 η’*
1588 2911 1657 2935 2549.

1335 2954 1356 2977 Ji.
1375 2955 1518 2978 Portnasr
1534 2962 1539 2978 :
1557 2956 1692 2979 endensi.
