2423 3487
148 275 220 302 ωε»
867 270 1102 300 REGISTRES
1126 268 1180 297 DE
1204 261 1425 301 GREGOIRE
1450 270 1507 299 tx.
2162 269 2235 299 1260

146 340 288 369 Ecclesia¹
306 348 402 376 quam
421 338 578 373 leserunt,
603 347 660 366 nec
687 346 750 366 non
777 342 807 365 ot
829 337 964 374 prefatis
986 335 1144 364 fratribus

144 397 169 420 ct
190 390 599 428 capellanis,d11*irrogatis
616 388 1098 427 injuriisplenariesatisfacto.
1115 390 1144 415 et

144 444 319 472 sufficienti
338 443 376 471 ab
394 443 441 472 eis
454 447 482 471 ct
496 442 611 471 idonea
631 442 782 470 cautione
799 445 939 478 recepta,
955 439 1039 477 quod
1055 438 1144 467 simi—

142 496 185 524 lia
208 496 245 525 tle
264 501 370 524 cetero
392 504 454 524 non
479 499 665 532 presument
687 499 714 523 et
738 494 777 522 al·
795 493 1008 522 ecclesiarum
1026 501 1061 520 ac
1079 491 1144 520 cle-

142 549 282 577 ricorum
298 548 430 585 injuriis
445 547 668 577 abstinebunt.
686 546 822 584 profluis
837 544 1139 577 excommunicatis,

142 600 206 628 hiis
223 600 388 628 dumtaxat
407 599 548 636 exceptis
565 599 632 636 qui.
649 598 792 635 suspecti
809 598 846 627 de
865 597 985 631 heresi,
1005 606 1039 625 se
1056 596 1143 624 indi-

141 662 221 688 gnos
239 652 426 690 hujusmodi
448 652 553 688 gratia
572 651 794 685 reddiderunt,
813 651 905 688 juxta
926 650 1063 679 formam
1083 649 1142 677 Ec-

140 704 458 739 clesic,hemeah-ium
480 703 697 733 absolutionis
718 703 903 740 impendas,
927 702 1075 739 injuncta
1095 701 1142 730 eis

143 767 197 795 pro
216 757 308 785 modo
327 757 418 795 culpe
438 756 620 794 penitentia
636 755 785 784 salutari.
805 756 876 784 Dat.
898 760 1056 792 utsupra.
1078 767 1089 779 υ

210 954 330 982 47⁷5

175 1016 400 1049 inquisitoribus
414 1024 499 1049 super
514 1015 625 1041 haeresi
643 1015 671 1041 in
695 1015 827 1049 partibus
845 1014 1018 1041 Tliolosanis
1034 1023 1049 1040 a
1068 1014 1142 1040 Sede

137 1065 306 1098 Apostolira
319 1064 467 1097 deputatis
484 1064 631 1095 significat
649 1073 678 1089 sc
695 1064 770 1089 velle
787 1066 818 1089 ut
835 1071 924 1096 usquc
939 1063 975 1089 ad
992 1071 1041 1088 sex
1059 1071 1140 1088 inen-

712 954 831 981 Latran,
849 953 881 979 18
896 953 953 979 mai
969 951 1069 987 [1238]

137 1121 205 1138 sesa
222 1112 419 1145 praesentium
437 1112 602 1146 receptione
617 1112 804 1145 inquisitioni
822 1111 1059 1145 supersfflteatur;
1076 1112 1140 1137 liae-

137 1161 240 1187 rcticos
255 1163 282 1187 et
298 1163 446 1194 suspectos
458 1161 505 1194 qui
521 1161 555 1186 ad
573 1160 744 1186 mandatum
764 1160 912 1186 Ecclesiae
927 1163 1029 1193 sponte
1046 1159 1140 1185 redire

136 1209 294 1240 voluerint,
311 1209 364 1235 sub
381 1209 554 1242 quibusdam
574 1209 797 1235 condicionibus
817 1209 852 1234 ad
874 1209 1019 1234 unitatum
1040 1208 1140 1234 Eccle-

135 1257 194 1283 siae
210 1257 382 1287 admittant,
405 1257 553 1283 habilibus
574 1257 608 1283 ad
631 1257 785 1282 servitium
804 1257 909 1282 Terrae
928 1258 1054 1282 Sanctae
1071 1264 1139 1281 con—

135 1314 214 1332 cessa
231 1306 352 1332 licentia
368 1306 538 1331 transeundi
558 1314 622 1331 oum
643 1304 831 1339 [liaymunslo
848 1303 1139 1338 V11],1·‹›111it‹:·T110-

135 1355 243 1385 losano,
258 1354 286 1379 in
298 1354 430 1387 proximo
444 1354 572 1387 generali
588 1354 745 1387 passagio&
761 1368 790 1371 —
802 1354 887 1385 (lino.
900 1353 942 1384 19,
960 1354 977 1379 l'.
993 1351 1138 1387 82[76]1=⁰;

132 1406 189 1434 post
206 1411 275 1428 ann.
294 1403 360 1431 xli,
379 1412 403 1428 c.
424 1403 466 1428 131
481 1404 508 1433 ¹.)

175 1516 186 1529 ι(
207 1508 225 1527 ÷¹÷
243 1504 478 1540 liiqui.s‘itorilms
498 1512 588 1540 super
611 1504 740 1531 heretica
767 1504 920 1540 pravitate
947 1504 976 1530 in
1000 1504 1139 1539 partibus

135 1558 287 1585 Tolosanis
310 1566 326 1585 a
352 1557 422 1585 Sede
443 1557 608 1593 :lposlolica
630 1557 792 1592 depalatis
817 1555 1014 1593 Plerumque
1039 1555 1139 1584 dissi-

133 1609 289 1638 mulanda
305 1613 381 1637 sunt
401 1609 550 1646 quedam,
573 1612 603 1637 et
623 1608 661 1637 ad
682 1612 820 1645 tempus,
840 1617 896 1645 pro
914 1607 1042 1637 malitia
1061 1613 1136 1637 tem-

132 1662 233 1699 poris,
251 1661 480 1690 coniventibus
496 1661 600 1690 oculis
623 1660 801 1695 toleranda,
825 1670 887 1699 que
909 1665 1047 1698 possunt
1068 1670 1138 1690 ma-

135 1713 250 1742 teriam
267 1712 412 1742 scandali
430 1713 599 1741 suscitare.
620 1712 711 1742 Licet
729 1712 830 1747 iggitur
846 1716 959 1741 contra
973 1712 1137 1742 hereticos

134 1771 164 1795 et
178 1770 346 1803 suspectos
363 1766 615 1803 inquisitionem
632 1765 822 1794 duna-imus
835 1765 1104 1794 committendam
1113 1766 1133 1801 ³,

134 1824 302 1856 sperantes
321 1823 427 1847 tamen
455 1818 539 1856 quod
562 1822 710 1847 errantes
731 1827 787 1856 per
810 1818 1027 1855 benignitatis
1045 1827 1136 1847 man-

133 1871 341 1900 suetudinem
359 1871 398 1899 ab
415 1880 524 1900 errore
541 1871 680 1900 «teneant
698 1871 831 1900 facilins
854 1871 1013 1905 revocari,
1033 1880 1136 1909 usque

133 1923 172 1951 ad
200 1932 253 1952 sex
282 1932 412 1952 menses
438 1932 456 1952 a
483 1923 669 1960 receptione
692 1923 897 1960 presentium
923 1923 1137 1961 inquisitioni

133 1976 366 2014 supersedero⁴
390 1976 539 2005 volumus
564 1976 724 2009 faciende,
752 1976 890 2014 relapsis
914 1977 1083 2006 dumtaxat
1106 1981 1137 2006 et

133 2029 301 2057 infamatis
328 2029 485 2066 exceptis,
519 2034 632 2057 contra
661 2038 742 2067 quos
771 2029 901 2067 procedi
925 2029 1076 2059 volumus
1106 2034 1137 2058 et

132 2082 340 2110 mandamus.
371 2081 403 2109 in
437 2090 473 2110 ea
499 2081 592 2119 juxta
619 2082 757 2110 formam
781 2082 873 2111 vobis
902 2082 1054 2111 traditam
1085 2082 1136 2110 ni·-

133 2134 331 2163 chilominus
358 2134 562 2171 processuri,
591 2134 678 2163 infra
701 2136 802 2172 quos-‘⁶
826 2134 854 2163 si
879 2135 935 2172 qui
962 2140 1036 2165 ante
1063 2144 1136 2163 con-

133 2187 395 2224 dempnationem
435 2196 492 2217 scu
532 2187 788 2224 publicationem
826 2187 1056 2225 inquisitionis
1097 2188 1136 2216 ad

168 2313 187 2335 1.
205 2312 242 2334 En
264 2312 357 2341 regau-11
377 2316 402 2335 ct
419 2319 452 2334 en
473 2313 527 2335 tete
545 2312 577 2335 tle
599 2316 669 2335 cette
692 2312 767 2342 picco
784 2316 809 2335 et
831 2312 864 2335 de
885 2313 909 2335 la
929 2313 1066 2342 suivante,
1084 2320 1136 2343 que

135 2363 204 2379 nous
221 2357 322 2379 taisons
345 2356 475 2386 precedet*
492 2356 555 2379 d'un
571 2356 724 2386 asterisque
740 2357 784 2386 (*),
805 2364 839 2379 on
857 2363 1010 2386 remarque,
1028 2357 1096 2380 dans
1112 2358 1136 2379 13

135 2408 225 2430 margo
245 2401 411 2429 exterieure,
434 2408 471 2423 un
493 2398 513 2423 ’ἦ
533 2400 674 2423 sui-monte
696 2401 758 2423 d'un
782 2401 845 2423 trait
868 2401 1034 2428 horizontal,
1059 2401 1137 2430 cqui-

134 2445 223 2467 valent
239 2445 272 2467 de
289 2452 359 2472 usui,-
381 2451 410 2467 ee
426 2445 471 2474 qui
489 2445 590 2467 semble
608 2445 669 2467 bien
686 2444 814 2474 indiquer
829 2451 882 2474 que
898 2452 943 2468 ces
960 2444 1032 2467 deux
1050 2446 1136 2468 bulles

133 2493 230 2512 auront
253 2489 293 2512 etc
313 2489 390 2518 apres
409 2496 479 2519 coup
495 2489 640 2515 annulees·,
666 2489 680 2511 {a
698 2492 777 2512 noter
795 2489 926 2512 toutefois
945 2490 1080 2512 l'absence
1100 2490 1135 2512 du

131 2533 207 2562 signe
221 2533 358 2555 ordinaire
371 2532 572 2555 d'annulation:
588 2541 599 2554 ’.ι
613 2535 715 2555 va—cat.
732 2540 743 2554 υ
754 2545 783 2549 ·-
794 2532 830 2556 La
840 2532 967 2562 presente
984 2533 1060 2562 piece
1077 2533 1136 2556 4775

131 2581 170 2599 est
184 2577 320 2599 d'ailleurs
332 2576 346 2598 it
363 2576 528 2605 rapprocher
540 2576 575 2599 du
592 2576 630 2605 §3
649 2576 682 2599 de
697 2579 775 2599 notre
789 2576 865 2606 pioce
878 2577 947 2603 4758,
961 2577 1049 2606 lequel
1067 2576 1135 2599 n'cst

131 2628 177 2651 pas
194 2620 309 2651 precede
326 2621 358 2643 de
374 2628 403 2643 ce
420 2621 497 2650 signe
510 2617 540 2645 ἦ.

160 2665 182 2688 ῗ,
199 2664 277 2687 Piece
293 2664 369 2687 cotee
389 2671 436 2694 par
452 2671 554 2693 erreur,
571 2665 638 2687 dans
656 2665 679 2687 le
698 2666 832 2693 Reyislre,
850 2664 1058 2688 COOOXXVII.

161 2710 181 2732 3.
201 2709 219 2732 ll
236 2709 292 2731 faut
303 2716 365 2731 sans
378 2708 460 2731 doute
478 2709 688 2732 sous-entendre
706 2709 739 2732 ici
755 2716 766 2730 «
781 2709 895 2735 vobis»,
913 2715 1018 2731 comme
1034 2718 1044 2729 a
1059 2715 1106 2731 vos
1121 2718 1131 2728 »

131 2754 261 2783 quelques
278 2753 364 2781 lignes
380 2753 439 2781 plus
457 2753 523 2775 loin.

161 2797 182 2820 4.
199 2796 217 2819 11
233 2797 290 2819 faut
306 2803 367 2819 sans
384 2796 466 2819 doute
483 2796 694 2819 sous-entendre
711 2797 745 2819 ici
763 2804 773 2817 α
791 2803 840 2819 vos
854 2802 882 2823 »;
902 2796 934 2819 cs.
952 2796 977 2818 la
994 2799 1058 2819 noto
1073 2796 1131 2825 pre-

131 2841 253 2863 cedente.

161 2885 182 2906 ὃ.
205 2884 409 2906 Sous-entendu
429 2891 433 2906 :
454 2886 588 2906 hereticus
610 2887 633 2906 el
657 2886 811 2912 suspecz0S‚
828 2887 853 2906 ct
870 2890 924 2906 non
943 2890 947 2906 :
966 2885 1090 2912 relapsos
1109 2886 1131 2906 el

133 2930 294 2957 infamatos.

1228 334 1418 364 mandatum
1445 335 1591 365 Ecclesie
1618 340 1732 373 sponte
1759 335 1924 364 voluerint
1947 344 2020 365 cum
2046 335 2235 364 humilitate

1227 386 1345 420 redire,
1365 391 1395 416 et
1412 392 1585 425 postquam
1602 396 1734 417 omnem
1748 387 1892 417 heresim
1910 387 1944 416 in
1961 391 2137 425 conspectu
2155 387 2235 416 mul—

1227 442 1333 468 torum
1352 439 1481 476 publice
1500 439 1694 477 abjurarint,
1725 444 1755 469 et
1776 444 1840 469 tam
1867 440 1904 469 de
1927 449 1961 469 se
1981 440 2062 478 ipsis
2082 448 2180 478 quam
2197 439 2235 469 de

1226 490 1301 522 aliis
1318 491 1448 528 plenam
1468 492 1611 521 dixerint
1630 492 1813 527 veritatem,
1837 497 1966 530 recepta
1985 497 2094 530 preter
2108 492 2235 530 jurato-

1227 543 1308 572 riam
1331 544 1509 573 sufficienti
1530 544 1570 573 ab
1589 545 1637 574 eis
1659 549 1689 574 et
1712 544 1831 574 idonea
1857 545 2010 575 cautione
2032 545 2070 575 de
2092 544 2235 583 parendo

1226 596 1352 632 precise
1369 597 1534 626 mandatis
1552 597 1698 627 Ecclesie
1716 602 1746 627 et
1763 597 1849 635 quod
1866 598 1904 627 dc
1921 602 2028 628 cetero
2044 606 2107 627 non
2125 597 2235 627 laben-

1226 654 1278 678 tur
1293 649 1327 678 in
1345 649 1466 684 simile,
1481 650 1537 679 sed
1549 650 1713 680 hereticos
1730 660 1855 685 omnes,
1871 651 2063 681 defensores
2081 655 2111 680 et
2128 660 2235 689 recep-

1227 706 1346 732 tatores
1357 711 1469 731 eorum
1485 711 1541 740 pro
1560 702 1687 732 viribus
1702 709 1953 742 prosequentur,
1974 704 2074 741 ipsos,
2091 703 2234 741 exceptis

1225 754 1377 792 relapsis,
1399 755 1438 784 ad
1456 755 1618 785 unitatem
1638 756 1784 786 Ecclesie
1800 757 2060 787 misericorditer
2079 756 2233 786 admitta-

1226 808 1277 844 tis,
1297 808 1447 846 injuncta
1470 809 1518 838 cis
1540 818 1597 846 pro
1616 809 1711 839 modo
1730 809 1838 847 culpe,
1863 814 1971 847 preter
1995 809 2143 847 pericula
2162 818 2233 839 cor-

1224 869 1356 898 porum,
1382 861 1679 891 incarcerationem
1708 866 1739 892 et
1762 862 2032 892 confiscationem
2059 862 2231 895 bonorum,

1225 913 1408 950 penitentia
1434 913 1582 943 salutari.
1612 914 1646 944 Si
1675 923 1750 944 vero
1778 914 1904 944 fuerint
1934 915 2021 945 inter
2047 924 2101 945 eos
2129 914 2233 953 aliqui

1224 966 1352 996 strenui
1375 970 1405 995 et
1434 965 1562 996 habiles
1588 966 1627 996 ad
1649 967 1823 997 servitium
1851 968 1949 997 Terre
1976 968 2104 1004 Sancte,
2127 972 2234 997 trans-

1224 1018 1323 1049 eundi
1345 1027 1418 1047 cum
1445 1019 1547 1048 nobili
1568 1019 1636 1048 viro
1662 1043 1681 1048 ..
1707 1020 1825 1049 comite
1846 1020 2008 1050 Tolosano
2027 1020 2061 1049 in
2086 1020 2234 1058 proximo

1224 1070 1371 1107 generali
1393 1072 1557 1109 passagio,
1576 1072 1646 1101 loco
1667 1072 1816 1111 injuncte
1834 1073 1899 1102 sibi
1919 1073 2113 1110 penitentie,
2138 1073 2232 1112 ipsis,

1224 1124 1401 1153 moraturis
1418 1124 1541 1153 ibidem
1559 1124 1596 1153 ad
1615 1125 1791 1154 arbitrium
1807 1125 2008 1163 prelatorum
2026 1135 2173 1161 suorum,
2193 1126 2235 1155 li-

1223 1177 1364 1207 centiam
1386 1177 1586 1207 concedatis.
1606 1178 1678 1207 Dat.
1697 1183 1858 1216 utsupra.
1879 1191 1891 1204 »

1291 1362 1408 1389 47⁵7ss

1256 1424 1387 1456 Eisdem,
1399 1439 1430 1442 —
1443 1425 1492 1458 qui
1505 1428 1605 1452 contra
1616 1427 1773 1453 nonnullos
1784 1435 1817 1453 ex
1832 1427 1946 1454 nuntiis
1958 1426 2143 1462 [Raymundi
2153 1427 2232 1463 VII],

1220 1472 1338 1499 comitis
1362 1473 1532 1504 Tholosani,
1556 1474 1780 1507 inquisitionem
1806 1476 1947 1507 fecerant,
1965 1478 1993 1502 et
2009 1485 2055 1502 eos
2076 1479 2230 1510 postquam

1219 1521 1255 1548 ad
1274 1521 1379 1548 Sedent
1393 1522 1594 1555 Apostolicam
1611 1527 1805 1556 accesserant,
1819 1524 1995 1551 dicebantur
2008 1525 2231 1558 condemnasse,

1220 1585 1251 1588 —-
1270 1571 1391 1597 mandat
1408 1573 1563 1604 quatenus,
1579 1571 1602 1598 si
1620 1572 1669 1605 qui
1687 1572 1798 1599 suerint
1814 1572 1892 1599 inter
1906 1573 1972 1599 illos
1991 1574 2104 1600 habiles
2118 1574 2155 1600 ad
2171 1582 2232 1600 ser-

1219 1619 1328 1645 vitium
1345 1619 1452 1645 Terrae
1469 1621 1607 1652 Sanctae,
1625 1620 1676 1652 eis,
1694 1621 1748 1647 sub
1763 1621 1939 1654 quibusdam
1958 1622 2182 1649 condicionibus
2194 1622 2230 1649 ad

1219 1668 1364 1694 unitatem
1388 1668 1537 1695 Ecclesiae
1560 1669 1709 1700 admissis,
1734 1670 1906 1696 transeundi
1929 1679 1994 1696 cuin
2014 1671 2163 1704 praedicto
2184 1680 2233 1698 co-

1220 1716 1291 1742 mite
1315 1716 1345 1742 in
1369 1716 1503 1750 proximo
1524 1717 1652 1750 generali
1671 1717 1803 1751 passagio
1820 1718 1971 1745 licentiam
1990 1719 2180 1746 concedant'.
2199 1735 2230 1738 —

1219 1765 1305 1795 (Hm.
1321 1764 1365 1791 19.
1382 1766 1401 1791 f.
1419 1764 1451 1791 82
1469 1763 1524 1799 [76]
1542 1768 1584 1797 νος
1601 1769 1659 1797 post
1675 1774 1744 1792 ann.
1761 1766 1828 1798 XII,
1844 1775 1867 1793 c.
1887 1767 1978 1798 4322.)

1795 1363 1928 1399 [Latran,
1946 1365 1979 1391 18
1995 1365 2053 1392 mai
2070 1364 2162 1400 1238]

1261 1878 1273 1891 (ι
1292 1864 1453 1894 *Eisdem
1479 1865 1610 1896 Nobilis
1631 1866 1680 1895 vir
1701 1889 1720 1895 ..
1740 1875 1849 1896 comes
1865 1867 2048 1898 Tolosanus
2067 1869 2162 1898 nobis
2186 1869 2232 1898 si-

1219 1918 1377 1955 gnificare
1401 1919 1529 1948 curavit
1546 1919 1643 1957 quod,
1670 1924 1845 1958 postquam
1862 1921 1973 1950 nuntii
1988 1922 2039 1951 sui
2057 1922 2096 1951 ad
2114 1923 2231 1953 Sedem

1219 1971 1441 2009 Apostolicam
1459 1976 1682 2007 accesserunt,
1702 1973 1880 2003 nonnullos
1893 1983 1930 2003 ex
1945 1974 2003 2010 eis,
2023 1979 2137 2004 contra
2150 1985 2231 2014 quos

1219 2024 1473 2062 inquisitionem
1492 2025 1687 2055 auctoritate
1705 2029 1818 2055 nostra
1831 2026 1970 2061 fecistis,
1990 2027 2141 2057 dicimini
2158 2037 2232 2058 con—

1219 2077 1426 2115 dempnasse.
1453 2078 1610 2108 Volentes
1632 2078 1736 2116 igitur
1758 2079 2019 2110 misericorditer
2041 2090 2138 2118 agere
2157 2077 2230 2111 cum

1219 2130 1354 2165 eisdem,
1379 2131 1575 2160 mandamus
1592 2136 1768 2169 quatenus,
1789 2132 1818 2161 si
1835 2132 1892 2170 qui
1910 2133 2034 2162 suerint
2050 2134 2138 2164 inter
2156 2134 2231 2165 illos

1219 2183 1347 2212 strenui
1362 2187 1392 2213 et
1407 2183 1536 2213 habiles
1553 2184 1592 2213 ad
1607 2184 1781 2213 servitium
1795 2185 1894 2214 Terre
1910 2185 2038 2222 Sancte,
2057 2191 2229 2226 postquam

1219 2244 1349 2265 omnem
1366 2236 1511 2266 heresim
1531 2237 1565 2265 in
1592 2242 1770 2275 conspectu
1787 2237 1965 2267 multorum
1985 2238 2116 2276 publice
2136 2240 2230 2278 abju-

1219 2288 1335 2324 rarint,
1363 2293 1394 2318 et
1418 2293 1482 2318 tam
1508 2289 1546 2319 de
1574 2299 1608 2319 se
1634 2290 1716 2328 ipsis
1741 2294 1815 2325 etc.,
1844 2295 1878 2320 ut
1902 2300 2012 2329 supra,
2038 2301 2143 2331 usque
2163 2303 2169 2322 :
2190 2293 2229 2322 ad

1220 2341 1381 2370 unitatem
1407 2341 1553 2372 Ecclesie
1581 2343 1842 2373 misericorditer
1864 2343 2086 2380 admittentes
2123 2350 2229 2375 trans-

1219 2393 1319 2422 eundi
1350 2403 1423 2423 cum
1454 2395 1568 2425 eodem
1597 2397 1715 2425 comite
1746 2399 1820 2431 etc.‚
1847 2401 1884 2426 ut
1912 2405 2025 2434 supra,
2061 2406 2165 2436 usque
2194 2399 2229 2428 in

1219 2446 1330 2475 linem.
1352 2459 1363 2473 »

1288 2624 1404 2651 472?
1813 2627 1933 2659 Latran,
1952 2628 1984 2654 13
2001 2629 2060 2655 mai
2078 2629 2156 2656 1238.

1254 2687 1451 2719 h'aymundus
1468 2687 1624 2720 Bernardi,
1647 2688 1725 2722 prior
1742 2688 1778 2715 de
1799 2689 1915 2721 Mauso,
1936 2689 2073 2717 omnibus
2092 2690 2230 2717 fidellbus

1251 2799 1270 2823 1.
1292 2799 1330 2822 En
1354 2800 1450 2829 regard
1470 2804 1495 2823 et
1518 2807 1551 2823 en
1573 2802 1627 2824 tete
1648 2802 1681 2824 de
1700 2805 1770 2825 cette
1793 2802 1878 2832 piceo,
1902 2809 2006 2826 comme
2027 2810 2060 2826 en
2085 2804 2180 2833 regard
2202 2808 2228 2828 et

1217 2849 1250 2865 en
1267 2843 1320 2866 tete
1337 2843 1369 2866 de
1387 2844 1411 2866 la
1427 2844 1601 2874 precedente,
1617 2852 1652 2868 on
1664 2852 1816 2875 remarque,
1832 2846 1899 2869 dans
1913 2846 1937 2869 13
1954 2853 2045 2876 mai-ge
2061 2848 2228 2878 exterieure,

1218 2893 1253 2908 un
1267 2884 1288 2910 72
1307 2887 1448 2911 sui-monte
1465 2888 1528 2911 d'un
1545 2889 1607 2912 trait
1620 2889 1784 2918 horizontal,
1800 2892 1881 2919 ayant
1896 2890 1922 2912 la
1933 2890 2019 2913 meme
2031 2891 2227 2921 signification.

1247 2930 1268 2952 ⁴2.
1288 2930 1367 2954 Pii-ce
1383 2931 1460 2954 cotee
1478 2939 1525 2961 par
1541 2939 1644 2960 erreur,
1664 2933 1731 2956 dans
1749 2933 1773 2956 le
1789 2935 1921 2962 Regisere,
1939 2933 2161 2958 CCCCXXVIH.
