<?xml version="1.0" encoding="UTF-8"?>
<!DOCTYPE html PUBLIC "-//W3C//DTD XHTML 1.0 Transitional//EN"
    "http://www.w3.org/TR/xhtml1/DTD/xhtml1-transitional.dtd">
<html xmlns="http://www.w3.org/1999/xhtml" xml:lang="en" lang="en">
 <head>
  <title>
</title>
<meta http-equiv="Content-Type" content="text/html;charset=utf-8" />
  <meta name='ocr-system' content='tesseract 3.04.00' />
  <meta name='ocr-capabilities' content='ocr_page ocr_carea ocr_par ocr_line ocrx_word'/>
</head>
<body>
  <div class='ocr_page' id='page_1' title='image "./lesregistresdale02cathuoft_0553.png"; bbox 0 0 2519 3518; ppageno 0'>
   <div class='ocr_carea' id='block_1_1' title="bbox 194 266 2283 310">
    <p class='ocr_par' dir='ltr' id='par_1_1' title="bbox 194 266 2283 310">
     <span class='ocr_line' id='line_1_1' title="bbox 194 266 2283 310; baseline 0 -8"><span class='ocrx_word' id='word_1_1' title='bbox 194 272 251 302; x_wconf 75' lang='lat'>997</span> <span class='ocrx_word' id='word_1_2' title='bbox 1038 266 1260 304; x_wconf 66' lang='lat' dir='ltr'>normann</span> <span class='ocrx_word' id='word_1_3' title='bbox 1282 266 1440 303; x_wconf 70' lang='lat' dir='ltr'>ANNEE.</span> <span class='ocrx_word' id='word_1_4' title='bbox 2224 281 2283 310; x_wconf 73' lang='lat'>993</span> 
     </span>
    </p>
   </div>
   <div class='ocr_carea' id='block_1_2' title="bbox 188 338 1194 474">
    <p class='ocr_par' dir='ltr' id='par_1_2' title="bbox 188 338 1194 474">
     <span class='ocr_line' id='line_1_2' title="bbox 190 338 1192 378; baseline 0 -10"><span class='ocrx_word' id='word_1_5' title='bbox 190 338 373 369; x_wconf 80' lang='lat' dir='ltr'>Fossabandi</span> <span class='ocrx_word' id='word_1_6' title='bbox 395 341 536 378; x_wconf 83' lang='lat' dir='ltr'>Pisan[i],</span> <span class='ocrx_word' id='word_1_7' title='bbox 563 341 682 370; x_wconf 81' lang='lat' dir='ltr'><em>ordinis</em></span> <span class='ocrx_word' id='word_1_8' title='bbox 707 341 806 370; x_wconf 83' lang='lat' dir='ltr'>sancti</span> <span class='ocrx_word' id='word_1_9' title='bbox 827 341 1006 378; x_wconf 66' lang='lat' dir='ltr'>Auyuslini.</span> <span class='ocrx_word' id='word_1_10' title='bbox 1029 340 1111 371; x_wconf 92' lang='lat' dir='ltr'>Cum</span> <span class='ocrx_word' id='word_1_11' title='bbox 1136 347 1192 369; x_wconf 79' lang='lat' dir='ltr'>vos</span> 
     </span>
     <span class='ocr_line' id='line_1_3' title="bbox 189 391 1194 429; baseline 0.001 -9"><span class='ocrx_word' id='word_1_12' title='bbox 189 391 278 429; x_wconf 87' lang='lat' dir='ltr'>ipsas</span> <span class='ocrx_word' id='word_1_13' title='bbox 296 408 344 421; x_wconf 93' lang='lat'>—.</span> <span class='ocrx_word' id='word_1_14' title='bbox 363 392 434 422; x_wconf 86' lang='lat' dir='ltr'>Dat.</span> <span class='ocrx_word' id='word_1_15' title='bbox 455 393 622 428; x_wconf 80' lang='lat' dir='ltr'>Laterani,</span> <span class='ocrx_word' id='word_1_16' title='bbox 642 393 672 423; x_wconf 90' lang='lat'>11</span> <span class='ocrx_word' id='word_1_17' title='bbox 688 392 848 422; x_wconf 84' lang='lat' dir='ltr'>kalendas</span> <span class='ocrx_word' id='word_1_18' title='bbox 863 393 952 429; x_wconf 83' lang='lat' dir='ltr'>maii,</span> <span class='ocrx_word' id='word_1_19' title='bbox 971 402 1056 422; x_wconf 87' lang='lat' dir='ltr'>anno</span> <span class='ocrx_word' id='word_1_20' title='bbox 1072 392 1194 422; x_wconf 87' lang='lat' dir='ltr'>dnode—</span> 
     </span>
     <span class='ocr_line' id='line_1_4' title="bbox 188 452 318 474; baseline 0.015 -2"><span class='ocrx_word' id='word_1_21' title='bbox 188 452 285 474; x_wconf 81' lang='lat' dir='ltr'>cxmo.</span> <span class='ocrx_word' id='word_1_22' title='bbox 305 456 318 470; x_wconf 74' lang='lat' dir='ltr'>n</span> 
     </span>
    </p>
   </div>
   <div class='ocr_carea' id='block_1_3' title="bbox 259 635 1124 665">
    <p class='ocr_par' dir='ltr' id='par_1_3' title="bbox 259 635 1124 665">
     <span class='ocr_line' id='line_1_5' title="bbox 259 635 1124 665; baseline 0 -2"><span class='ocrx_word' id='word_1_23' title='bbox 259 635 377 663; x_wconf 74' lang='lat'>43¹9</span> <span class='ocrx_word' id='word_1_24' title='bbox 765 637 888 665; x_wconf 81' lang='lat' dir='ltr'>Latran.</span> <span class='ocrx_word' id='word_1_25' title='bbox 905 638 937 664; x_wconf 78' lang='lat'>14</span> <span class='ocrx_word' id='word_1_26' title='bbox 953 637 1029 663; x_wconf 73' lang='lat' dir='ltr'>avril</span> <span class='ocrx_word' id='word_1_27' title='bbox 1046 637 1124 663; x_wconf 74' lang='lat'>1238.</span> 
     </span>
    </p>
   </div>
   <div class='ocr_carea' id='block_1_4' title="bbox 159 697 1197 1211">
    <p class='ocr_par' dir='ltr' id='par_1_4' title="bbox 159 697 1197 1211">
     <span class='ocr_line' id='line_1_6' title="bbox 226 697 1196 733; baseline 0 -9"><span class='ocrx_word' id='word_1_28' title='bbox 226 697 335 732; x_wconf 75' lang='lat' dir='ltr'>Regem</span> <span class='ocrx_word' id='word_1_29' title='bbox 354 698 554 732; x_wconf 78' lang='lat' dir='ltr'>Portugaliae,</span> <span class='ocrx_word' id='word_1_30' title='bbox 570 699 618 733; x_wconf 91' lang='lat' dir='ltr'>qui</span> <span class='ocrx_word' id='word_1_31' title='bbox 636 699 868 726; x_wconf 82' lang='lat' dir='ltr'>Bracharensem</span> <span class='ocrx_word' id='word_1_32' title='bbox 884 699 1036 726; x_wconf 82' lang='lat' dir='ltr'>ecclesiam</span> <span class='ocrx_word' id='word_1_33' title='bbox 1059 699 1196 733; x_wconf 81' lang='lat' dir='ltr'>plurimis</span> 
     </span>
     <span class='ocr_line' id='line_1_7' title="bbox 190 747 1195 781; baseline 0 -8"><span class='ocrx_word' id='word_1_34' title='bbox 190 747 308 773; x_wconf 83' lang='lat' dir='ltr'>damnis</span> <span class='ocrx_word' id='word_1_35' title='bbox 325 750 353 774; x_wconf 82' lang='lat' dir='ltr'>ct</span> <span class='ocrx_word' id='word_1_36' title='bbox 366 747 570 774; x_wconf 78' lang='lat' dir='ltr'>exactionibus</span> <span class='ocrx_word' id='word_1_37' title='bbox 587 750 809 781; x_wconf 65' lang='lat' dir='ltr'>aggravaverat,</span> <span class='ocrx_word' id='word_1_38' title='bbox 827 748 965 774; x_wconf 78' lang='lat' dir='ltr'>admonet</span> <span class='ocrx_word' id='word_1_39' title='bbox 983 756 1017 774; x_wconf 90' lang='lat' dir='ltr'>ne</span> <span class='ocrx_word' id='word_1_40' title='bbox 1034 755 1084 781; x_wconf 85' lang='lat' dir='ltr'>per</span> <span class='ocrx_word' id='word_1_41' title='bbox 1099 756 1138 777; x_wconf 70' lang='lat' dir='ltr'>sc,</span> <span class='ocrx_word' id='word_1_42' title='bbox 1150 748 1195 773; x_wconf 87' lang='lat' dir='ltr'>vel</span> 
     </span>
     <span class='ocr_line' id='line_1_8' title="bbox 190 796 1196 830; baseline -0.001 -8"><span class='ocrx_word' id='word_1_43' title='bbox 190 803 241 829; x_wconf 86' lang='lat' dir='ltr'>per</span> <span class='ocrx_word' id='word_1_44' title='bbox 259 796 399 822; x_wconf 85' lang='lat' dir='ltr'>officiales</span> <span class='ocrx_word' id='word_1_45' title='bbox 421 798 450 822; x_wconf 90' lang='lat' dir='ltr'>et</span> <span class='ocrx_word' id='word_1_46' title='bbox 468 797 609 823; x_wconf 74' lang='lat' dir='ltr'>vassallos</span> <span class='ocrx_word' id='word_1_47' title='bbox 630 805 706 828; x_wconf 79' lang='lat' dir='ltr'>suos,</span> <span class='ocrx_word' id='word_1_48' title='bbox 724 804 860 830; x_wconf 75' lang='lat' dir='ltr'>personas</span> <span class='ocrx_word' id='word_1_49' title='bbox 883 796 1098 822; x_wconf 71' lang='lat' dir='ltr'>ecclesiasticas</span> <span class='ocrx_word' id='word_1_50' title='bbox 1120 796 1196 822; x_wconf 83' lang='lat' dir='ltr'>insa-</span> 
     </span>
     <span class='ocr_line' id='line_1_9' title="bbox 192 844 1197 878; baseline -0.002 -8"><span class='ocrx_word' id='word_1_51' title='bbox 192 851 282 876; x_wconf 87' lang='lat' dir='ltr'>mare,</span> <span class='ocrx_word' id='word_1_52' title='bbox 296 844 342 870; x_wconf 84' lang='lat' dir='ltr'>vel</span> <span class='ocrx_word' id='word_1_53' title='bbox 357 852 455 870; x_wconf 86' lang='lat' dir='ltr'>earum</span> <span class='ocrx_word' id='word_1_54' title='bbox 471 845 571 871; x_wconf 87' lang='lat' dir='ltr'>domos</span> <span class='ocrx_word' id='word_1_55' title='bbox 588 844 749 878; x_wconf 80' lang='lat' dir='ltr'>intringere</span> <span class='ocrx_word' id='word_1_56' title='bbox 765 853 813 871; x_wconf 81' lang='lat' dir='ltr'>seu</span> <span class='ocrx_word' id='word_1_57' title='bbox 826 844 901 871; x_wconf 86' lang='lat' dir='ltr'>bona</span> <span class='ocrx_word' id='word_1_58' title='bbox 915 844 1043 878; x_wconf 72' lang='lat' dir='ltr'><strong>diripere</strong></span> <span class='ocrx_word' id='word_1_59' title='bbox 1056 844 1090 869; x_wconf 85' lang='lat' dir='ltr'>‹le</span> <span class='ocrx_word' id='word_1_60' title='bbox 1102 846 1197 870; x_wconf 78' lang='lat' dir='ltr'>cetero</span> 
     </span>
     <span class='ocr_line' id='line_1_10' title="bbox 192 892 1195 926; baseline 0.001 -8"><span class='ocrx_word' id='word_1_61' title='bbox 192 896 370 925; x_wconf 72' lang='lat' dir='ltr'>praesumat,</span> <span class='ocrx_word' id='word_1_62' title='bbox 393 892 477 926; x_wconf 86' lang='lat' dir='ltr'>eique</span> <span class='ocrx_word' id='word_1_63' title='bbox 494 892 662 925; x_wconf 73' lang='lat' dir='ltr'><strong>minitatur,</strong></span> <span class='ocrx_word' id='word_1_64' title='bbox 680 893 748 925; x_wconf 88' lang='lat' dir='ltr'>nisi,</span> <span class='ocrx_word' id='word_1_65' title='bbox 768 893 844 919; x_wconf 83' lang='lat' dir='ltr'>infra</span> <span class='ocrx_word' id='word_1_66' title='bbox 862 896 978 926; x_wconf 83' lang='lat' dir='ltr'>tempus</span> <span class='ocrx_word' id='word_1_67' title='bbox 994 892 1031 919; x_wconf 86' lang='lat' dir='ltr'>ab</span> <span class='ocrx_word' id='word_1_68' title='bbox 1044 893 1106 926; x_wconf 81' lang='lat' dir='ltr'>ipso</span> <span class='ocrx_word' id='word_1_69' title='bbox 1123 899 1195 925; x_wconf 77' lang='lat' dir='ltr'>papa</span> 
     </span>
     <span class='ocr_line' id='line_1_11' title="bbox 191 940 1196 974; baseline 0 -8"><span class='ocrx_word' id='word_1_70' title='bbox 191 940 365 973; x_wconf 77' lang='lat' dir='ltr'>praefixum,</span> <span class='ocrx_word' id='word_1_71' title='bbox 384 941 517 967; x_wconf 87' lang='lat' dir='ltr'>ecclesiis</span> <span class='ocrx_word' id='word_1_72' title='bbox 534 949 566 968; x_wconf 82' lang='lat' dir='ltr'>ac</span> <span class='ocrx_word' id='word_1_73' title='bbox 583 941 770 967; x_wconf 83' lang='lat' dir='ltr'>monasteriis</span> <span class='ocrx_word' id='word_1_74' title='bbox 791 941 826 967; x_wconf 86' lang='lat' dir='ltr'>de</span> <span class='ocrx_word' id='word_1_75' title='bbox 842 941 961 974; x_wconf 80' lang='lat' dir='ltr'>injuriis</span> <span class='ocrx_word' id='word_1_76' title='bbox 976 949 1046 974; x_wconf 85' lang='lat' dir='ltr'>quas</span> <span class='ocrx_word' id='word_1_77' title='bbox 1066 940 1108 967; x_wconf 86' lang='lat' dir='ltr'>eis</span> <span class='ocrx_word' id='word_1_78' title='bbox 1125 940 1196 973; x_wconf 88' lang='lat' dir='ltr'>ipse,</span> 
     </span>
     <span class='ocr_line' id='line_1_12' title="bbox 194 988 1197 1022; baseline 0 -9"><span class='ocrx_word' id='word_1_79' title='bbox 194 988 240 1014; x_wconf 88' lang='lat' dir='ltr'>vel</span> <span class='ocrx_word' id='word_1_80' title='bbox 266 988 410 1022; x_wconf 85' lang='lat' dir='ltr'>praedicti</span> <span class='ocrx_word' id='word_1_81' title='bbox 440 988 578 1015; x_wconf 86' lang='lat' dir='ltr'>officiales</span> <span class='ocrx_word' id='word_1_82' title='bbox 604 992 631 1015; x_wconf 85' lang='lat' dir='ltr'>ct</span> <span class='ocrx_word' id='word_1_83' title='bbox 656 988 777 1015; x_wconf 78' lang='lat' dir='ltr'>vassalli</span> <span class='ocrx_word' id='word_1_84' title='bbox 805 988 972 1022; x_wconf 75' lang='lat' dir='ltr'>irrogarint,</span> <span class='ocrx_word' id='word_1_85' title='bbox 998 990 1197 1021; x_wconf 71' lang='lat' dir='ltr'>competenter</span> 
     </span>
     <span class='ocr_line' id='line_1_13' title="bbox 190 1036 1197 1070; baseline -0.001 -8"><span class='ocrx_word' id='word_1_86' title='bbox 190 1036 383 1068; x_wconf 72' lang='lat' dir='ltr'><strong>satisfecerit,</strong></span> <span class='ocrx_word' id='word_1_87' title='bbox 409 1036 749 1063; x_wconf 77' lang='lat' dir='ltr'>excommunicationem</span> <span class='ocrx_word' id='word_1_88' title='bbox 775 1037 803 1062; x_wconf 91' lang='lat' dir='ltr'>in</span> <span class='ocrx_word' id='word_1_89' title='bbox 830 1045 982 1070; x_wconf 78' lang='lat' dir='ltr'>porsonam</span> <span class='ocrx_word' id='word_1_90' title='bbox 1006 1040 1032 1063; x_wconf 83' lang='lat' dir='ltr'>ct</span> <span class='ocrx_word' id='word_1_91' title='bbox 1055 1036 1197 1062; x_wconf 76' lang='lat' dir='ltr'>interdic—</span> 
     </span>
     <span class='ocr_line' id='line_1_14' title="bbox 190 1084 1195 1116; baseline 0.002 -6"><span class='ocrx_word' id='word_1_92' title='bbox 190 1087 252 1111; x_wconf 87' lang='lat' dir='ltr'>tum</span> <span class='ocrx_word' id='word_1_93' title='bbox 280 1084 309 1110; x_wconf 89' lang='lat' dir='ltr'>in</span> <span class='ocrx_word' id='word_1_94' title='bbox 333 1085 394 1110; x_wconf 83' lang='lat' dir='ltr'>loco</span> <span class='ocrx_word' id='word_1_95' title='bbox 420 1084 469 1111; x_wconf 88' lang='lat' dir='ltr'>ubi</span> <span class='ocrx_word' id='word_1_96' title='bbox 498 1085 597 1111; x_wconf 87' lang='lat' dir='ltr'>fucrit.</span> <span class='ocrx_word' id='word_1_97' title='bbox 626 1099 657 1103; x_wconf 82' lang='lat'>—-</span> <span class='ocrx_word' id='word_1_98' title='bbox 683 1085 770 1116; x_wconf 67' lang='lat' dir='ltr'>(Bao.</span> <span class='ocrx_word' id='word_1_99' title='bbox 797 1085 844 1112; x_wconf 81' lang='lat'>19.</span> <span class='ocrx_word' id='word_1_100' title='bbox 870 1087 889 1111; x_wconf 82' lang='lat' dir='ltr'>t.</span> <span class='ocrx_word' id='word_1_101' title='bbox 913 1085 945 1111; x_wconf 91' lang='lat'>13</span> <span class='ocrx_word' id='word_1_102' title='bbox 969 1088 1005 1113; x_wconf 79' lang='lat' dir='ltr'>r“:</span> <span class='ocrx_word' id='word_1_103' title='bbox 1032 1093 1101 1111; x_wconf 88' lang='lat' dir='ltr'>ann.</span> <span class='ocrx_word' id='word_1_104' title='bbox 1124 1084 1195 1112; x_wconf 81' lang='lat' dir='ltr'>XII.</span> 
     </span>
     <span class='ocr_line' id='line_1_15' title="bbox 159 1132 1195 1165; baseline -0.001 -7"><span class='ocrx_word' id='word_1_105' title='bbox 159 1147 162 1150; x_wconf 62' lang='lat'><strong>&gt;</strong></span> <span class='ocrx_word' id='word_1_106' title='bbox 190 1140 214 1158; x_wconf 90' lang='lat' dir='ltr'>c.</span> <span class='ocrx_word' id='word_1_107' title='bbox 232 1132 280 1164; x_wconf 76' lang='lat'>76;</span> <span class='ocrx_word' id='word_1_108' title='bbox 298 1147 329 1150; x_wconf 97' lang='lat'><strong>—</strong></span> <span class='ocrx_word' id='word_1_109' title='bbox 345 1132 477 1160; x_wconf 76' lang='lat' dir='ltr'>MOREAU</span> <span class='ocrx_word' id='word_1_110' title='bbox 493 1133 573 1161; x_wconf 72' lang='lat'>1192.</span> <span class='ocrx_word' id='word_1_111' title='bbox 592 1134 611 1159; x_wconf 80' lang='lat' dir='ltr'>t.</span> <span class='ocrx_word' id='word_1_112' title='bbox 626 1133 676 1165; x_wconf 74' lang='lat'>‘223</span> <span class='ocrx_word' id='word_1_113' title='bbox 693 1148 723 1151; x_wconf 90' lang='lat'><em>-</em></span> <span class='ocrx_word' id='word_1_114' title='bbox 743 1134 899 1160; x_wconf 60' lang='grc' dir='ltr'>ΡοττιιΛετ</span> <span class='ocrx_word' id='word_1_115' title='bbox 912 1132 1008 1160; x_wconf 73' lang='grc' dir='ltr'>105ΤΟ.</span> <span class='ocrx_word' id='word_1_116' title='bbox 1024 1133 1093 1163; x_wconf 64' lang='lat' dir='ltr'>sulm</span> <span class='ocrx_word' id='word_1_117' title='bbox 1105 1134 1195 1164; x_wconf 69' lang='grc' dir='ltr'>ίιιιιῐο,</span> 
     </span>
     <span class='ocr_line' id='line_1_16' title="bbox 190 1181 427 1211; baseline 0 -4"><span class='ocrx_word' id='word_1_118' title='bbox 190 1189 225 1207; x_wconf 83' lang='lat' dir='ltr'>ex</span> <span class='ocrx_word' id='word_1_119' title='bbox 241 1181 427 1211; x_wconf 62' lang='lat' dir='ltr'>nummo.)</span> 
     </span>
    </p>
   </div>
   <div class='ocr_carea' id='block_1_5' title="bbox 189 1282 1199 2791">
    <p class='ocr_par' dir='ltr' id='par_1_5' title="bbox 189 1282 1199 2791">
     <span class='ocr_line' id='line_1_17' title="bbox 233 1282 1195 1319; baseline 0.002 -11"><span class='ocrx_word' id='word_1_120' title='bbox 233 1293 245 1307; x_wconf 80' lang='lat' dir='ltr'>u</span> <span class='ocrx_word' id='word_1_121' title='bbox 268 1303 287 1309; x_wconf 92' lang='lat'>..</span> <span class='ocrx_word' id='word_1_122' title='bbox 311 1282 428 1310; x_wconf 78' lang='lat' dir='ltr'>illustri</span> <span class='ocrx_word' id='word_1_123' title='bbox 448 1283 511 1318; x_wconf 75' lang='lat' dir='ltr'>reyi</span> <span class='ocrx_word' id='word_1_124' title='bbox 533 1283 715 1319; x_wconf 68' lang='grc' dir='ltr'>Ροντιιςμιίίε,</span> <span class='ocrx_word' id='word_1_125' title='bbox 737 1283 883 1319; x_wconf 72' lang='lat' dir='ltr'>spiritum</span> <span class='ocrx_word' id='word_1_126' title='bbox 907 1283 1029 1311; x_wconf 83' lang='lat' dir='ltr'>consilii</span> <span class='ocrx_word' id='word_1_127' title='bbox 1049 1283 1195 1310; x_wconf 77' lang='lat' dir='ltr'>sanioris.</span> 
     </span>
     <span class='ocr_line' id='line_1_18' title="bbox 191 1333 1194 1372; baseline 0 -8"><span class='ocrx_word' id='word_1_128' title='bbox 191 1333 227 1364; x_wconf 85' lang='lat' dir='ltr'>Si</span> <span class='ocrx_word' id='word_1_129' title='bbox 243 1342 342 1372; x_wconf 86' lang='lat' dir='ltr'>quam</span> <span class='ocrx_word' id='word_1_130' title='bbox 357 1333 517 1364; x_wconf 84' lang='lat' dir='ltr'>horribile</span> <span class='ocrx_word' id='word_1_131' title='bbox 534 1334 577 1364; x_wconf 91' lang='lat' dir='ltr'>sit</span> <span class='ocrx_word' id='word_1_132' title='bbox 593 1334 627 1363; x_wconf 91' lang='lat' dir='ltr'>in</span> <span class='ocrx_word' id='word_1_133' title='bbox 646 1343 765 1364; x_wconf 87' lang='lat' dir='ltr'>manus</span> <span class='ocrx_word' id='word_1_134' title='bbox 781 1334 841 1364; x_wconf 87' lang='lat' dir='ltr'>Dei</span> <span class='ocrx_word' id='word_1_135' title='bbox 859 1334 1000 1364; x_wconf 78' lang='lat' dir='ltr'>viventis</span> <span class='ocrx_word' id='word_1_136' title='bbox 1016 1333 1194 1368; x_wconf 46' lang='lat' dir='ltr'>incidere&amp;</span> 
     </span>
     <span class='ocr_line' id='line_1_19' title="bbox 191 1384 1196 1424; baseline 0.001 -10"><span class='ocrx_word' id='word_1_137' title='bbox 191 1384 302 1415; x_wconf 86' lang='lat' dir='ltr'>dehita</span> <span class='ocrx_word' id='word_1_138' title='bbox 312 1385 526 1416; x_wconf 81' lang='lat' dir='ltr'>meditatione</span> <span class='ocrx_word' id='word_1_139' title='bbox 543 1395 712 1424; x_wconf 78' lang='lat' dir='ltr'>pensares,</span> <span class='ocrx_word' id='word_1_140' title='bbox 729 1386 769 1416; x_wconf 88' lang='lat' dir='ltr'>ab</span> <span class='ocrx_word' id='word_1_141' title='bbox 783 1386 966 1416; x_wconf 84' lang='lat' dir='ltr'>offensione</span> <span class='ocrx_word' id='word_1_142' title='bbox 983 1387 1196 1416; x_wconf 87' lang='lat' dir='ltr'>Sacrosancte</span> 
     </span>
     <span class='ocr_line' id='line_1_20' title="bbox 191 1437 1197 1476; baseline 0 -9"><span class='ocrx_word' id='word_1_143' title='bbox 191 1437 349 1472; x_wconf 88' lang='lat' dir='ltr'>Ecclesie,</span> <span class='ocrx_word' id='word_1_144' title='bbox 366 1446 484 1475; x_wconf 89' lang='lat' dir='ltr'>sponse</span> <span class='ocrx_word' id='word_1_145' title='bbox 502 1447 570 1474; x_wconf 72' lang='lat' dir='ltr'>sue,</span> <span class='ocrx_word' id='word_1_146' title='bbox 591 1447 689 1476; x_wconf 89' lang='lat' dir='ltr'>quam</span> <span class='ocrx_word' id='word_1_147' title='bbox 704 1438 775 1476; x_wconf 89' lang='lat' dir='ltr'>ipse</span> <span class='ocrx_word' id='word_1_148' title='bbox 791 1439 921 1476; x_wconf 87' lang='lat' dir='ltr'>proprio</span> <span class='ocrx_word' id='word_1_149' title='bbox 936 1439 1098 1475; x_wconf 76' lang='lat' dir='ltr'>sanguine</span> <span class='ocrx_word' id='word_1_150' title='bbox 1114 1447 1197 1468; x_wconf 89' lang='lat' dir='ltr'>eom-</span> 
     </span>
     <span class='ocr_line' id='line_1_21' title="bbox 190 1490 1198 1530; baseline 0.001 -11"><span class='ocrx_word' id='word_1_151' title='bbox 190 1490 328 1528; x_wconf 83' lang='lat' dir='ltr'>paravit,</span> <span class='ocrx_word' id='word_1_152' title='bbox 350 1494 380 1520; x_wconf 88' lang='lat' dir='ltr'>et</span> <span class='ocrx_word' id='word_1_153' title='bbox 398 1490 594 1520; x_wconf 79' lang='lat' dir='ltr'>servitorum</span> <span class='ocrx_word' id='word_1_154' title='bbox 613 1491 683 1530; x_wconf 89' lang='lat' dir='ltr'>ejus</span> <span class='ocrx_word' id='word_1_155' title='bbox 700 1490 829 1520; x_wconf 84' lang='lat' dir='ltr'>cautius</span> <span class='ocrx_word' id='word_1_156' title='bbox 844 1490 1040 1521; x_wconf 79' lang='lat' dir='ltr'>abstineres.</span> <span class='ocrx_word' id='word_1_157' title='bbox 1059 1491 1109 1520; x_wconf 74' lang='lat' dir='ltr'>Ad</span> <span class='ocrx_word' id='word_1_158' title='bbox 1126 1499 1198 1520; x_wconf 87' lang='lat' dir='ltr'>nos-</span> 
     </span>
     <span class='ocr_line' id='line_1_22' title="bbox 190 1543 1193 1582; baseline 0.001 -10"><span class='ocrx_word' id='word_1_159' title='bbox 190 1547 275 1572; x_wconf 86' lang='lat' dir='ltr'>tram</span> <span class='ocrx_word' id='word_1_160' title='bbox 291 1543 457 1581; x_wconf 85' lang='lat' dir='ltr'>siquidem</span> <span class='ocrx_word' id='word_1_161' title='bbox 474 1543 678 1573; x_wconf 86' lang='lat' dir='ltr'>audientiam</span> <span class='ocrx_word' id='word_1_162' title='bbox 691 1543 822 1573; x_wconf 85' lang='lat' dir='ltr'>noveris</span> <span class='ocrx_word' id='word_1_163' title='bbox 839 1543 1030 1581; x_wconf 86' lang='lat' dir='ltr'>pervenisse</span> <span class='ocrx_word' id='word_1_164' title='bbox 1048 1543 1134 1582; x_wconf 87' lang='lat' dir='ltr'>quod</span> <span class='ocrx_word' id='word_1_165' title='bbox 1151 1547 1193 1580; x_wconf 71' lang='lat' dir='ltr'>tu,</span> 
     </span>
     <span class='ocr_line' id='line_1_23' title="bbox 190 1595 1196 1636; baseline 0.002 -12"><span class='ocrx_word' id='word_1_166' title='bbox 190 1599 340 1633; x_wconf 84' lang='lat' dir='ltr'>pretextu</span> <span class='ocrx_word' id='word_1_167' title='bbox 358 1595 529 1634; x_wconf 87' lang='lat' dir='ltr'>cujusdam</span> <span class='ocrx_word' id='word_1_168' title='bbox 546 1605 645 1634; x_wconf 76' lang='lat' dir='ltr'>prave</span> <span class='ocrx_word' id='word_1_169' title='bbox 663 1596 911 1626; x_wconf 81' lang='lat' dir='ltr'>constitutionis</span> <span class='ocrx_word' id='word_1_170' title='bbox 925 1605 1022 1635; x_wconf 86' lang='lat' dir='ltr'>quam</span> <span class='ocrx_word' id='word_1_171' title='bbox 1039 1595 1086 1636; x_wconf 87' lang='lat'>[..]</span> <span class='ocrx_word' id='word_1_172' title='bbox 1104 1605 1196 1634; x_wconf 89' lang='lat' dir='ltr'>proa—</span> 
     </span>
     <span class='ocr_line' id='line_1_24' title="bbox 189 1648 1196 1687; baseline 0.002 -10"><span class='ocrx_word' id='word_1_173' title='bbox 189 1656 250 1677; x_wconf 87' lang='lat' dir='ltr'>vus</span> <span class='ocrx_word' id='word_1_174' title='bbox 263 1652 339 1678; x_wconf 86' lang='lat' dir='ltr'>tuus</span> <span class='ocrx_word' id='word_1_175' title='bbox 351 1648 512 1678; x_wconf 87' lang='lat' dir='ltr'>asseritur</span> <span class='ocrx_word' id='word_1_176' title='bbox 524 1648 679 1684; x_wconf 76' lang='lat' dir='ltr'>edidisse,</span> <span class='ocrx_word' id='word_1_177' title='bbox 693 1648 846 1678; x_wconf 88' lang='lat' dir='ltr'>videlicet</span> <span class='ocrx_word' id='word_1_178' title='bbox 857 1653 892 1678; x_wconf 88' lang='lat' dir='ltr'>ut</span> <span class='ocrx_word' id='word_1_179' title='bbox 906 1649 1026 1679; x_wconf 90' lang='lat' dir='ltr'>mulier</span> <span class='ocrx_word' id='word_1_180' title='bbox 1037 1649 1196 1687; x_wconf 84' lang='lat' dir='ltr'>capiatur.</span> 
     </span>
     <span class='ocr_line' id='line_1_25' title="bbox 189 1701 1198 1740; baseline 0.002 -10"><span class='ocrx_word' id='word_1_181' title='bbox 189 1709 262 1731; x_wconf 91' lang='lat' dir='ltr'>cum</span> <span class='ocrx_word' id='word_1_182' title='bbox 287 1709 353 1739; x_wconf 83' lang='lat' dir='ltr'>qua</span> <span class='ocrx_word' id='word_1_183' title='bbox 374 1709 516 1739; x_wconf 88' lang='lat' dir='ltr'>persona</span> <span class='ocrx_word' id='word_1_184' title='bbox 541 1701 767 1731; x_wconf 85' lang='lat' dir='ltr'>ecclesiastica</span> <span class='ocrx_word' id='word_1_185' title='bbox 790 1702 964 1740; x_wconf 82' lang='lat' dir='ltr'>reperitur,</span> <span class='ocrx_word' id='word_1_186' title='bbox 987 1701 1144 1732; x_wconf 86' lang='lat' dir='ltr'>officiales</span> <span class='ocrx_word' id='word_1_187' title='bbox 1167 1708 1198 1732; x_wconf 89' lang='lat' dir='ltr'>et</span> 
     </span>
     <span class='ocr_line' id='line_1_26' title="bbox 189 1753 1198 1793; baseline 0.002 -11"><span class='ocrx_word' id='word_1_188' title='bbox 189 1753 324 1793; x_wconf 87' lang='lat' dir='ltr'>quidam</span> <span class='ocrx_word' id='word_1_189' title='bbox 345 1753 403 1783; x_wconf 88' lang='lat' dir='ltr'>alii</span> <span class='ocrx_word' id='word_1_190' title='bbox 424 1753 559 1783; x_wconf 82' lang='lat' dir='ltr'>vassalli</span> <span class='ocrx_word' id='word_1_191' title='bbox 583 1754 630 1783; x_wconf 88' lang='lat' dir='ltr'>tui</span> <span class='ocrx_word' id='word_1_192' title='bbox 651 1763 727 1792; x_wconf 83' lang='lat' dir='ltr'>sepe</span> <span class='ocrx_word' id='word_1_193' title='bbox 743 1754 856 1784; x_wconf 88' lang='lat' dir='ltr'>domos</span> <span class='ocrx_word' id='word_1_194' title='bbox 873 1754 1063 1793; x_wconf 82' lang='lat' dir='ltr'>hujusmodi</span> <span class='ocrx_word' id='word_1_195' title='bbox 1086 1764 1198 1793; x_wconf 87' lang='lat' dir='ltr'>perso-</span> 
     </span>
     <span class='ocr_line' id='line_1_27' title="bbox 191 1806 1198 1845; baseline 0.002 -10"><span class='ocrx_word' id='word_1_196' title='bbox 191 1814 308 1836; x_wconf 84' lang='lat' dir='ltr'>narum</span> <span class='ocrx_word' id='word_1_197' title='bbox 325 1806 466 1836; x_wconf 89' lang='lat' dir='ltr'>diocesis</span> <span class='ocrx_word' id='word_1_198' title='bbox 483 1806 727 1836; x_wconf 85' lang='lat' dir='ltr'>Bracharensis</span> <span class='ocrx_word' id='word_1_199' title='bbox 744 1807 944 1845; x_wconf 73' lang='lat' dir='ltr'>infringunt,</span> <span class='ocrx_word' id='word_1_200' title='bbox 958 1813 998 1842; x_wconf 87' lang='lat' dir='ltr'>et,</span> <span class='ocrx_word' id='word_1_201' title='bbox 1018 1807 1087 1837; x_wconf 79' lang='lat' dir='ltr'>sive</span> <span class='ocrx_word' id='word_1_202' title='bbox 1104 1807 1198 1837; x_wconf 79' lang='lat' dir='ltr'>inve-</span> 
     </span>
     <span class='ocr_line' id='line_1_28' title="bbox 191 1858 1195 1898; baseline 0.001 -11"><span class='ocrx_word' id='word_1_203' title='bbox 191 1858 327 1888; x_wconf 87' lang='lat' dir='ltr'>niantur</span> <span class='ocrx_word' id='word_1_204' title='bbox 343 1867 416 1888; x_wconf 91' lang='lat' dir='ltr'>cum</span> <span class='ocrx_word' id='word_1_205' title='bbox 440 1859 488 1888; x_wconf 88' lang='lat' dir='ltr'>eis</span> <span class='ocrx_word' id='word_1_206' title='bbox 506 1859 676 1891; x_wconf 80' lang='lat' dir='ltr'>mulieres,</span> <span class='ocrx_word' id='word_1_207' title='bbox 695 1859 765 1889; x_wconf 84' lang='lat' dir='ltr'>sive</span> <span class='ocrx_word' id='word_1_208' title='bbox 788 1868 853 1888; x_wconf 89' lang='lat' dir='ltr'>non</span> <span class='ocrx_word' id='word_1_209' title='bbox 872 1859 958 1898; x_wconf 54' lang='lat' dir='ltr'>lete„</span> <span class='ocrx_word' id='word_1_210' title='bbox 977 1864 1013 1889; x_wconf 86' lang='lat' dir='ltr'>ut</span> <span class='ocrx_word' id='word_1_211' title='bbox 1032 1869 1142 1897; x_wconf 73' lang='lat' dir='ltr'>supra,</span> <span class='ocrx_word' id='word_1_212' title='bbox 1162 1860 1195 1888; x_wconf 89' lang='lat' dir='ltr'>in</span> 
     </span>
     <span class='ocr_line' id='line_1_29' title="bbox 192 1910 1197 1950; baseline 0.001 -10"><span class='ocrx_word' id='word_1_213' title='bbox 192 1910 330 1949; x_wconf 88' lang='lat' dir='ltr'>epistola</span> <span class='ocrx_word' id='word_1_214' title='bbox 355 1910 416 1940; x_wconf 90' lang='lat' dir='ltr'>sub</span> <span class='ocrx_word' id='word_1_215' title='bbox 442 1920 580 1941; x_wconf 84' lang='lat' dir='ltr'>numero</span> <span class='ocrx_word' id='word_1_216' title='bbox 609 1911 684 1941; x_wconf 70' lang='grc' dir='ltr'>ς2753</span> <span class='ocrx_word' id='word_1_217' title='bbox 710 1916 821 1941; x_wconf 86' lang='lat' dir='ltr'>notata</span> <span class='ocrx_word' id='word_1_218' title='bbox 834 1915 856 1947; x_wconf 82' lang='lat'>2,</span> <span class='ocrx_word' id='word_1_219' title='bbox 883 1921 941 1950; x_wconf 91' lang='lat' dir='ltr'>pro</span> <span class='ocrx_word' id='word_1_220' title='bbox 966 1912 1197 1950; x_wconf 81' lang='lat' dir='ltr'>Portugalensi</span> 
     </span>
     <span class='ocr_line' id='line_1_30' title="bbox 191 1964 1197 2003; baseline -0.001 -8"><span class='ocrx_word' id='word_1_221' title='bbox 191 1964 348 1999; x_wconf 87' lang='lat' dir='ltr'>ecclesia,</span> <span class='ocrx_word' id='word_1_222' title='bbox 382 1965 497 2002; x_wconf 81' lang='lat' dir='ltr'>paucis</span> <span class='ocrx_word' id='word_1_223' title='bbox 526 1965 672 2000; x_wconf 82' lang='lat' dir='ltr'>mutatis,</span> <span class='ocrx_word' id='word_1_224' title='bbox 711 1974 815 2003; x_wconf 87' lang='lat' dir='ltr'>usque</span> <span class='ocrx_word' id='word_1_225' title='bbox 841 1966 866 2002; x_wconf 84' lang='lat' dir='ltr'>z]</span> <span class='ocrx_word' id='word_1_226' title='bbox 893 1965 1032 2003; x_wconf 83' lang='lat' dir='ltr'>pecunie</span> <span class='ocrx_word' id='word_1_227' title='bbox 1065 1965 1197 2003; x_wconf 89' lang='lat' dir='ltr'>quanti-</span> 
     </span>
     <span class='ocr_line' id='line_1_31' title="bbox 192 2016 1197 2056; baseline 0.001 -10"><span class='ocrx_word' id='word_1_228' title='bbox 192 2021 303 2046; x_wconf 85' lang='lat' dir='ltr'>tatem.</span> <span class='ocrx_word' id='word_1_229' title='bbox 331 2017 497 2051; x_wconf 79' lang='lat' dir='ltr'>Preterea‚</span> <span class='ocrx_word' id='word_1_230' title='bbox 521 2016 549 2046; x_wconf 88' lang='lat' dir='ltr'>si</span> <span class='ocrx_word' id='word_1_231' title='bbox 569 2017 738 2055; x_wconf 84' lang='lat' dir='ltr'>contingat</span> <span class='ocrx_word' id='word_1_232' title='bbox 759 2017 937 2055; x_wconf 84' lang='lat' dir='ltr'>aliquando</span> <span class='ocrx_word' id='word_1_233' title='bbox 960 2017 1046 2056; x_wconf 89' lang='lat' dir='ltr'>quod</span> <span class='ocrx_word' id='word_1_234' title='bbox 1065 2026 1197 2047; x_wconf 87' lang='lat' dir='ltr'>venera-</span> 
     </span>
     <span class='ocr_line' id='line_1_32' title="bbox 191 2069 1196 2108; baseline 0.002 -10"><span class='ocrx_word' id='word_1_235' title='bbox 191 2069 269 2099; x_wconf 88' lang='lat' dir='ltr'>bilis</span> <span class='ocrx_word' id='word_1_236' title='bbox 298 2069 399 2099; x_wconf 80' lang='lat' dir='ltr'>frater</span> <span class='ocrx_word' id='word_1_237' title='bbox 423 2075 535 2099; x_wconf 89' lang='lat' dir='ltr'>noster</span> <span class='ocrx_word' id='word_1_238' title='bbox 563 2092 582 2098; x_wconf 82' lang='lat'>..</span> <span class='ocrx_word' id='word_1_239' title='bbox 606 2069 874 2108; x_wconf 83' lang='lat' dir='ltr'>archiepiscopus</span> <span class='ocrx_word' id='word_1_240' title='bbox 902 2069 1142 2100; x_wconf 86' lang='lat' dir='ltr'>Bracharensis</span> <span class='ocrx_word' id='word_1_241' title='bbox 1168 2075 1196 2100; x_wconf 88' lang='lat' dir='ltr'>et</span> 
     </span>
     <span class='ocr_line' id='line_1_33' title="bbox 193 2122 1198 2160; baseline -0.001 -8"><span class='ocrx_word' id='word_1_242' title='bbox 193 2122 264 2160; x_wconf 88' lang='lat' dir='ltr'>ejus</span> <span class='ocrx_word' id='word_1_243' title='bbox 282 2122 398 2151; x_wconf 86' lang='lat' dir='ltr'>vicarii</span> <span class='ocrx_word' id='word_1_244' title='bbox 415 2123 503 2159; x_wconf 75' lang='lat' dir='ltr'>[etc.,</span> <span class='ocrx_word' id='word_1_245' title='bbox 522 2126 557 2151; x_wconf 90' lang='lat' dir='ltr'>ut</span> <span class='ocrx_word' id='word_1_246' title='bbox 579 2131 688 2160; x_wconf 72' lang='lat' dir='ltr'>supra,</span> <span class='ocrx_word' id='word_1_247' title='bbox 706 2122 741 2151; x_wconf 91' lang='lat' dir='ltr'>in</span> <span class='ocrx_word' id='word_1_248' title='bbox 763 2122 875 2152; x_wconf 86' lang='lat' dir='ltr'>eadem</span> <span class='ocrx_word' id='word_1_249' title='bbox 895 2122 1043 2160; x_wconf 73' lang='lat' dir='ltr'>epistola,</span> <span class='ocrx_word' id='word_1_250' title='bbox 1063 2123 1198 2152; x_wconf 81' lang='lat' dir='ltr'>mutatis</span> 
     </span>
     <span class='ocr_line' id='line_1_34' title="bbox 192 2173 1197 2213; baseline 0.001 -10"><span class='ocrx_word' id='word_1_251' title='bbox 192 2174 372 2209; x_wconf 75' lang='lat' dir='ltr'>mutandis,</span> <span class='ocrx_word' id='word_1_252' title='bbox 388 2183 492 2212; x_wconf 87' lang='lat' dir='ltr'>usque</span> <span class='ocrx_word' id='word_1_253' title='bbox 504 2173 525 2213; x_wconf 77' lang='grc' dir='ltr'>ε]</span> <span class='ocrx_word' id='word_1_254' title='bbox 539 2175 737 2209; x_wconf 78' lang='lat' dir='ltr'>necessaria,</span> <span class='ocrx_word' id='word_1_255' title='bbox 754 2174 865 2204; x_wconf 84' lang='lat' dir='ltr'>subire</span> <span class='ocrx_word' id='word_1_256' title='bbox 878 2174 1031 2212; x_wconf 79' lang='lat' dir='ltr'>angarias</span> <span class='ocrx_word' id='word_1_257' title='bbox 1044 2179 1074 2204; x_wconf 89' lang='lat' dir='ltr'>et</span> <span class='ocrx_word' id='word_1_258' title='bbox 1084 2183 1197 2212; x_wconf 89' lang='lat' dir='ltr'>peran-</span> 
     </span>
     <span class='ocr_line' id='line_1_35' title="bbox 193 2226 1197 2265; baseline -0.001 -8"><span class='ocrx_word' id='word_1_259' title='bbox 193 2227 302 2265; x_wconf 86' lang='lat' dir='ltr'>garias</span> <span class='ocrx_word' id='word_1_260' title='bbox 319 2232 350 2257; x_wconf 86' lang='lat' dir='ltr'>et</span> <span class='ocrx_word' id='word_1_261' title='bbox 369 2227 409 2256; x_wconf 88' lang='lat' dir='ltr'>ad</span> <span class='ocrx_word' id='word_1_262' title='bbox 425 2227 490 2256; x_wconf 86' lang='lat' dir='ltr'>alia</span> <span class='ocrx_word' id='word_1_263' title='bbox 507 2227 677 2265; x_wconf 90' lang='lat' dir='ltr'>compellis</span> <span class='ocrx_word' id='word_1_264' title='bbox 694 2236 794 2257; x_wconf 88' lang='lat' dir='ltr'>onera</span> <span class='ocrx_word' id='word_1_265' title='bbox 810 2226 998 2262; x_wconf 61' lang='lat' dir='ltr'>inhonesta²</span> <span class='ocrx_word' id='word_1_266' title='bbox 1017 2231 1047 2257; x_wconf 88' lang='lat' dir='ltr'>et</span> <span class='ocrx_word' id='word_1_267' title='bbox 1064 2231 1129 2256; x_wconf 90' lang='lat' dir='ltr'>tam</span> <span class='ocrx_word' id='word_1_268' title='bbox 1144 2232 1197 2257; x_wconf 90' lang='lat' dir='ltr'>tua</span> 
     </span>
     <span class='ocr_line' id='line_1_36' title="bbox 193 2279 1199 2319; baseline 0 -9"><span class='ocrx_word' id='word_1_269' title='bbox 193 2289 291 2319; x_wconf 82' lang='lat' dir='ltr'>quam</span> <span class='ocrx_word' id='word_1_270' title='bbox 307 2280 468 2309; x_wconf 89' lang='lat' dir='ltr'>baronum</span> <span class='ocrx_word' id='word_1_271' title='bbox 486 2284 516 2310; x_wconf 88' lang='lat' dir='ltr'>et</span> <span class='ocrx_word' id='word_1_272' title='bbox 533 2279 723 2310; x_wconf 86' lang='lat' dir='ltr'>officialium</span> <span class='ocrx_word' id='word_1_273' title='bbox 746 2284 877 2309; x_wconf 92' lang='lat' dir='ltr'>tuorum</span> <span class='ocrx_word' id='word_1_274' title='bbox 894 2279 1004 2309; x_wconf 87' lang='lat' dir='ltr'>banna</span> <span class='ocrx_word' id='word_1_275' title='bbox 1026 2284 1057 2309; x_wconf 88' lang='lat' dir='ltr'>et</span> <span class='ocrx_word' id='word_1_276' title='bbox 1077 2284 1199 2310; x_wconf 82' lang='lat' dir='ltr'>statuta</span> 
     </span>
     <span class='ocr_line' id='line_1_37' title="bbox 193 2332 1198 2371; baseline -0.001 -8"><span class='ocrx_word' id='word_1_277' title='bbox 193 2341 342 2368; x_wconf 83' lang='lat' dir='ltr'>servare;</span> <span class='ocrx_word' id='word_1_278' title='bbox 361 2333 448 2362; x_wconf 89' lang='lat' dir='ltr'>inter</span> <span class='ocrx_word' id='word_1_279' title='bbox 467 2341 530 2371; x_wconf 87' lang='lat' dir='ltr'>que</span> <span class='ocrx_word' id='word_1_280' title='bbox 549 2336 581 2362; x_wconf 89' lang='lat' dir='ltr'>tu</span> <span class='ocrx_word' id='word_1_281' title='bbox 603 2332 666 2362; x_wconf 86' lang='lat' dir='ltr'>tale</span> <span class='ocrx_word' id='word_1_282' title='bbox 683 2332 805 2366; x_wconf 74' lang='lat' dir='ltr'>fecisti,</span> <span class='ocrx_word' id='word_1_283' title='bbox 823 2332 858 2361; x_wconf 89' lang='lat' dir='ltr'>in</span> <span class='ocrx_word' id='word_1_284' title='bbox 875 2332 986 2362; x_wconf 90' lang='lat' dir='ltr'>odium</span> <span class='ocrx_word' id='word_1_285' title='bbox 1005 2333 1066 2362; x_wconf 90' lang='lat' dir='ltr'>Dei</span> <span class='ocrx_word' id='word_1_286' title='bbox 1085 2338 1116 2362; x_wconf 91' lang='lat' dir='ltr'>et</span> <span class='ocrx_word' id='word_1_287' title='bbox 1138 2333 1198 2362; x_wconf 91' lang='lat' dir='ltr'>Ec-</span> 
     </span>
     <span class='ocr_line' id='line_1_38' title="bbox 192 2384 1198 2424; baseline -0.002 -9"><span class='ocrx_word' id='word_1_288' title='bbox 192 2384 292 2415; x_wconf 86' lang='lat' dir='ltr'>clesie</span> <span class='ocrx_word' id='word_1_289' title='bbox 308 2394 345 2415; x_wconf 86' lang='lat' dir='ltr'>ac</span> <span class='ocrx_word' id='word_1_290' title='bbox 366 2385 595 2415; x_wconf 87' lang='lat' dir='ltr'>ministrorum</span> <span class='ocrx_word' id='word_1_291' title='bbox 620 2385 702 2424; x_wconf 72' lang='lat' dir='ltr'>ejus,</span> <span class='ocrx_word' id='word_1_292' title='bbox 727 2389 898 2419; x_wconf 87' lang='lat' dir='ltr'>statutum,</span> <span class='ocrx_word' id='word_1_293' title='bbox 923 2385 1076 2414; x_wconf 87' lang='lat' dir='ltr'>videlicet</span> <span class='ocrx_word' id='word_1_294' title='bbox 1101 2389 1146 2419; x_wconf 83' lang='lat' dir='ltr'>ut,</span> <span class='ocrx_word' id='word_1_295' title='bbox 1170 2385 1198 2415; x_wconf 88' lang='lat' dir='ltr'>si</span> 
     </span>
     <span class='ocr_line' id='line_1_39' title="bbox 193 2436 1197 2476; baseline 0 -9"><span class='ocrx_word' id='word_1_296' title='bbox 193 2437 267 2476; x_wconf 89' lang='lat' dir='ltr'>quis</span> <span class='ocrx_word' id='word_1_297' title='bbox 281 2437 509 2476; x_wconf 86' lang='lat' dir='ltr'>possessiones</span> <span class='ocrx_word' id='word_1_298' title='bbox 523 2437 651 2476; x_wconf 82' lang='lat' dir='ltr'>aliquas</span> <span class='ocrx_word' id='word_1_299' title='bbox 666 2436 804 2466; x_wconf 85' lang='lat' dir='ltr'>ecclesie</span> <span class='ocrx_word' id='word_1_300' title='bbox 820 2436 870 2467; x_wconf 77' lang='lat' dir='ltr'>vel</span> <span class='ocrx_word' id='word_1_301' title='bbox 884 2437 1085 2467; x_wconf 85' lang='lat' dir='ltr'>monasterio</span> <span class='ocrx_word' id='word_1_302' title='bbox 1099 2437 1197 2467; x_wconf 85' lang='lat' dir='ltr'>dona-</span> 
     </span>
     <span class='ocr_line' id='line_1_40' title="bbox 193 2488 1197 2527; baseline 0 -8"><span class='ocrx_word' id='word_1_303' title='bbox 193 2490 276 2520; x_wconf 86' lang='lat' dir='ltr'>verit</span> <span class='ocrx_word' id='word_1_304' title='bbox 291 2490 379 2520; x_wconf 87' lang='lat' dir='ltr'>inter</span> <span class='ocrx_word' id='word_1_305' title='bbox 395 2489 486 2519; x_wconf 88' lang='lat' dir='ltr'>vivos</span> <span class='ocrx_word' id='word_1_306' title='bbox 504 2494 558 2519; x_wconf 88' lang='lat' dir='ltr'>aut</span> <span class='ocrx_word' id='word_1_307' title='bbox 572 2489 606 2518; x_wconf 86' lang='lat' dir='ltr'>in</span> <span class='ocrx_word' id='word_1_308' title='bbox 619 2489 736 2519; x_wconf 88' lang='lat' dir='ltr'>ultima</span> <span class='ocrx_word' id='word_1_309' title='bbox 751 2488 923 2527; x_wconf 85' lang='lat' dir='ltr'>reliquerit</span> <span class='ocrx_word' id='word_1_310' title='bbox 938 2488 1116 2524; x_wconf 81' lang='lat' dir='ltr'>voluntate,</span> <span class='ocrx_word' id='word_1_311' title='bbox 1133 2498 1197 2519; x_wconf 90' lang='lat' dir='ltr'>non</span> 
     </span>
     <span class='ocr_line' id='line_1_41' title="bbox 191 2541 1198 2580; baseline -0.001 -9"><span class='ocrx_word' id='word_1_312' title='bbox 191 2542 290 2573; x_wconf 83' lang='lat' dir='ltr'>liceat</span> <span class='ocrx_word' id='word_1_313' title='bbox 306 2541 445 2572; x_wconf 87' lang='lat' dir='ltr'>ecclesie</span> <span class='ocrx_word' id='word_1_314' title='bbox 462 2542 551 2580; x_wconf 89' lang='lat' dir='ltr'>ipsas</span> <span class='ocrx_word' id='word_1_315' title='bbox 568 2541 724 2579; x_wconf 77' lang='lat' dir='ltr'>recipere,</span> <span class='ocrx_word' id='word_1_316' title='bbox 741 2550 801 2571; x_wconf 86' lang='lat' dir='ltr'>nec</span> <span class='ocrx_word' id='word_1_317' title='bbox 817 2541 864 2570; x_wconf 90' lang='lat' dir='ltr'>eis</span> <span class='ocrx_word' id='word_1_318' title='bbox 882 2545 937 2570; x_wconf 81' lang='lat' dir='ltr'>aut</span> <span class='ocrx_word' id='word_1_319' title='bbox 953 2541 1107 2579; x_wconf 81' lang='lat' dir='ltr'>cuiquam</span> <span class='ocrx_word' id='word_1_320' title='bbox 1125 2550 1198 2580; x_wconf 88' lang='lat' dir='ltr'>per-</span> 
     </span>
     <span class='ocr_line' id='line_1_42' title="bbox 192 2592 1194 2632; baseline -0.001 -7"><span class='ocrx_word' id='word_1_321' title='bbox 192 2603 272 2625; x_wconf 88' lang='lat' dir='ltr'>sone</span> <span class='ocrx_word' id='word_1_322' title='bbox 308 2594 533 2624; x_wconf 87' lang='lat' dir='ltr'>ecclesiastice</span> <span class='ocrx_word' id='word_1_323' title='bbox 565 2593 794 2632; x_wconf 85' lang='lat' dir='ltr'>possessiones</span> <span class='ocrx_word' id='word_1_324' title='bbox 827 2592 956 2632; x_wconf 81' lang='lat' dir='ltr'>aliquas</span> <span class='ocrx_word' id='word_1_325' title='bbox 989 2602 1194 2631; x_wconf 78' lang='lat' dir='ltr'>comparare,</span> 
     </span>
     <span class='ocr_line' id='line_1_43' title="bbox 192 2646 1199 2687; baseline -0.001 -10"><span class='ocrx_word' id='word_1_326' title='bbox 192 2651 497 2687; x_wconf 84' lang='lat' dir='ltr'>quantumcumque</span> <span class='ocrx_word' id='word_1_327' title='bbox 515 2646 554 2676; x_wconf 86' lang='lat' dir='ltr'>ab</span> <span class='ocrx_word' id='word_1_328' title='bbox 573 2646 681 2676; x_wconf 90' lang='lat' dir='ltr'>omnis</span> <span class='ocrx_word' id='word_1_329' title='bbox 703 2655 802 2676; x_wconf 88' lang='lat' dir='ltr'>onere</span> <span class='ocrx_word' id='word_1_330' title='bbox 827 2646 942 2675; x_wconf 87' lang='lat' dir='ltr'>tributi</span> <span class='ocrx_word' id='word_1_331' title='bbox 958 2646 1009 2676; x_wconf 89' lang='lat' dir='ltr'>vel</span> <span class='ocrx_word' id='word_1_332' title='bbox 1028 2646 1199 2676; x_wconf 85' lang='lat' dir='ltr'>servitutis</span> 
     </span>
     <span class='ocr_line' id='line_1_44' title="bbox 191 2698 1198 2738; baseline -0.001 -9"><span class='ocrx_word' id='word_1_333' title='bbox 191 2699 374 2735; x_wconf 86' lang='lat' dir='ltr'>immunes;</span> <span class='ocrx_word' id='word_1_334' title='bbox 390 2708 428 2729; x_wconf 83' lang='lat' dir='ltr'>ex</span> <span class='ocrx_word' id='word_1_335' title='bbox 445 2708 508 2738; x_wconf 90' lang='lat' dir='ltr'>quo</span> <span class='ocrx_word' id='word_1_336' title='bbox 524 2699 652 2729; x_wconf 85' lang='lat' dir='ltr'>devotio</span> <span class='ocrx_word' id='word_1_337' title='bbox 669 2698 816 2728; x_wconf 86' lang='lat' dir='ltr'>fidelium</span> <span class='ocrx_word' id='word_1_338' title='bbox 829 2703 859 2728; x_wconf 88' lang='lat' dir='ltr'>et</span> <span class='ocrx_word' id='word_1_339' title='bbox 877 2698 1028 2728; x_wconf 84' lang='lat' dir='ltr'>voluntas</span> <span class='ocrx_word' id='word_1_340' title='bbox 1043 2699 1198 2729; x_wconf 90' lang='lat' dir='ltr'>deceden-</span> 
     </span>
     <span class='ocr_line' id='line_1_45' title="bbox 191 2751 1198 2791; baseline -0.001 -9"><span class='ocrx_word' id='word_1_341' title='bbox 191 2753 276 2782; x_wconf 82' lang='lat' dir='ltr'>tium</span> <span class='ocrx_word' id='word_1_342' title='bbox 292 2752 446 2791; x_wconf 86' lang='lat' dir='ltr'>nequiter</span> <span class='ocrx_word' id='word_1_343' title='bbox 460 2751 650 2790; x_wconf 82' lang='lat' dir='ltr'>impeditur.</span> <span class='ocrx_word' id='word_1_344' title='bbox 666 2751 717 2781; x_wconf 90' lang='lat' dir='ltr'>Ad</span> <span class='ocrx_word' id='word_1_345' title='bbox 731 2751 804 2787; x_wconf 85' lang='lat' dir='ltr'>hec,</span> <span class='ocrx_word' id='word_1_346' title='bbox 819 2751 847 2780; x_wconf 90' lang='lat' dir='ltr'>si</span> <span class='ocrx_word' id='word_1_347' title='bbox 861 2760 925 2790; x_wconf 85' lang='lat' dir='ltr'>qua</span> <span class='ocrx_word' id='word_1_348' title='bbox 940 2760 1081 2789; x_wconf 85' lang='lat' dir='ltr'>persona</span> <span class='ocrx_word' id='word_1_349' title='bbox 1095 2751 1198 2782; x_wconf 89' lang='lat' dir='ltr'>eccle-</span> 
     </span>
    </p>
   </div>
   <div class='ocr_carea' id='block_1_6' title="bbox 223 2883 608 2957">
    <p class='ocr_par' dir='ltr' id='par_1_6' title="bbox 223 2883 608 2957">
     <span class='ocr_line' id='line_1_46' title="bbox 226 2883 519 2912; baseline -0.003 -5"><span class='ocrx_word' id='word_1_350' title='bbox 226 2884 246 2907; x_wconf 87' lang='lat'>1.</span> <span class='ocrx_word' id='word_1_351' title='bbox 266 2884 307 2908; x_wconf 79' lang='lat' dir='ltr'>Cf.</span> <span class='ocrx_word' id='word_1_352' title='bbox 325 2883 414 2907; x_wconf 75' lang='lat' dir='ltr'><strong>IIEBR.</strong></span> <span class='ocrx_word' id='word_1_353' title='bbox 432 2883 465 2912; x_wconf 84' lang='lat' dir='ltr'>X,</span> <span class='ocrx_word' id='word_1_354' title='bbox 481 2883 519 2907; x_wconf 71' lang='lat'>31.</span> 
     </span>
     <span class='ocr_line' id='line_1_47' title="bbox 223 2927 608 2957; baseline -0.003 -6"><span class='ocrx_word' id='word_1_355' title='bbox 223 2928 246 2951; x_wconf 74' lang='lat'>2.</span> <span class='ocrx_word' id='word_1_356' title='bbox 264 2927 306 2952; x_wconf 77' lang='lat' dir='ltr'>Cf.</span> <span class='ocrx_word' id='word_1_357' title='bbox 323 2928 397 2950; x_wconf 83' lang='lat' dir='ltr'>aussi</span> <span class='ocrx_word' id='word_1_358' title='bbox 411 2928 437 2950; x_wconf 79' lang='lat' dir='ltr'>la</span> <span class='ocrx_word' id='word_1_359' title='bbox 447 2927 525 2957; x_wconf 73' lang='lat' dir='ltr'>pie‘ce</span> <span class='ocrx_word' id='word_1_360' title='bbox 543 2927 608 2950; x_wconf 67' lang='lat'>1327.</span> 
     </span>
    </p>
   </div>
   <div class='ocr_carea' id='block_1_7' title="bbox 1277 339 2282 1484">
    <p class='ocr_par' dir='ltr' id='par_1_7' title="bbox 1277 339 2282 1484">
     <span class='ocr_line' id='line_1_48' title="bbox 1277 339 2279 384; baseline 0.007 -16"><span class='ocrx_word' id='word_1_361' title='bbox 1277 339 1410 369; x_wconf 84' lang='lat' dir='ltr'>siastica</span> <span class='ocrx_word' id='word_1_362' title='bbox 1437 340 1522 379; x_wconf 76' lang='lat' dir='ltr'>[etc.‚</span> <span class='ocrx_word' id='word_1_363' title='bbox 1552 350 1665 379; x_wconf 63' lang='lat' dir='ltr'>supra,</span> <span class='ocrx_word' id='word_1_364' title='bbox 1693 347 1725 371; x_wconf 89' lang='lat' dir='ltr'>ut</span> <span class='ocrx_word' id='word_1_365' title='bbox 1753 343 1785 371; x_wconf 89' lang='lat' dir='ltr'>in</span> <span class='ocrx_word' id='word_1_366' title='bbox 1814 343 1926 372; x_wconf 73' lang='lat' dir='ltr'>cadem</span> <span class='ocrx_word' id='word_1_367' title='bbox 1952 344 2099 382; x_wconf 85' lang='lat' dir='ltr'>epistola.</span> <span class='ocrx_word' id='word_1_368' title='bbox 2129 355 2232 384; x_wconf 81' lang='lat' dir='ltr'>usque</span> <span class='ocrx_word' id='word_1_369' title='bbox 2258 348 2279 384; x_wconf 79' lang='lat' dir='ltr'>z]</span> 
     </span>
     <span class='ocr_line' id='line_1_49' title="bbox 1277 393 2278 435; baseline 0.007 -15"><span class='ocrx_word' id='word_1_370' title='bbox 1277 393 1526 429; x_wconf 81' lang='lat' dir='ltr'>gravaminibus</span> <span class='ocrx_word' id='word_1_371' title='bbox 1555 394 1786 432; x_wconf 76' lang='lat' dir='ltr'>opprimendo:</span> <span class='ocrx_word' id='word_1_372' title='bbox 1826 401 1956 433; x_wconf 79' lang='lat' dir='ltr'>propter</span> <span class='ocrx_word' id='word_1_373' title='bbox 1982 406 2044 435; x_wconf 76' lang='lat' dir='ltr'>quc</span> <span class='ocrx_word' id='word_1_374' title='bbox 2075 397 2212 428; x_wconf 70' lang='lat' dir='ltr'>ecclesie</span> <span class='ocrx_word' id='word_1_375' title='bbox 2242 408 2278 427; x_wconf 76' lang='lat' dir='ltr'>ac</span> 
     </span>
     <span class='ocr_line' id='line_1_50' title="bbox 1277 445 2280 481; baseline 0.008 -8"><span class='ocrx_word' id='word_1_376' title='bbox 1277 445 1477 474; x_wconf 86' lang='lat' dir='ltr'>monasteria</span> <span class='ocrx_word' id='word_1_377' title='bbox 1508 446 1547 474; x_wconf 83' lang='lat' dir='ltr'>ad</span> <span class='ocrx_word' id='word_1_378' title='bbox 1579 451 1701 475; x_wconf 86' lang='lat' dir='ltr'>tantam</span> <span class='ocrx_word' id='word_1_379' title='bbox 1734 447 1971 478; x_wconf 74' lang='lat' dir='ltr'>exinanitionis</span> <span class='ocrx_word' id='word_1_380' title='bbox 2003 449 2170 479; x_wconf 57' lang='lat' dir='ltr'>misniam</span> <span class='ocrx_word' id='word_1_381' title='bbox 2203 457 2280 481; x_wconf 81' lang='lat' dir='ltr'>sunt</span> 
     </span>
     <span class='ocr_line' id='line_1_51' title="bbox 1277 496 2279 539; baseline 0.007 -13"><span class='ocrx_word' id='word_1_382' title='bbox 1277 496 1426 531; x_wconf 75' lang='lat' dir='ltr'>deducta,</span> <span class='ocrx_word' id='word_1_383' title='bbox 1445 498 1530 536; x_wconf 83' lang='lat' dir='ltr'>quod</span> <span class='ocrx_word' id='word_1_384' title='bbox 1550 508 1611 528; x_wconf 89' lang='lat' dir='ltr'>non</span> <span class='ocrx_word' id='word_1_385' title='bbox 1634 505 1766 536; x_wconf 82' lang='lat' dir='ltr'>possunt</span> <span class='ocrx_word' id='word_1_386' title='bbox 1792 500 1961 530; x_wconf 84' lang='lat' dir='ltr'>ministros</span> <span class='ocrx_word' id='word_1_387' title='bbox 1978 503 2125 539; x_wconf 80' lang='lat' dir='ltr'>proprios</span> <span class='ocrx_word' id='word_1_388' title='bbox 2147 508 2279 533; x_wconf 81' lang='lat' dir='ltr'>susten-</span> 
     </span>
     <span class='ocr_line' id='line_1_52' title="bbox 1279 551 2280 591; baseline 0.007 -13"><span class='ocrx_word' id='word_1_389' title='bbox 1279 554 1357 579; x_wconf 86' lang='lat' dir='ltr'>tare.</span> <span class='ocrx_word' id='word_1_390' title='bbox 1379 551 1473 580; x_wconf 73' lang='lat' dir='ltr'>Unde</span> <span class='ocrx_word' id='word_1_391' title='bbox 1491 551 1576 580; x_wconf 73' lang='lat' dir='ltr'>idem</span> <span class='ocrx_word' id='word_1_392' title='bbox 1595 552 1860 590; x_wconf 76' lang='lat' dir='ltr'>arcliicpiscopns</span> <span class='ocrx_word' id='word_1_393' title='bbox 1879 558 1908 582; x_wconf 85' lang='lat' dir='ltr'>te</span> <span class='ocrx_word' id='word_1_394' title='bbox 1926 554 2036 591; x_wconf 81' lang='lat' dir='ltr'>sepius</span> <span class='ocrx_word' id='word_1_395' title='bbox 2060 555 2185 584; x_wconf 90' lang='lat' dir='ltr'>monuit</span> <span class='ocrx_word' id='word_1_396' title='bbox 2203 555 2280 585; x_wconf 89' lang='lat' dir='ltr'>dili-</span> 
     </span>
     <span class='ocr_line' id='line_1_53' title="bbox 1278 603 2279 643; baseline 0.008 -13"><span class='ocrx_word' id='word_1_397' title='bbox 1278 607 1402 639; x_wconf 72' lang='lat' dir='ltr'>gentcr.</span> <span class='ocrx_word' id='word_1_398' title='bbox 1416 607 1449 632; x_wconf 91' lang='lat' dir='ltr'>ut</span> <span class='ocrx_word' id='word_1_399' title='bbox 1465 603 1614 633; x_wconf 78' lang='lat' dir='ltr'>ecclesiis</span> <span class='ocrx_word' id='word_1_400' title='bbox 1632 608 1661 633; x_wconf 64' lang='grc' dir='ltr'>(τι</span> <span class='ocrx_word' id='word_1_401' title='bbox 1674 605 1884 634; x_wconf 78' lang='lat' dir='ltr'>monasteriis</span> <span class='ocrx_word' id='word_1_402' title='bbox 1897 614 1931 634; x_wconf 88' lang='lat' dir='ltr'>ac</span> <span class='ocrx_word' id='word_1_403' title='bbox 1945 607 2096 643; x_wconf 76' lang='lat' dir='ltr'>personis</span> <span class='ocrx_word' id='word_1_404' title='bbox 2110 607 2279 638; x_wconf 81' lang='lat' dir='ltr'>ccclesias-</span> 
     </span>
     <span class='ocr_line' id='line_1_54' title="bbox 1279 654 2278 698; baseline 0.008 -16"><span class='ocrx_word' id='word_1_405' title='bbox 1279 654 1352 683; x_wconf 82' lang='lat' dir='ltr'>ticis</span> <span class='ocrx_word' id='word_1_406' title='bbox 1379 654 1417 684; x_wconf 88' lang='lat' dir='ltr'>de</span> <span class='ocrx_word' id='word_1_407' title='bbox 1443 654 1593 693; x_wconf 85' lang='lat' dir='ltr'>dampnis</span> <span class='ocrx_word' id='word_1_408' title='bbox 1620 661 1649 684; x_wconf 74' lang='lat' dir='ltr'>ct</span> <span class='ocrx_word' id='word_1_409' title='bbox 1676 656 1808 694; x_wconf 85' lang='lat' dir='ltr'>injuriis</span> <span class='ocrx_word' id='word_1_410' title='bbox 1835 666 1891 695; x_wconf 84' lang='lat' dir='ltr'>per</span> <span class='ocrx_word' id='word_1_411' title='bbox 1917 662 1944 687; x_wconf 87' lang='lat' dir='ltr'>te</span> <span class='ocrx_word' id='word_1_412' title='bbox 1968 667 2003 687; x_wconf 85' lang='lat' dir='ltr'>ac</span> <span class='ocrx_word' id='word_1_413' title='bbox 2030 663 2101 688; x_wconf 88' lang='lat' dir='ltr'>tuos</span> <span class='ocrx_word' id='word_1_414' title='bbox 2125 660 2278 698; x_wconf 76' lang='lat' dir='ltr'>irrogatis</span> 
     </span>
     <span class='ocr_line' id='line_1_55' title="bbox 1278 707 2280 748; baseline 0.007 -13"><span class='ocrx_word' id='word_1_415' title='bbox 1278 707 1413 742; x_wconf 74' lang='lat' dir='ltr'>eisdem,</span> <span class='ocrx_word' id='word_1_416' title='bbox 1432 708 1642 738; x_wconf 70' lang='lat' dir='ltr'>satisfaceres</span> <span class='ocrx_word' id='word_1_417' title='bbox 1671 714 1904 747; x_wconf 60' lang='lat' dir='ltr'>competenter.</span> <span class='ocrx_word' id='word_1_418' title='bbox 1927 720 2098 748; x_wconf 75' lang='lat' dir='ltr'>personam</span> <span class='ocrx_word' id='word_1_419' title='bbox 2120 717 2218 748; x_wconf 82' lang='lat' dir='ltr'>tuam,</span> <span class='ocrx_word' id='word_1_420' title='bbox 2249 718 2280 743; x_wconf 84' lang='lat' dir='ltr'>ct</span> 
     </span>
     <span class='ocr_line' id='line_1_56' title="bbox 1278 760 2280 800; baseline 0.007 -12"><span class='ocrx_word' id='word_1_421' title='bbox 1278 760 1433 789; x_wconf 86' lang='lat' dir='ltr'>officiales</span> <span class='ocrx_word' id='word_1_422' title='bbox 1455 770 1491 789; x_wconf 87' lang='lat' dir='ltr'>ac</span> <span class='ocrx_word' id='word_1_423' title='bbox 1508 761 1656 791; x_wconf 85' lang='lat' dir='ltr'>subditos</span> <span class='ocrx_word' id='word_1_424' title='bbox 1679 766 1762 796; x_wconf 67' lang='lat' dir='ltr'>tuos,</span> <span class='ocrx_word' id='word_1_425' title='bbox 1781 771 1880 800; x_wconf 79' lang='lat' dir='ltr'>super</span> <span class='ocrx_word' id='word_1_426' title='bbox 1899 763 2068 800; x_wconf 79' lang='lat' dir='ltr'>premissis</span> <span class='ocrx_word' id='word_1_427' title='bbox 2093 764 2141 793; x_wconf 68' lang='lat' dir='ltr'>vel</span> <span class='ocrx_word' id='word_1_428' title='bbox 2159 766 2280 794; x_wconf 87' lang='lat' dir='ltr'>simili-</span> 
     </span>
     <span class='ocr_line' id='line_1_57' title="bbox 1277 812 2280 847; baseline 0.006 -6"><span class='ocrx_word' id='word_1_429' title='bbox 1277 812 1338 841; x_wconf 92' lang='lat' dir='ltr'>bus</span> <span class='ocrx_word' id='word_1_430' title='bbox 1354 813 1394 842; x_wconf 85' lang='lat' dir='ltr'>ab</span> <span class='ocrx_word' id='word_1_431' title='bbox 1410 813 1624 843; x_wconf 80' lang='lat' dir='ltr'>ecclesiarum</span> <span class='ocrx_word' id='word_1_432' title='bbox 1641 814 1801 844; x_wconf 75' lang='lat' dir='ltr'>molestiis</span> <span class='ocrx_word' id='word_1_433' title='bbox 1819 814 2011 844; x_wconf 81' lang='lat' dir='ltr'>cohibendo.</span> <span class='ocrx_word' id='word_1_434' title='bbox 2034 817 2107 846; x_wconf 78' lang='lat' dir='ltr'>Sed.</span> <span class='ocrx_word' id='word_1_435' title='bbox 2127 822 2156 846; x_wconf 87' lang='lat' dir='ltr'>te</span> <span class='ocrx_word' id='word_1_436' title='bbox 2174 818 2280 847; x_wconf 84' lang='lat' dir='ltr'>moni-</span> 
     </span>
     <span class='ocr_line' id='line_1_58' title="bbox 1279 865 2276 905; baseline 0.006 -11"><span class='ocrx_word' id='word_1_437' title='bbox 1279 865 1384 895; x_wconf 81' lang='lat' dir='ltr'>tiones</span> <span class='ocrx_word' id='word_1_438' title='bbox 1395 866 1541 904; x_wconf 85' lang='lat' dir='ltr'>ejusdem</span> <span class='ocrx_word' id='word_1_439' title='bbox 1556 866 1793 905; x_wconf 80' lang='lat' dir='ltr'>archicpiscopi</span> <span class='ocrx_word' id='word_1_440' title='bbox 1806 867 1914 897; x_wconf 88' lang='lat' dir='ltr'>surdis</span> <span class='ocrx_word' id='word_1_441' title='bbox 1927 868 2063 898; x_wconf 81' lang='lat' dir='ltr'>auribus</span> <span class='ocrx_word' id='word_1_442' title='bbox 2075 873 2276 900; x_wconf 75' lang='lat' dir='ltr'>transeunte.</span> 
     </span>
     <span class='ocr_line' id='line_1_59' title="bbox 1278 917 2278 959; baseline 0.005 -13"><span class='ocrx_word' id='word_1_443' title='bbox 1278 917 1376 947; x_wconf 87' lang='lat' dir='ltr'>idem.</span> <span class='ocrx_word' id='word_1_444' title='bbox 1395 923 1466 956; x_wconf 78' lang='lat' dir='ltr'>post</span> <span class='ocrx_word' id='word_1_445' title='bbox 1490 919 1687 949; x_wconf 81' lang='lat' dir='ltr'>monitiones</span> <span class='ocrx_word' id='word_1_446' title='bbox 1711 924 1738 948; x_wconf 80' lang='lat' dir='ltr'>ct</span> <span class='ocrx_word' id='word_1_447' title='bbox 1764 920 2005 957; x_wconf 68' lang='lat' dir='ltr'>expet-tationes</span> <span class='ocrx_word' id='word_1_448' title='bbox 2028 921 2185 951; x_wconf 83' lang='lat' dir='ltr'>diutinas.</span> <span class='ocrx_word' id='word_1_449' title='bbox 2204 932 2278 959; x_wconf 73' lang='lat' dir='ltr'>gra-</span> 
     </span>
     <span class='ocr_line' id='line_1_60' title="bbox 1278 969 2277 1010; baseline 0.006 -12"><span class='ocrx_word' id='word_1_450' title='bbox 1278 977 1394 998; x_wconf 89' lang='lat' dir='ltr'>vamen</span> <span class='ocrx_word' id='word_1_451' title='bbox 1410 969 1622 999; x_wconf 84' lang='lat' dir='ltr'>ecclesiarum</span> <span class='ocrx_word' id='word_1_452' title='bbox 1641 970 1780 1000; x_wconf 75' lang='lat' dir='ltr'>ulterius</span> <span class='ocrx_word' id='word_1_453' title='bbox 1799 972 2019 1010; x_wconf 76' lang='lat' dir='ltr'>equanimiter</span> <span class='ocrx_word' id='word_1_454' title='bbox 2036 974 2200 1004; x_wconf 80' lang='lat' dir='ltr'>sustinere</span> <span class='ocrx_word' id='word_1_455' title='bbox 2214 984 2277 1004; x_wconf 91' lang='lat' dir='ltr'>non</span> 
     </span>
     <span class='ocr_line' id='line_1_61' title="bbox 1278 1021 2277 1061; baseline 0.006 -11"><span class='ocrx_word' id='word_1_456' title='bbox 1278 1021 1402 1057; x_wconf 78' lang='lat' dir='ltr'>valens,</span> <span class='ocrx_word' id='word_1_457' title='bbox 1422 1024 1456 1051; x_wconf 91' lang='lat' dir='ltr'>in</span> <span class='ocrx_word' id='word_1_458' title='bbox 1477 1028 1542 1055; x_wconf 81' lang='lat' dir='ltr'>tua,</span> <span class='ocrx_word' id='word_1_459' title='bbox 1560 1023 1719 1053; x_wconf 87' lang='lat' dir='ltr'>baronum</span> <span class='ocrx_word' id='word_1_460' title='bbox 1739 1029 1769 1053; x_wconf 85' lang='lat' dir='ltr'>ct</span> <span class='ocrx_word' id='word_1_461' title='bbox 1786 1024 1924 1053; x_wconf 85' lang='lat' dir='ltr'>aliorum</span> <span class='ocrx_word' id='word_1_462' title='bbox 1947 1030 2075 1055; x_wconf 88' lang='lat' dir='ltr'>tuorum</span> <span class='ocrx_word' id='word_1_463' title='bbox 2096 1026 2277 1061; x_wconf 71' lang='lat' dir='ltr'>nominum,</span> 
     </span>
     <span class='ocr_line' id='line_1_62' title="bbox 1278 1075 2277 1117; baseline 0.004 -12"><span class='ocrx_word' id='word_1_464' title='bbox 1278 1075 1504 1112; x_wconf 86' lang='lat' dir='ltr'>episcoporum</span> <span class='ocrx_word' id='word_1_465' title='bbox 1522 1085 1651 1114; x_wconf 71' lang='lat' dir='ltr'>quoque</span> <span class='ocrx_word' id='word_1_466' title='bbox 1665 1081 1694 1105; x_wconf 84' lang='lat' dir='ltr'>ct</span> <span class='ocrx_word' id='word_1_467' title='bbox 1709 1077 1886 1106; x_wconf 88' lang='lat' dir='ltr'>multorum</span> <span class='ocrx_word' id='word_1_468' title='bbox 1903 1077 2132 1115; x_wconf 72' lang='lat' dir='ltr'>religiosorum</span> <span class='ocrx_word' id='word_1_469' title='bbox 2149 1088 2277 1117; x_wconf 85' lang='lat' dir='ltr'>presen-</span> 
     </span>
     <span class='ocr_line' id='line_1_63' title="bbox 1279 1127 2278 1168; baseline 0.007 -13"><span class='ocrx_word' id='word_1_470' title='bbox 1279 1127 1334 1161; x_wconf 87' lang='lat' dir='ltr'>tia,</span> <span class='ocrx_word' id='word_1_471' title='bbox 1353 1128 1649 1157; x_wconf 76' lang='lat' dir='ltr'>excommunicavit</span> <span class='ocrx_word' id='word_1_472' title='bbox 1674 1133 1738 1157; x_wconf 85' lang='lat' dir='ltr'>tam</span> <span class='ocrx_word' id='word_1_473' title='bbox 1765 1129 1903 1159; x_wconf 76' lang='lat' dir='ltr'>barones</span> <span class='ocrx_word' id='word_1_474' title='bbox 1928 1140 2025 1168; x_wconf 87' lang='lat' dir='ltr'>quam</span> <span class='ocrx_word' id='word_1_475' title='bbox 2047 1140 2160 1161; x_wconf 84' lang='lat' dir='ltr'>omncs</span> <span class='ocrx_word' id='word_1_476' title='bbox 2184 1133 2278 1163; x_wconf 85' lang='lat' dir='ltr'>alios.</span> 
     </span>
     <span class='ocr_line' id='line_1_64' title="bbox 1279 1180 2278 1220; baseline 0.008 -12"><span class='ocrx_word' id='word_1_477' title='bbox 1279 1180 1335 1218; x_wconf 91' lang='lat' dir='ltr'>qui</span> <span class='ocrx_word' id='word_1_478' title='bbox 1351 1180 1402 1210; x_wconf 87' lang='lat' dir='ltr'>vel</span> <span class='ocrx_word' id='word_1_479' title='bbox 1418 1180 1456 1210; x_wconf 86' lang='lat' dir='ltr'>de</span> <span class='ocrx_word' id='word_1_480' title='bbox 1474 1181 1626 1211; x_wconf 87' lang='lat' dir='ltr'>mandato</span> <span class='ocrx_word' id='word_1_481' title='bbox 1645 1187 1708 1211; x_wconf 91' lang='lat' dir='ltr'>tuo.</span> <span class='ocrx_word' id='word_1_482' title='bbox 1728 1182 1776 1212; x_wconf 79' lang='lat' dir='ltr'>vel</span> <span class='ocrx_word' id='word_1_483' title='bbox 1794 1182 1831 1212; x_wconf 73' lang='lat' dir='ltr'>(le</span> <span class='ocrx_word' id='word_1_484' title='bbox 1849 1184 1979 1220; x_wconf 86' lang='lat' dir='ltr'>propria</span> <span class='ocrx_word' id='word_1_485' title='bbox 1997 1185 2200 1219; x_wconf 68' lang='lat' dir='ltr'>auctoritato,</span> <span class='ocrx_word' id='word_1_486' title='bbox 2221 1195 2278 1216; x_wconf 88' lang='lat' dir='ltr'>seu</span> 
     </span>
     <span class='ocr_line' id='line_1_65' title="bbox 1279 1233 2279 1274; baseline 0.006 -13"><span class='ocrx_word' id='word_1_487' title='bbox 1279 1233 1463 1263; x_wconf 81' lang='lat' dir='ltr'>temeritate</span> <span class='ocrx_word' id='word_1_488' title='bbox 1479 1234 1598 1271; x_wconf 77' lang='lat' dir='ltr'>potius,</span> <span class='ocrx_word' id='word_1_489' title='bbox 1617 1234 1788 1264; x_wconf 78' lang='lat' dir='ltr'>occasione</span> <span class='ocrx_word' id='word_1_490' title='bbox 1805 1244 2023 1274; x_wconf 76' lang='lat' dir='ltr'>quacumque,</span> <span class='ocrx_word' id='word_1_491' title='bbox 2042 1237 2213 1274; x_wconf 79' lang='lat' dir='ltr'>premissis</span> <span class='ocrx_word' id='word_1_492' title='bbox 2231 1239 2279 1269; x_wconf 87' lang='lat' dir='ltr'>vel</span> 
     </span>
     <span class='ocr_line' id='line_1_66' title="bbox 1279 1285 2279 1321; baseline 0.005 -7"><span class='ocrx_word' id='word_1_493' title='bbox 1279 1285 1354 1315; x_wconf 87' lang='lat' dir='ltr'>aliis</span> <span class='ocrx_word' id='word_1_494' title='bbox 1373 1285 1539 1315; x_wconf 86' lang='lat' dir='ltr'>similibus</span> <span class='ocrx_word' id='word_1_495' title='bbox 1561 1287 1676 1321; x_wconf 79' lang='lat' dir='ltr'>modis,</span> <span class='ocrx_word' id='word_1_496' title='bbox 1694 1292 1807 1316; x_wconf 85' lang='lat' dir='ltr'>contra</span> <span class='ocrx_word' id='word_1_497' title='bbox 1821 1287 2005 1318; x_wconf 79' lang='lat' dir='ltr'>libertatem</span> <span class='ocrx_word' id='word_1_498' title='bbox 2023 1289 2279 1319; x_wconf 77' lang='lat' dir='ltr'>ecclesiasticam</span> 
     </span>
     <span class='ocr_line' id='line_1_67' title="bbox 1279 1338 2282 1378; baseline 0.005 -11"><span class='ocrx_word' id='word_1_499' title='bbox 1279 1338 1447 1373; x_wconf 78' lang='lat' dir='ltr'>ecclesias,</span> <span class='ocrx_word' id='word_1_500' title='bbox 1471 1340 1672 1369; x_wconf 87' lang='lat' dir='ltr'>monasteria</span> <span class='ocrx_word' id='word_1_501' title='bbox 1694 1340 1742 1369; x_wconf 79' lang='lat' dir='ltr'>vel</span> <span class='ocrx_word' id='word_1_502' title='bbox 1764 1350 1921 1378; x_wconf 85' lang='lat' dir='ltr'>personas</span> <span class='ocrx_word' id='word_1_503' title='bbox 1940 1341 2181 1372; x_wconf 78' lang='lat' dir='ltr'>ecclesiasticas</span> <span class='ocrx_word' id='word_1_504' title='bbox 2200 1343 2282 1372; x_wconf 87' lang='lat' dir='ltr'>Bra-</span> 
     </span>
     <span class='ocr_line' id='line_1_68' title="bbox 1280 1390 2280 1433; baseline 0.006 -14"><span class='ocrx_word' id='word_1_505' title='bbox 1280 1390 1452 1420; x_wconf 89' lang='lat' dir='ltr'>charensis</span> <span class='ocrx_word' id='word_1_506' title='bbox 1468 1391 1610 1421; x_wconf 88' lang='lat' dir='ltr'>diocesis</span> <span class='ocrx_word' id='word_1_507' title='bbox 1628 1398 1855 1429; x_wconf 81' lang='lat' dir='ltr'>presumerent</span> <span class='ocrx_word' id='word_1_508' title='bbox 1872 1402 2058 1430; x_wconf 71' lang='lat' dir='ltr'>aggravare.</span> <span class='ocrx_word' id='word_1_509' title='bbox 2082 1395 2148 1424; x_wconf 80' lang='lat' dir='ltr'>Nos</span> <span class='ocrx_word' id='word_1_510' title='bbox 2168 1395 2280 1433; x_wconf 75' lang='lat' dir='ltr'>igitur.</span> 
     </span>
     <span class='ocr_line' id='line_1_69' title="bbox 1280 1443 2280 1484; baseline 0.006 -12"><span class='ocrx_word' id='word_1_511' title='bbox 1280 1448 1312 1473; x_wconf 90' lang='lat' dir='ltr'>et</span> <span class='ocrx_word' id='word_1_512' title='bbox 1331 1443 1430 1473; x_wconf 87' lang='lat' dir='ltr'>saluti</span> <span class='ocrx_word' id='word_1_513' title='bbox 1451 1448 1505 1473; x_wconf 86' lang='lat' dir='ltr'>tue</span> <span class='ocrx_word' id='word_1_514' title='bbox 1523 1443 1706 1474; x_wconf 78' lang='lat' dir='ltr'>consulere,</span> <span class='ocrx_word' id='word_1_515' title='bbox 1727 1450 1757 1474; x_wconf 89' lang='lat' dir='ltr'>et</span> <span class='ocrx_word' id='word_1_516' title='bbox 1774 1445 1987 1475; x_wconf 85' lang='lat' dir='ltr'>ecclesiarum</span> <span class='ocrx_word' id='word_1_517' title='bbox 2010 1456 2045 1475; x_wconf 88' lang='lat' dir='ltr'>ac</span> <span class='ocrx_word' id='word_1_518' title='bbox 2068 1456 2280 1484; x_wconf 82' lang='lat' dir='ltr'>personarum</span> 
     </span>
    </p>
   </div>
   <div class='ocr_carea' id='block_1_8' title="bbox 1260 1496 2285 1539">
    <p class='ocr_par' dir='ltr' id='par_1_8' title="bbox 1260 1496 2285 1539">
     <span class='ocr_line' id='line_1_70' title="bbox 1260 1496 2285 1539; baseline 0.005 -13"><span class='ocrx_word' id='word_1_519' title='bbox 1260 1513 1264 1517; x_wconf 92' lang='lat'>-</span> <span class='ocrx_word' id='word_1_520' title='bbox 1280 1496 1580 1526; x_wconf 84' lang='lat' dir='ltr'>ecclesiasticarum</span> <span class='ocrx_word' id='word_1_521' title='bbox 1597 1497 1904 1535; x_wconf 84' lang='lat' dir='ltr'>indempnitatibus,</span> <span class='ocrx_word' id='word_1_522' title='bbox 1926 1498 2010 1528; x_wconf 87' lang='lat' dir='ltr'>sicut</span> <span class='ocrx_word' id='word_1_523' title='bbox 2028 1504 2187 1534; x_wconf 80' lang='lat' dir='ltr'>tenemur,</span> <span class='ocrx_word' id='word_1_524' title='bbox 2210 1510 2285 1539; x_wconf 88' lang='lat' dir='ltr'>prc-</span> 
     </span>
    </p>
   </div>
   <div class='ocr_carea' id='block_1_9' title="bbox 1279 1549 2285 2744">
    <p class='ocr_par' dir='ltr' id='par_1_9' title="bbox 1279 1549 2285 2744">
     <span class='ocr_line' id='line_1_71' title="bbox 1281 1549 2285 1590; baseline 0.005 -12"><span class='ocrx_word' id='word_1_525' title='bbox 1281 1558 1396 1579; x_wconf 78' lang='lat' dir='ltr'>cavere</span> <span class='ocrx_word' id='word_1_526' title='bbox 1410 1549 1569 1583; x_wconf 79' lang='lat' dir='ltr'>volentes,</span> <span class='ocrx_word' id='word_1_527' title='bbox 1588 1549 1801 1579; x_wconf 82' lang='lat' dir='ltr'>serenitatem</span> <span class='ocrx_word' id='word_1_528' title='bbox 1823 1555 1910 1579; x_wconf 81' lang='lat' dir='ltr'>tuam</span> <span class='ocrx_word' id='word_1_529' title='bbox 1932 1552 2125 1581; x_wconf 86' lang='lat' dir='ltr'>auctoritate</span> <span class='ocrx_word' id='word_1_530' title='bbox 2149 1562 2285 1590; x_wconf 83' lang='lat' dir='ltr'>presen-</span> 
     </span>
     <span class='ocr_line' id='line_1_72' title="bbox 1281 1601 2282 1640; baseline 0.005 -10"><span class='ocrx_word' id='word_1_531' title='bbox 1281 1601 1363 1630; x_wconf 86' lang='lat' dir='ltr'>tium</span> <span class='ocrx_word' id='word_1_532' title='bbox 1381 1601 1565 1631; x_wconf 87' lang='lat' dir='ltr'>districtius</span> <span class='ocrx_word' id='word_1_533' title='bbox 1582 1601 1773 1631; x_wconf 81' lang='lat' dir='ltr'>inhibemus</span> <span class='ocrx_word' id='word_1_534' title='bbox 1792 1612 1830 1632; x_wconf 91' lang='lat' dir='ltr'>ne</span> <span class='ocrx_word' id='word_1_535' title='bbox 1848 1612 1905 1640; x_wconf 84' lang='lat' dir='ltr'>per</span> <span class='ocrx_word' id='word_1_536' title='bbox 1926 1608 1966 1637; x_wconf 76' lang='lat' dir='ltr'>te,</span> <span class='ocrx_word' id='word_1_537' title='bbox 1987 1603 2036 1633; x_wconf 73' lang='lat' dir='ltr'>vel</span> <span class='ocrx_word' id='word_1_538' title='bbox 2056 1604 2211 1634; x_wconf 75' lang='lat' dir='ltr'>officiales</span> <span class='ocrx_word' id='word_1_539' title='bbox 2225 1611 2282 1635; x_wconf 86' lang='lat' dir='ltr'>aut</span> 
     </span>
     <span class='ocr_line' id='line_1_73' title="bbox 1282 1653 2282 1692; baseline 0.005 -10"><span class='ocrx_word' id='word_1_540' title='bbox 1282 1653 1440 1683; x_wconf 82' lang='lat' dir='ltr'>vassallos</span> <span class='ocrx_word' id='word_1_541' title='bbox 1470 1658 1554 1688; x_wconf 85' lang='lat' dir='ltr'>tuos,</span> <span class='ocrx_word' id='word_1_542' title='bbox 1582 1663 1739 1692; x_wconf 81' lang='lat' dir='ltr'>personas</span> <span class='ocrx_word' id='word_1_543' title='bbox 1771 1654 2013 1685; x_wconf 86' lang='lat' dir='ltr'>ecclesiasticas</span> <span class='ocrx_word' id='word_1_544' title='bbox 2036 1657 2210 1692; x_wconf 65' lang='lat' dir='ltr'>infamare,</span> <span class='ocrx_word' id='word_1_545' title='bbox 2232 1658 2282 1688; x_wconf 90' lang='lat' dir='ltr'>vel</span> 
     </span>
     <span class='ocr_line' id='line_1_74' title="bbox 1280 1707 2284 1748; baseline 0.004 -12"><span class='ocrx_word' id='word_1_546' title='bbox 1280 1707 1392 1736; x_wconf 89' lang='lat' dir='ltr'>domos</span> <span class='ocrx_word' id='word_1_547' title='bbox 1409 1707 1593 1745; x_wconf 80' lang='lat' dir='ltr'>infringere</span> <span class='ocrx_word' id='word_1_548' title='bbox 1612 1716 1671 1737; x_wconf 89' lang='lat' dir='ltr'>seu</span> <span class='ocrx_word' id='word_1_549' title='bbox 1692 1707 1775 1737; x_wconf 84' lang='lat' dir='ltr'>bona</span> <span class='ocrx_word' id='word_1_550' title='bbox 1797 1708 1942 1745; x_wconf 87' lang='lat' dir='ltr'>ipsarum</span> <span class='ocrx_word' id='word_1_551' title='bbox 1964 1709 2115 1747; x_wconf 88' lang='lat' dir='ltr'>diripere,</span> <span class='ocrx_word' id='word_1_552' title='bbox 2138 1711 2284 1748; x_wconf 87' lang='lat' dir='ltr'>predicto</span> 
     </span>
     <span class='ocr_line' id='line_1_75' title="bbox 1280 1759 2284 1801; baseline 0.005 -13"><span class='ocrx_word' id='word_1_553' title='bbox 1280 1759 1331 1789; x_wconf 85' lang='lat' dir='ltr'>vel</span> <span class='ocrx_word' id='word_1_554' title='bbox 1349 1759 1414 1788; x_wconf 88' lang='lat' dir='ltr'>alio</span> <span class='ocrx_word' id='word_1_555' title='bbox 1434 1759 1601 1788; x_wconf 87' lang='lat' dir='ltr'>consimili</span> <span class='ocrx_word' id='word_1_556' title='bbox 1620 1760 1725 1789; x_wconf 87' lang='lat' dir='ltr'>modo.</span> <span class='ocrx_word' id='word_1_557' title='bbox 1743 1769 1925 1797; x_wconf 76' lang='lat' dir='ltr'>presumas.</span> <span class='ocrx_word' id='word_1_558' title='bbox 1951 1761 1985 1791; x_wconf 81' lang='lat' dir='ltr'>Si</span> <span class='ocrx_word' id='word_1_559' title='bbox 2008 1770 2083 1791; x_wconf 87' lang='lat' dir='ltr'>vero</span> <span class='ocrx_word' id='word_1_560' title='bbox 2101 1762 2284 1801; x_wconf 83' lang='lat' dir='ltr'>archiepis-</span> 
     </span>
     <span class='ocr_line' id='line_1_76' title="bbox 1280 1812 2282 1853; baseline 0.005 -12"><span class='ocrx_word' id='word_1_561' title='bbox 1280 1821 1379 1850; x_wconf 89' lang='lat' dir='ltr'>copus</span> <span class='ocrx_word' id='word_1_562' title='bbox 1392 1812 1443 1841; x_wconf 84' lang='lat' dir='ltr'>vel</span> <span class='ocrx_word' id='word_1_563' title='bbox 1457 1812 1527 1850; x_wconf 87' lang='lat' dir='ltr'>ejus</span> <span class='ocrx_word' id='word_1_564' title='bbox 1540 1812 1655 1841; x_wconf 81' lang='lat' dir='ltr'>vicarii</span> <span class='ocrx_word' id='word_1_565' title='bbox 1670 1817 1782 1842; x_wconf 83' lang='lat' dir='ltr'>contra</span> <span class='ocrx_word' id='word_1_566' title='bbox 1799 1812 2040 1843; x_wconf 84' lang='lat' dir='ltr'>ecclesiasticos</span> <span class='ocrx_word' id='word_1_567' title='bbox 2056 1814 2143 1844; x_wconf 82' lang='lat' dir='ltr'>viros</span> <span class='ocrx_word' id='word_1_568' title='bbox 2157 1824 2282 1853; x_wconf 86' lang='lat' dir='ltr'>proces-</span> 
     </span>
     <span class='ocr_line' id='line_1_77' title="bbox 1280 1864 2283 1905; baseline 0.003 -11"><span class='ocrx_word' id='word_1_569' title='bbox 1280 1864 1383 1894; x_wconf 86' lang='lat' dir='ltr'>serint</span> <span class='ocrx_word' id='word_1_570' title='bbox 1401 1864 1485 1903; x_wconf 87' lang='lat' dir='ltr'>[etc.,</span> <span class='ocrx_word' id='word_1_571' title='bbox 1506 1869 1540 1893; x_wconf 88' lang='lat' dir='ltr'>ut</span> <span class='ocrx_word' id='word_1_572' title='bbox 1557 1873 1666 1902; x_wconf 81' lang='lat' dir='ltr'>supra,</span> <span class='ocrx_word' id='word_1_573' title='bbox 1684 1864 1716 1893; x_wconf 93' lang='lat' dir='ltr'>in</span> <span class='ocrx_word' id='word_1_574' title='bbox 1735 1864 1848 1894; x_wconf 83' lang='lat' dir='ltr'>eadem</span> <span class='ocrx_word' id='word_1_575' title='bbox 1865 1865 2013 1903; x_wconf 78' lang='lat' dir='ltr'>epistola,</span> <span class='ocrx_word' id='word_1_576' title='bbox 2029 1875 2133 1904; x_wconf 83' lang='lat' dir='ltr'>usque</span> <span class='ocrx_word' id='word_1_577' title='bbox 2152 1868 2171 1903; x_wconf 73' lang='grc' dir='ltr'>ε]</span> <span class='ocrx_word' id='word_1_578' title='bbox 2188 1868 2283 1905; x_wconf 87' lang='lat' dir='ltr'>peni-</span> 
     </span>
     <span class='ocr_line' id='line_1_78' title="bbox 1280 1917 2281 1958; baseline 0.003 -11"><span class='ocrx_word' id='word_1_579' title='bbox 1280 1922 1332 1947; x_wconf 89' lang='lat' dir='ltr'>tus</span> <span class='ocrx_word' id='word_1_580' title='bbox 1358 1917 1556 1947; x_wconf 84' lang='lat' dir='ltr'>desistendo.</span> <span class='ocrx_word' id='word_1_581' title='bbox 1589 1917 1758 1955; x_wconf 83' lang='lat' dir='ltr'>Alioquin,</span> <span class='ocrx_word' id='word_1_582' title='bbox 1789 1926 1862 1947; x_wconf 86' lang='lat' dir='ltr'>cum</span> <span class='ocrx_word' id='word_1_583' title='bbox 1895 1927 1958 1947; x_wconf 89' lang='lat' dir='ltr'>non</span> <span class='ocrx_word' id='word_1_584' title='bbox 1989 1919 2030 1948; x_wconf 87' lang='lat' dir='ltr'>sit</span> <span class='ocrx_word' id='word_1_585' title='bbox 2063 1920 2218 1958; x_wconf 77' lang='lat' dir='ltr'>cuiquam</span> <span class='ocrx_word' id='word_1_586' title='bbox 2247 1922 2281 1950; x_wconf 89' lang='lat' dir='ltr'>in</span> 
     </span>
     <span class='ocr_line' id='line_1_79' title="bbox 1281 1969 2280 2007; baseline 0.002 -7"><span class='ocrx_word' id='word_1_587' title='bbox 1281 1970 1390 2000; x_wconf 85' lang='lat' dir='ltr'>anime</span> <span class='ocrx_word' id='word_1_588' title='bbox 1407 1979 1464 1999; x_wconf 88' lang='lat' dir='ltr'>sue</span> <span class='ocrx_word' id='word_1_589' title='bbox 1488 1969 1670 2007; x_wconf 83' lang='lat' dir='ltr'>periculum</span> <span class='ocrx_word' id='word_1_590' title='bbox 1690 1970 1915 2006; x_wconf 67' lang='lat' dir='ltr'>deferendum,</span> <span class='ocrx_word' id='word_1_591' title='bbox 1941 1972 2073 2001; x_wconf 83' lang='lat' dir='ltr'>noveris</span> <span class='ocrx_word' id='word_1_592' title='bbox 2097 1981 2156 2001; x_wconf 84' lang='lat' dir='ltr'>nos</span> <span class='ocrx_word' id='word_1_593' title='bbox 2176 1974 2280 2004; x_wconf 88' lang='lat' dir='ltr'>eidem</span> 
     </span>
     <span class='ocr_line' id='line_1_80' title="bbox 1280 2022 2280 2060; baseline 0.003 -8"><span class='ocrx_word' id='word_1_594' title='bbox 1280 2022 1527 2060; x_wconf 88' lang='lat' dir='ltr'>archiepiscopo</span> <span class='ocrx_word' id='word_1_595' title='bbox 1560 2022 1682 2051; x_wconf 88' lang='lat' dir='ltr'>nostris</span> <span class='ocrx_word' id='word_1_596' title='bbox 1717 2022 1847 2052; x_wconf 88' lang='lat' dir='ltr'>dedisse</span> <span class='ocrx_word' id='word_1_597' title='bbox 1881 2023 2001 2053; x_wconf 85' lang='lat' dir='ltr'>litteris</span> <span class='ocrx_word' id='word_1_598' title='bbox 2032 2024 2216 2055; x_wconf 85' lang='lat' dir='ltr'>districtius</span> <span class='ocrx_word' id='word_1_599' title='bbox 2247 2026 2280 2055; x_wconf 91' lang='lat' dir='ltr'>in</span> 
     </span>
     <span class='ocr_line' id='line_1_81' title="bbox 1280 2074 2280 2115; baseline 0.004 -12"><span class='ocrx_word' id='word_1_600' title='bbox 1280 2074 1442 2112; x_wconf 87' lang='lat' dir='ltr'>preceptis</span> <span class='ocrx_word' id='word_1_601' title='bbox 1453 2079 1499 2109; x_wconf 88' lang='lat' dir='ltr'>ut,</span> <span class='ocrx_word' id='word_1_602' title='bbox 1519 2074 1584 2103; x_wconf 87' lang='lat' dir='ltr'>nisi</span> <span class='ocrx_word' id='word_1_603' title='bbox 1602 2079 1635 2103; x_wconf 92' lang='lat' dir='ltr'>tu</span> <span class='ocrx_word' id='word_1_604' title='bbox 1651 2074 1739 2103; x_wconf 84' lang='lat' dir='ltr'>infra</span> <span class='ocrx_word' id='word_1_605' title='bbox 1755 2080 1819 2104; x_wconf 85' lang='lat' dir='ltr'>tres</span> <span class='ocrx_word' id='word_1_606' title='bbox 1835 2084 1964 2105; x_wconf 85' lang='lat' dir='ltr'>menses</span> <span class='ocrx_word' id='word_1_607' title='bbox 1977 2083 2048 2114; x_wconf 87' lang='lat' dir='ltr'>post</span> <span class='ocrx_word' id='word_1_608' title='bbox 2063 2078 2280 2115; x_wconf 85' lang='lat' dir='ltr'>receptionem</span> 
     </span>
     <span class='ocr_line' id='line_1_82' title="bbox 1279 2126 2282 2164; baseline 0.004 -8"><span class='ocrx_word' id='word_1_609' title='bbox 1279 2126 1465 2156; x_wconf 87' lang='lat' dir='ltr'>litterarum</span> <span class='ocrx_word' id='word_1_610' title='bbox 1481 2132 1679 2162; x_wconf 85' lang='lat' dir='ltr'>nostrarum,</span> <span class='ocrx_word' id='word_1_611' title='bbox 1700 2126 1749 2156; x_wconf 79' lang='lat' dir='ltr'>vel</span> <span class='ocrx_word' id='word_1_612' title='bbox 1763 2126 2021 2164; x_wconf 82' lang='lat' dir='ltr'>publicationem</span> <span class='ocrx_word' id='word_1_613' title='bbox 2036 2138 2148 2158; x_wconf 86' lang='lat' dir='ltr'>earum</span> <span class='ocrx_word' id='word_1_614' title='bbox 2164 2130 2197 2159; x_wconf 89' lang='lat' dir='ltr'>in</span> <span class='ocrx_word' id='word_1_615' title='bbox 2212 2130 2282 2160; x_wconf 82' lang='lat' dir='ltr'>loco</span> 
     </span>
     <span class='ocr_line' id='line_1_83' title="bbox 1280 2179 2281 2218; baseline 0.005 -10"><span class='ocrx_word' id='word_1_616' title='bbox 1280 2179 1336 2209; x_wconf 91' lang='lat' dir='ltr'>ubi</span> <span class='ocrx_word' id='word_1_617' title='bbox 1352 2179 1468 2215; x_wconf 69' lang='lat' dir='ltr'>fueris,</span> <span class='ocrx_word' id='word_1_618' title='bbox 1481 2179 1628 2217; x_wconf 84' lang='lat' dir='ltr'>predicta</span> <span class='ocrx_word' id='word_1_619' title='bbox 1643 2180 1811 2209; x_wconf 81' lang='lat' dir='ltr'>curaveris</span> <span class='ocrx_word' id='word_1_620' title='bbox 1829 2179 2019 2218; x_wconf 81' lang='lat' dir='ltr'>adimplere,</span> <span class='ocrx_word' id='word_1_621' title='bbox 2034 2187 2063 2211; x_wconf 89' lang='lat' dir='ltr'>et</span> <span class='ocrx_word' id='word_1_622' title='bbox 2081 2182 2230 2213; x_wconf 82' lang='lat' dir='ltr'>ecclesiis</span> <span class='ocrx_word' id='word_1_623' title='bbox 2246 2192 2281 2213; x_wconf 85' lang='lat' dir='ltr'>ac</span> 
     </span>
     <span class='ocr_line' id='line_1_84' title="bbox 1280 2232 2282 2270; baseline 0.004 -9"><span class='ocrx_word' id='word_1_624' title='bbox 1280 2232 1491 2262; x_wconf 85' lang='lat' dir='ltr'>monasteriis</span> <span class='ocrx_word' id='word_1_625' title='bbox 1508 2232 1546 2262; x_wconf 87' lang='lat' dir='ltr'>de</span> <span class='ocrx_word' id='word_1_626' title='bbox 1566 2232 1716 2270; x_wconf 85' lang='lat' dir='ltr'>dampnis</span> <span class='ocrx_word' id='word_1_627' title='bbox 1733 2237 1763 2261; x_wconf 89' lang='lat' dir='ltr'>et</span> <span class='ocrx_word' id='word_1_628' title='bbox 1780 2232 1913 2270; x_wconf 84' lang='lat' dir='ltr'>injuriis</span> <span class='ocrx_word' id='word_1_629' title='bbox 1929 2242 1987 2270; x_wconf 90' lang='lat' dir='ltr'>per</span> <span class='ocrx_word' id='word_1_630' title='bbox 2004 2237 2032 2263; x_wconf 91' lang='lat' dir='ltr'>te</span> <span class='ocrx_word' id='word_1_631' title='bbox 2053 2243 2089 2263; x_wconf 85' lang='lat' dir='ltr'>ac</span> <span class='ocrx_word' id='word_1_632' title='bbox 2110 2239 2182 2264; x_wconf 84' lang='lat' dir='ltr'>tuos</span> <span class='ocrx_word' id='word_1_633' title='bbox 2198 2236 2282 2265; x_wconf 79' lang='lat' dir='ltr'>irro-</span> 
     </span>
     <span class='ocr_line' id='line_1_85' title="bbox 1280 2278 2282 2324; baseline 0.002 -9"><span class='ocrx_word' id='word_1_634' title='bbox 1280 2285 1364 2324; x_wconf 82' lang='lat' dir='ltr'>gatis</span> <span class='ocrx_word' id='word_1_635' title='bbox 1382 2285 1518 2319; x_wconf 71' lang='lat' dir='ltr'>eisdem,</span> <span class='ocrx_word' id='word_1_636' title='bbox 1538 2278 1741 2314; x_wconf 73' lang='lat' dir='ltr'>satisfeceris</span> <span class='ocrx_word' id='word_1_637' title='bbox 1758 2289 1991 2322; x_wconf 78' lang='lat' dir='ltr'>competenter,</span> <span class='ocrx_word' id='word_1_638' title='bbox 2009 2287 2204 2324; x_wconf 79' lang='lat' dir='ltr'>promittens</span> <span class='ocrx_word' id='word_1_639' title='bbox 2226 2288 2282 2317; x_wconf 89' lang='lat' dir='ltr'>fir-</span> 
     </span>
     <span class='ocr_line' id='line_1_86' title="bbox 1280 2337 2283 2378; baseline 0.002 -10"><span class='ocrx_word' id='word_1_640' title='bbox 1280 2339 1377 2368; x_wconf 89' lang='lat' dir='ltr'>miter</span> <span class='ocrx_word' id='word_1_641' title='bbox 1394 2347 1452 2376; x_wconf 91' lang='lat' dir='ltr'>per</span> <span class='ocrx_word' id='word_1_642' title='bbox 1466 2342 1616 2376; x_wconf 84' lang='lat' dir='ltr'>patentes</span> <span class='ocrx_word' id='word_1_643' title='bbox 1632 2337 1760 2366; x_wconf 82' lang='lat' dir='ltr'>litteras</span> <span class='ocrx_word' id='word_1_644' title='bbox 1783 2342 1854 2366; x_wconf 85' lang='lat' dir='ltr'>tuas</span> <span class='ocrx_word' id='word_1_645' title='bbox 1873 2338 1960 2376; x_wconf 83' lang='lat' dir='ltr'>quod</span> <span class='ocrx_word' id='word_1_646' title='bbox 1976 2339 2132 2369; x_wconf 87' lang='lat' dir='ltr'>articulos</span> <span class='ocrx_word' id='word_1_647' title='bbox 2151 2349 2283 2378; x_wconf 78' lang='lat' dir='ltr'>expres-</span> 
     </span>
     <span class='ocr_line' id='line_1_87' title="bbox 1280 2389 2279 2428; baseline 0.002 -8"><span class='ocrx_word' id='word_1_648' title='bbox 1280 2399 1333 2421; x_wconf 90' lang='lat' dir='ltr'>sos</span> <span class='ocrx_word' id='word_1_649' title='bbox 1350 2391 1514 2428; x_wconf 75' lang='lat' dir='ltr'>superius,</span> <span class='ocrx_word' id='word_1_650' title='bbox 1533 2398 1606 2419; x_wconf 88' lang='lat' dir='ltr'>cum</span> <span class='ocrx_word' id='word_1_651' title='bbox 1625 2389 1692 2419; x_wconf 88' lang='lat' dir='ltr'>sint</span> <span class='ocrx_word' id='word_1_652' title='bbox 1708 2389 1832 2427; x_wconf 85' lang='lat' dir='ltr'>dejure</span> <span class='ocrx_word' id='word_1_653' title='bbox 1849 2391 2027 2426; x_wconf 85' lang='lat' dir='ltr'>communi,</span> <span class='ocrx_word' id='word_1_654' title='bbox 2045 2391 2235 2422; x_wconf 74' lang='lat' dir='ltr'>observabis</span> <span class='ocrx_word' id='word_1_655' title='bbox 2252 2399 2279 2422; x_wconf 85' lang='lat' dir='ltr'>et</span> 
     </span>
     <span class='ocr_line' id='line_1_88' title="bbox 1280 2443 2281 2482; baseline 0 -8"><span class='ocrx_word' id='word_1_656' title='bbox 1280 2444 1382 2474; x_wconf 80' lang='lat' dir='ltr'>facies</span> <span class='ocrx_word' id='word_1_657' title='bbox 1404 2443 1584 2478; x_wconf 78' lang='lat' dir='ltr'>observari,</span> <span class='ocrx_word' id='word_1_658' title='bbox 1608 2443 1715 2472; x_wconf 86' lang='lat' dir='ltr'>eidem</span> <span class='ocrx_word' id='word_1_659' title='bbox 1736 2443 1983 2481; x_wconf 82' lang='lat' dir='ltr'>archiepiscopo</span> <span class='ocrx_word' id='word_1_660' title='bbox 2006 2449 2035 2473; x_wconf 88' lang='lat' dir='ltr'>et</span> <span class='ocrx_word' id='word_1_661' title='bbox 2059 2445 2128 2474; x_wconf 86' lang='lat' dir='ltr'>suis</span> <span class='ocrx_word' id='word_1_662' title='bbox 2152 2445 2281 2482; x_wconf 86' lang='lat' dir='ltr'>plenam</span> 
     </span>
     <span class='ocr_line' id='line_1_89' title="bbox 1281 2495 2280 2533; baseline 0.001 -7"><span class='ocrx_word' id='word_1_663' title='bbox 1281 2497 1492 2527; x_wconf 86' lang='lat' dir='ltr'>securitatem</span> <span class='ocrx_word' id='word_1_664' title='bbox 1512 2495 1718 2533; x_wconf 86' lang='lat' dir='ltr'>impendens,</span> <span class='ocrx_word' id='word_1_665' title='bbox 1738 2500 1766 2524; x_wconf 89' lang='lat' dir='ltr'>te</span> <span class='ocrx_word' id='word_1_666' title='bbox 1784 2504 1819 2524; x_wconf 82' lang='lat' dir='ltr'>ac</span> <span class='ocrx_word' id='word_1_667' title='bbox 1840 2500 1921 2530; x_wconf 87' lang='lat' dir='ltr'>tuos,</span> <span class='ocrx_word' id='word_1_668' title='bbox 1943 2495 2094 2529; x_wconf 72' lang='lat' dir='ltr'>barones,</span> <span class='ocrx_word' id='word_1_669' title='bbox 2112 2497 2280 2527; x_wconf 85' lang='lat' dir='ltr'>officiales.</span> 
     </span>
     <span class='ocr_line' id='line_1_90' title="bbox 1281 2547 2281 2585; baseline 0.001 -7"><span class='ocrx_word' id='word_1_670' title='bbox 1281 2549 1406 2578; x_wconf 88' lang='lat' dir='ltr'>balivos</span> <span class='ocrx_word' id='word_1_671' title='bbox 1424 2553 1453 2578; x_wconf 91' lang='lat' dir='ltr'>et</span> <span class='ocrx_word' id='word_1_672' title='bbox 1475 2548 1624 2578; x_wconf 86' lang='lat' dir='ltr'>subditos</span> <span class='ocrx_word' id='word_1_673' title='bbox 1646 2553 1718 2577; x_wconf 89' lang='lat' dir='ltr'>tuos</span> <span class='ocrx_word' id='word_1_674' title='bbox 1741 2547 1780 2576; x_wconf 90' lang='lat' dir='ltr'>ab</span> <span class='ocrx_word' id='word_1_675' title='bbox 1799 2547 2014 2577; x_wconf 88' lang='lat' dir='ltr'>ecclesiarum</span> <span class='ocrx_word' id='word_1_676' title='bbox 2034 2549 2281 2585; x_wconf 76' lang='lat' dir='ltr'>gravaminibus</span> 
     </span>
     <span class='ocr_line' id='line_1_91' title="bbox 1281 2599 2283 2640; baseline 0.002 -10"><span class='ocrx_word' id='word_1_677' title='bbox 1281 2601 1474 2635; x_wconf 75' lang='lat' dir='ltr'>cohibendo,</span> <span class='ocrx_word' id='word_1_678' title='bbox 1493 2600 1579 2630; x_wconf 89' lang='lat' dir='ltr'>idem</span> <span class='ocrx_word' id='word_1_679' title='bbox 1597 2599 1863 2637; x_wconf 88' lang='lat' dir='ltr'>archiepiscopus</span> <span class='ocrx_word' id='word_1_680' title='bbox 1882 2600 1993 2629; x_wconf 89' lang='lat' dir='ltr'>omnia</span> <span class='ocrx_word' id='word_1_681' title='bbox 2009 2601 2150 2638; x_wconf 84' lang='lat' dir='ltr'>capitula</span> <span class='ocrx_word' id='word_1_682' title='bbox 2167 2611 2283 2640; x_wconf 87' lang='lat' dir='ltr'>supra—</span> 
     </span>
     <span class='ocr_line' id='line_1_92' title="bbox 1281 2652 2283 2692; baseline 0 -9"><span class='ocrx_word' id='word_1_683' title='bbox 1281 2654 1394 2692; x_wconf 75' lang='lat' dir='ltr'>cripta,</span> <span class='ocrx_word' id='word_1_684' title='bbox 1428 2653 1556 2683; x_wconf 87' lang='lat' dir='ltr'>sublato</span> <span class='ocrx_word' id='word_1_685' title='bbox 1587 2653 1746 2691; x_wconf 88' lang='lat' dir='ltr'>cujusque</span> <span class='ocrx_word' id='word_1_686' title='bbox 1774 2652 2045 2682; x_wconf 86' lang='lat' dir='ltr'>contradictionis</span> <span class='ocrx_word' id='word_1_687' title='bbox 2079 2659 2108 2682; x_wconf 84' lang='lat' dir='ltr'>et</span> <span class='ocrx_word' id='word_1_688' title='bbox 2139 2654 2283 2691; x_wconf 85' lang='lat' dir='ltr'>appella-</span> 
     </span>
     <span class='ocr_line' id='line_1_93' title="bbox 1282 2705 2283 2744; baseline 0.001 -9"><span class='ocrx_word' id='word_1_689' title='bbox 1282 2707 1381 2736; x_wconf 87' lang='lat' dir='ltr'>tionis</span> <span class='ocrx_word' id='word_1_690' title='bbox 1396 2705 1576 2736; x_wconf 82' lang='lat' dir='ltr'>obstaculo.</span> <span class='ocrx_word' id='word_1_691' title='bbox 1591 2709 1770 2743; x_wconf 79' lang='lat' dir='ltr'>exequatur</span> <span class='ocrx_word' id='word_1_692' title='bbox 1784 2714 1790 2739; x_wconf 75' lang='grc' dir='ltr'><strong><em>ς</em></strong></span> <span class='ocrx_word' id='word_1_693' title='bbox 1811 2705 2066 2734; x_wconf 82' lang='lat' dir='ltr'>contradictores</span> <span class='ocrx_word' id='word_1_694' title='bbox 2081 2722 2120 2725; x_wconf 85' lang='lat'>—</span> <span class='ocrx_word' id='word_1_695' title='bbox 2135 2715 2283 2744; x_wconf 87' lang='lat' dir='ltr'>compes-</span> 
     </span>
    </p>
   </div>
   <div class='ocr_carea' id='block_1_10' title="bbox 1276 2757 2282 2797">
    <p class='ocr_par' dir='ltr' id='par_1_10' title="bbox 1276 2757 2282 2797">
     <span class='ocr_line' id='line_1_94' title="bbox 1276 2757 2282 2797; baseline 0 -8"><span class='ocrx_word' id='word_1_696' title='bbox 1276 2759 1401 2793; x_wconf 81' lang='lat' dir='ltr'>¹cendo;</span> <span class='ocrx_word' id='word_1_697' title='bbox 1426 2763 1457 2788; x_wconf 88' lang='lat' dir='ltr'>te</span> <span class='ocrx_word' id='word_1_698' title='bbox 1480 2759 1617 2795; x_wconf 84' lang='lat' dir='ltr'>insuper</span> <span class='ocrx_word' id='word_1_699' title='bbox 1645 2757 1809 2787; x_wconf 77' lang='lat' dir='ltr'>sententia</span> <span class='ocrx_word' id='word_1_700' title='bbox 1835 2758 2184 2788; x_wconf 76' lang='lat' dir='ltr'>excommunicationis</span> <span class='ocrx_word' id='word_1_701' title='bbox 2208 2768 2282 2797; x_wconf 89' lang='lat' dir='ltr'>per-</span> 
     </span>
    </p>
   </div>
   <div class='ocr_carea' id='block_1_11' title="bbox 1281 2810 2283 2954">
    <p class='ocr_par' dir='ltr' id='par_1_11' title="bbox 1281 2810 2283 2954">
     <span class='ocr_line' id='line_1_95' title="bbox 1281 2810 2281 2849; baseline -0.001 -7"><span class='ocrx_word' id='word_1_702' title='bbox 1281 2811 1415 2846; x_wconf 84' lang='lat' dir='ltr'>cellens,</span> <span class='ocrx_word' id='word_1_703' title='bbox 1439 2811 1510 2841; x_wconf 86' lang='lat' dir='ltr'>loca</span> <span class='ocrx_word' id='word_1_704' title='bbox 1534 2811 1573 2840; x_wconf 90' lang='lat' dir='ltr'>ad</span> <span class='ocrx_word' id='word_1_705' title='bbox 1597 2819 1659 2849; x_wconf 89' lang='lat' dir='ltr'>que</span> <span class='ocrx_word' id='word_1_706' title='bbox 1684 2815 1712 2839; x_wconf 89' lang='lat' dir='ltr'>te</span> <span class='ocrx_word' id='word_1_707' title='bbox 1737 2810 1891 2839; x_wconf 79' lang='lat' dir='ltr'>devenire</span> <span class='ocrx_word' id='word_1_708' title='bbox 1915 2810 2100 2847; x_wconf 71' lang='lat' dir='ltr'>contigerit.</span> <span class='ocrx_word' id='word_1_709' title='bbox 2125 2811 2281 2848; x_wconf 87' lang='lat' dir='ltr'>quamdiu</span> 
     </span>
     <span class='ocr_line' id='line_1_96' title="bbox 1281 2862 2281 2901; baseline 0.001 -8"><span class='ocrx_word' id='word_1_710' title='bbox 1281 2864 1328 2893; x_wconf 87' lang='lat' dir='ltr'>ibi</span> <span class='ocrx_word' id='word_1_711' title='bbox 1351 2864 1466 2897; x_wconf 70' lang='lat' dir='ltr'>fueris,</span> <span class='ocrx_word' id='word_1_712' title='bbox 1492 2868 1651 2901; x_wconf 86' lang='lat' dir='ltr'>supponat</span> <span class='ocrx_word' id='word_1_713' title='bbox 1678 2862 1902 2892; x_wconf 86' lang='lat' dir='ltr'>ecclesiastico</span> <span class='ocrx_word' id='word_1_714' title='bbox 1924 2862 2109 2898; x_wconf 84' lang='lat' dir='ltr'>interdicto,</span> <span class='ocrx_word' id='word_1_715' title='bbox 2133 2868 2163 2893; x_wconf 83' lang='lat' dir='ltr'>et</span> <span class='ocrx_word' id='word_1_716' title='bbox 2184 2865 2281 2894; x_wconf 81' lang='lat' dir='ltr'>faciat</span> 
     </span>
     <span class='ocr_line' id='line_1_97' title="bbox 1284 2915 2283 2954; baseline -0.001 -7"><span class='ocrx_word' id='word_1_717' title='bbox 1284 2917 1467 2947; x_wconf 85' lang='lat' dir='ltr'>sententias</span> <span class='ocrx_word' id='word_1_718' title='bbox 1492 2916 1581 2954; x_wconf 88' lang='lat' dir='ltr'>ipsas</span> <span class='ocrx_word' id='word_1_719' title='bbox 1608 2925 1712 2953; x_wconf 83' lang='lat' dir='ltr'>usque</span> <span class='ocrx_word' id='word_1_720' title='bbox 1741 2915 1779 2944; x_wconf 89' lang='lat' dir='ltr'>ad</span> <span class='ocrx_word' id='word_1_721' title='bbox 1805 2915 2064 2945; x_wconf 79' lang='lat' dir='ltr'>satisfactionem</span> <span class='ocrx_word' id='word_1_722' title='bbox 2090 2916 2283 2954; x_wconf 77' lang='lat' dir='ltr'>condignam</span> 
     </span>
    </p>
   </div>
  </div>
 </body>
</html>
