2423 3487
186 281 223 310 79
905 275 1142 306 11Εο1511105
1164 273 1219 302 DE
1241 265 1462 302 GREGOIRE
1486 274 1543 302 lx.
2235 272 2275 301 80

189 346 355 383 negotium
380 345 595 374 remittentes.
619 344 700 381 ipsis
722 343 872 372 dedimus
893 342 926 370 in
950 340 1114 370 mandatis
1137 342 1182 371 ut,

188 402 336 427 revocato
355 397 387 425 in
405 397 546 429 irritum,
568 397 595 424 si
613 396 689 433 quid
709 400 779 433 post
796 395 858 424 iter
875 394 914 423 ab
931 394 1042 423 codem
1060 393 1099 422 ad
1111 401 1184 430 pre-

187 449 326 478 sentiam
351 453 496 477 nostram
520 452 702 485 arreptum,
731 452 843 477 contra
864 447 972 484 ipsum
996 445 1185 474 invenirent

187 501 332 530 indebite
349 504 592 537 attunnptatum.
611 509 684 528 cum
703 499 888 537 prepositus
905 499 974 536 ipse
992 506 1055 526 non
1076 501 1182 534 posset

188 553 258 582 sine
280 553 435 590 periculo.
461 557 493 581 ut
517 552 655 586 dicebat,
681 552 720 581 ad
740 551 940 589 presentiam
963 558 1074 580 eorum
1092 557 1183 578 acce—

187 605 272 634 dere.
291 605 353 633 sibi
372 605 420 633 vel
435 604 554 633 deloco
571 608 639 633 tuto
656 604 706 633 vel
725 603 902 633 sufficienti
921 602 1098 632 securitate
1114 610 1183 638 pro-

188 657 267 686 viso.
289 657 419 694 scriptis
440 657 549 690 etiam,
568 666 630 694 que
651 656 711 685 sul»
729 655 817 685 bulla
834 659 944 684 nostra
962 654 1009 684 eis
1027 654 1183 683 transmi-

187 709 492 743 511111151010111053,
509 708 685 746 diligenter
697 708 865 746 inspectis,
883 708 912 737 si
924 716 1022 744 super
1038 706 1103 735 hiis
1120 714 1183 744 que

186 762 422 791 revocabantur
438 762 471 790 in
489 762 642 797 dubium,
664 762 711 791 eis
728 762 821 791 fieret
836 761 931 798 plena
948 760 1040 793 tides,
1059 764 1183 789 statue-

186 818 255 843 rent
275 813 359 852 quod
381 814 575 843 canonicum
594 814 777 848 videretur3
796 813 955 851 alioquin,
974 812 1001 842 si
1019 815 1183 841 constaret

186 866 307 895 dictum
325 866 465 904 priorem
477 866 742 904 jurisdictionem
758 865 895 895 minime.
909 865 1066 894 habuisse
1078 864 1129 894 vel
1145 864 1183 893 de

186 919 321 948 veritate
339 928 509 956 processus
527 927 590 947 nou
610 927 704 956 posse
721 918 846 948 doceri.
865 922 1055 947 revocantes
1073 921 1184 946 aucto-

187 971 281 1001 ritate
305 976 415 1001 nostra
443 980 632 1009 processum
654 971 854 1008 predictum,
879 975 909 1000 et
932 971 960 1000 si
985 970 1062 1008 quid
1087 979 1124 1000 ex
1147 979 1183 999 eo

186 1029 332 1053 secutum
351 1028 397 1053 est
415 1023 466 1053 rel
484 1023 523 1053 ob
540 1023 647 1059 illum,
672 1024 700 1053 si
716 1024 906 1053 invenirent
924 1023 1046 1052 dictum
1068 1031 1184 1060 prepo—

186 1076 285 1105 situm
302 1076 405 1105 fuisse
423 1077 460 1106 de
477 1076 665 1115 hujusmodi
682 1077 762 1106 vitio
778 1077 989 1112 infamatum,
1010 1085 1108 1114 super
1123 1076 1183 1105 boc

186 1128 324 1158 sollicite
346 1129 564 1167 inquirentes,
590 1130 676 1168 quod
701 1130 898 1159 canonicum
919 1130 1014 1164 foret,
1039 1128 1184 1167 appella-

187 1181 272 1211 tione
286 1182 476 1220 postposita,
489 1182 681 1212 diffinirent.
695 1183 895 1212 Memoratus
909 1191 985 1212 vero
999 1182 1182 1220 episcopus,

186 1233 260 1263 aliis
280 1239 471 1272 occupatus,
492 1235 661 1272 negotium
680 1235 789 1273 ipsura
807 1235 902 1264 nobis
922 1235 1040 1264 iterato
1057 1235 1185 1264 remisit

186 1287 362 1322 infectum,
381 1296 570 1325 quanquam
587 1288 772 1325 prepositus
789 1288 859 1326 ipse
876 1287 961 1326 apud
978 1296 1051 1317 eum
1069 1292 1099 1317 et
1118 1287 1184 1318 col-

186 1339 291 1377 legam
311 1349 406 1369 suum
429 1349 494 1369 non
517 1340 681 1370 modicum
698 1340 860 1370 institerit
887 1346 921 1370 ut
941 1341 976 1370 in
995 1350 1094 1370 causa
1110 1349 1184 1378 pro-

186 1392 337 1422 cederent
356 1398 548 1429 memorata,
569 1394 652 1423 sicut
672 1394 816 1432 episcopi
831 1394 940 1424 littere
958 1394 1183 1424 continebant.

187 1446 307 1475 Verum
326 1468 346 1474 ..
368 1445 511 1476 decanus
530 1451 561 1476 et
581 1469 602 1475 ..
623 1447 817 1477 scolasticus
835 1448 1031 1477 Bremenses
1048 1452 1078 1477 et
1095 1448 1185 1485 prior

187 1497 364 1536 predictus,
382 1499 553 1529 occasione
576 1500 746 1538 cujusdam
768 1500 920 1538 rescripti
941 1510 959 1530 a
982 1500 1064 1530 Sede
1080 1502 1185 1538 Apos-

188 1550 295 1586 tolica,
320 1551 457 1581 veritate
483 1552 596 1587 tacita,
622 1553 804 1591 impetrati,
828 1558 1045 1583 memoratum
1068 1562 1185 1592 prepo-

187 1604 288 1633 situm
326 1605 531 1642 prepositura
567 1605 810 1635 sententialiter
846 1607 1077 1645 privaverunt,
1114 1616 1186 1637 eam

188 1656 387 1691 Alexandro,
406 1657 578 1687 Bremensi
595 1658 761 1693 canonico,
783 1663 942 1697 quantum
960 1659 993 1688 in
1010 1659 1092 1697 ipsis
1109 1659 1186 1689 exti-

189 1710 236 1744 tit,
255 1710 478 1745 conscrentes;
497 1720 593 1749 quem
609 1720 798 1749 processum
814 1712 954 1742 dilectus
970 1712 1058 1743 filius
1076 1717 1187 1743 noster

187 1762 372 1802 T[homas]‚
401 1764 489 1793 tituli
513 1764 630 1794 Sancte
655 1765 776 1795 Sabine
803 1766 966 1803 presbiter
990 1766 1183 1803 cardinalis,

189 1825 287 1854 super
306 1816 367 1847 hoc
391 1826 407 1846 a
430 1817 524 1846 nobis
546 1817 640 1847 datus
662 1818 801 1853 auditor,
826 1819 864 1848 de
888 1823 999 1848 nostro
1020 1820 1184 1855 mandato,

183 1869 269 1908 juris
291 1870 503 1904 necessitate,
522 1871 675 1900 cassavit.
694 1871 863 1905 Ceterum,
884 1872 961 1910 quia
981 1882 1079 1910 super
1097 1872 1184 1908 aliis,

187 1927 317 1960 excepta
330 1923 433 1952 forma
448 1923 593 1953 mandati
605 1932 622 1953 a
634 1923 741 1961 legato
754 1929 830 1953 tunc
844 1925 934 1959 sacti,
951 1925 989 1955 de
1004 1935 1067 1964 qua
1082 1925 1186 1964 liquet

187 1974 227 2003 ad
243 1983 395 2012 presens,
421 1975 567 2005 nondum
588 1976 651 2005 suit
671 1977 705 2006 in
726 1977 830 2014 figura
848 1977 966 2016 judicii
985 1979 1071 2008 facta
1092 1979 1184 2015 fides,

187 2027 380 2057 mandamus
412 2032 574 2066 quatenus
602 2029 636 2057 in
664 2030 851 2067 supradicto
880 2031 1029 2068 negotio,
1058 2033 1186 2062 ratione

187 2080 316 2117 previa,
344 2081 545 2118 procedatis,
575 2082 667 2120 juxta
697 2082 897 2112 directarum
929 2084 969 2113 ad
1001 2085 1187 2115 nominatos

188 2132 375 2170 episcopum
393 2138 422 2163 et
440 2133 650 2163 scolasticum
669 2140 857 2165 nostrarum
877 2137 1117 2166 continentiam
1132 2138 1187 2167 lit-

188 2190 342 2219 terarum,
361 2186 513 2223 superius
527 2187 809 2225 comprehensam.
825 2189 875 2218 Ad
890 2188 961 2223 hec,
980 2190 1057 2228 quia
1073 2200 1187 2228 preno-

189 2238 332 2267 minatus
346 2239 530 2276 prepositus
542 2239 638 2277 longa
651 2241 871 2278 protractione
885 2242 1008 2279 negotii
1023 2243 1057 2271 in
1074 2243 1187 2273 multis

188 2290 332 2320 creditur
348 2291 504 2329 fatigatus
519 2291 688 2322 laboribus
705 2298 733 2322 et
752 2298 941 2324 attenuatus
962 2296 1125 2333 expensis,
1150 2297 1187 2326 de

189 2343 352 2381 sepedicte
375 2344 579 2381 prepositure
601 2350 632 2374 et
654 2345 818 2383 prebende
840 2347 1032 2377 Bremensis
1048 2358 1188 2386 proven-

189 2395 288 2430 tibus,
315 2396 371 2434 qui
395 2405 452 2434 per
480 2397 644 2434 prefatum
670 2398 811 2436 priorem
839 2399 874 2428 in
900 2408 958 2429 sue
986 2400 1188 2431 visitationis

189 2457 345 2486 processu
362 2450 559 2487 sequestrati
576 2451 680 2480 fuisse
699 2451 869 2487 dicuntur,
888 2453 994 2483 eidem
1010 2455 1186 2492 preposito,

190 2510 229 2531 ne
263 2506 394 2539 propter
423 2511 640 2540 expensarum
675 2504 839 2534 defectum
873 2510 1008 2543 cogatur
1038 2507 1188 2538 deserere

189 2562 321 2584 causam
345 2563 455 2591 suam,
483 2564 540 2594 per
562 2565 637 2591 vos,
665 2557 860 2588 auctoritate
884 2563 1012 2594 nostra,
1037 2559 1188 2591 volumus

189 2607 364 2644 provideri.
383 2608 475 2644 Quod
491 2609 519 2638 si
538 2618 603 2639 non
619 2618 732 2639 omnes
747 2614 805 2639 etc.
823 2611 896 2640 Dat.
914 2611 1057 2646 Perusii,
1070 2613 1098 2642 V
1113 2613 1188 2643 idus

183 2659 284 2698 junii,
301 2669 386 2690 anno
404 2670 501 2691 nono.
521 2673 534 2688 »

259 2818 377 2846 2622
774 2822 914 2854 Perouse,
929 2822 944 2847 ἰ’
960 2822 1024 2855 juin
1039 2822 1116 2849 1235.

225 2879 330 2906 Abbati
350 2881 452 2907 Sancti
467 2882 609 2909 Johannis
624 2882 812 2915 Senonensis,
829 2883 966 2915 Johanni,
983 2884 1189 2912 archidiacono

191 2928 367 2961 500011011κὶ,
396 2932 422 2955 et
446 2930 574 2957 Hem-ico
596 2931 631 2958 de
656 2932 816 2964 Inter-nato,
845 2931 1007 2958 Senonensi
1037 2933 1187 2966 canonico,

1268 338 1387 364 mandat
1403 343 1547 371 quatenus
1563 339 1699 365 abbatem
1713 338 1950 365 Flaviniaeensis
1965 338 2146 371 monasterii,
2159 353 2190 356 —
2203 346 2272 372 sup-

1267 387 1427 421 plicantem
1443 391 1472 414 ut
1489 387 1596 421 ipsum,
1614 387 1650 413 ab
1665 386 1814 413 Aeduensi
1831 386 1965 420 episc-opo
1979 389 2005 413 et
2020 386 2082 419 ejus
2097 386 2274 414 officialibus

1267 436 1392 461 diversis
1421 435 1764 461 excommunieationum
1797 434 1954 461 sententiis
1986 434 2109 467 ligatum
2140 436 2274 469 (propter

1267 484 1343 517 quod
1367 483 1577 510 monasterium
1600 483 1827 509 Flaviniaeense
1849 491 1906 509 non
1930 482 2079 509 modicum
2106 483 2275 510 incurrebat

1267 532 1502 563 detrimentum),
1519 531 1608 558 Sedes
1628 531 1799 565 Apostolica
1813 531 1849 557 ad
1865 532 2012 558 cautelam
2027 532 2135 558 faceret
2147 531 2275 565 absolvi,

1267 595 1298 598 —
1323 584 1439 614 recepta
1467 580 1571 607 idonea
1599 580 1735 606 cautione
1762 579 1798 606 ab
1820 579 1883 613 ipso
1908 579 1999 613 quod,
2027 580 2051 606 si
2081 588 2148 606 60111
2175 589 2272 607 coram

1266 629 1338 663 ipsis
1351 629 1515 655 constiterit
1530 629 1606 662 juste
1618 637 1668 663 per
1679 629 1745 655 illos
1758 629 1847 655 fuisse
1861 628 1997 662 ligatum,
2010 629 2128 656 deberet
2141 629 2273 663 ejusdem

1266 677 1394 711 episcopi
1418 677 1567 703 mandatis
1589 677 1722 709 obedire,
1744 677 1921 704 denuntient
1946 677 2064 711 publice
2087 677 2274 711 absolutum;

1265 725 1289 751 si
1305 733 1374 752 vero
1389 725 1445 752 rite
1462 726 1536 751 latas
1551 725 1721 752 invenerint
1733 725 1895 752 sententias
1909 725 2103 760 supradictas,
2116 726 2275 760 injungant

1265 775 1376 807 eidem,
1400 774 1454 801 sub
1474 782 1567 808 poena
1586 774 1745 808 praestitae
1765 774 1926 806 cautionis,
1948 777 1980 801 ut
2000 783 2087 808 super
2109 775 2162 801 hoc
2187 775 2276 802 ratio-

1267 824 1415 850 nabilibus
1434 823 1583 850 mandatis
1601 823 1766 850 Aeduensis
1785 823 1913 858 episcopi
1929 823 2057 850 obediat.
2078 839 2110 842 —-
2128 823 2277 856 (REG.1S,

1267 874 1286 898 f.
1299 872 1332 899 36
1345 875 1383 904 r⁰;
1405 880 1474 899 ann.
1492 872 1545 905 IX,
1562 880 1586 898 c.
1604 871 1670 904 103;
1686 887 1717 890 —
1731 872 1864 899 Monimo
1882 872 1961 904 1190,
1978 873 1998 898 f.
2015 872 2073 903 56.)

1309 986 1320 1000 α
1343 997 1362 1002 ..
1379 974 1481 1002 abbati
1498 974 1605 1003 Sancti
1627 974 1796 1007 Jolwnfnis,
1817 973 1969 1008 Johanni,
1994 974 2229 1009 archidiacono,
2249 979 2277 1003 el

1266 1027 1326 1055 Heu
1334 1027 1396 1056 rico
1415 1027 1448 1055 cle
1466 1027 1640 1062 Infernato,
1659 1027 1807 1055 canonico
1821 1014 2055 1055 Senonensibus.
2071 1025 2219 1056 Veniens
2235 1025 2276 1056 ad

1267 1079 1469 1117 presentiam
1495 1097 1543 1107 —.
1575 1080 1647 1108 Dat.
1678 1078 1827 1114 Perusii,
1857 1079 1921 1108 VII
1946 1078 2021 1108 idus
2049 1078 2153 1117 junii,
2188 1086 2279 1108 anno

1267 1141 1364 1162 ΠΟΠΟ.
1385 1144 1398 1158 >)

1337 1311 1457 1339 2323
1859 1311 1996 1343 Perouse,
2012 1311 2028 1336 ’ἵ
2043 1310 2108 1344 juin
2124 1310 2203 1336 1235.

1302 1373 1446 1406 Episcopo
1459 1372 1651 1404 Nivernensi,
1668 1375 1695 1399 et
1710 1372 1901 1399 Cistereiensi
1917 1374 1946 1398 et
1959 1371 1994 1398 de
2005 1371 2145 1398 Maceriis
2159 1371 2277 1398 abbati-

1267 1421 1329 1453 bus,
1349 1421 1455 1455 quibus
1475 1421 1667 1448 mandaverat
1686 1424 1717 1447 ut
1738 1420 1816 1447 inira
1834 1423 1892 1447 tres
1910 1428 2025 1447 menses
2043 1420 2073 1446 in
2095 1420 2210 1454 negotio
2227 1420 2276 1446 in—

1267 1470 1437 1504 quisitionis
1460 1469 1632 1496 monasterii
1655 1468 1891 1496 Flaviniacensis
1915 1468 2044 1495 finaliter
2067 1469 2274 1502 procederent,

1267 1519 1412 1553 significat
1428 1528 1457 1545 se
1473 1527 1626 1552 prorogare
1650 1519 1728 1545 11000
1748 1517 1922 1550 terminum,
1944 1521 2062 1551 petente
2085 1517 2190 1544 abbate
2209 1517 2276 1544 Fla-

1267 1567 1444 1600 viniacensi,
1465 1568 1496 1594 in
1513 1576 1562 1594 sex
1579 1575 1710 1599 menses;
1732 1567 1881 1601 negotium
1899 1566 2078 1593 sufficienter
2096 1567 2275 1594 instructum

1267 1617 1303 1643 ad
1317 1626 1441 1644 examen
1457 1617 1542 1644 Sedis
1555 1617 1743 1651 Apostolicae
1758 1616 1924 1643 remittant.
1941 1631 1972 1634 -
1989 1616 2075 1648 (Rea.
2091 1615 2134 1649 18,
2149 1616 2169 1642 f.
2185 1615 2218 1642 36
2233 1618 2277 1648 r⁰;

1268 1674 1337 1692 ann.
1354 1666 1406 1699 IX,
1424 1674 1448 1692 c.
1464 1666 1529 1697 1043
1545 1681 1576 1684 ——
1593 1666 1726 1693 MOREAU
1741 1665 1820 1698 1190,
1836 1666 1855 1692 f.
1873 1665 1929 1696 57.)

1310 1781 1322 1794 «
1340 1791 1359 1796 ..
1373 1769 1506 1806 episcopo
1516 1769 1711 1802 Nivernensi,
1725 1772 1751 1796 et
1769 1790 1788 1795 ..
1803 1767 1996 1796 Cn'slercz'ensi
2011 1771 2037 1795 et
2053 1789 2072 1794 ..
2088 1766 2122 1795 de
2137 1767 2280 1795 Macert'is

1268 1822 1435 1856 abbatibch,
1458 1822 1665 1851 Cabiloncnsis
1685 1821 1820 1850 diocesis.
1844 1819 1994 1849 Dilectus
2016 1819 2107 1849 filius
2134 1842 2154 1848 ..
2174 1818 2279 1848 abbas

1269 1874 1555 1911 Flavigniacensis
1575 1873 1771 1903 monasterii
1793 1872 1889 1902 nobis
1913 1872 2062 1911 exposuit
2084 1871 2182 1910 quod,
2201 1880 2278 1901 cum

1269 1927 1524 1966 inquisitionem
1536 1926 1643 1964 ipsius
1657 1925 1864 1959 monasterii,
1879 1925 1991 1954 tamin
2003 1925 2109 1963 capite
2126 1933 2224 1963 quam
2240 1923 2277 1954 in

1268 1979 1438 2015 membris,
1464 1979 1667 2018 experientie
1688 1983 1797 2008 vestre
1813 1977 1893 2008 olim
1909 1978 2102 2008 duxerimus
2126 1977 2281 2007 commit-

1270 2033 1420 2068 tendam,
1438 2041 1562 2072 vosque
1583 2032 1712 2062 abbatis
1730 2036 1761 2062 et
1776 2031 2015 2061 monachorum
2033 2040 2132 2069 super
2146 2030 2210 2060 hoc
2224 2039 2280 2061 re-

1270 2085 1677 2124 ceperitisjuramentum,
1695 2085 1839 2120 demum,
1859 2093 1926 2115 uno
1942 2087 2089 2114 vestrum
2105 2087 2224 2121 agente
2241 2083 2277 2112 in

1269 2139 1416 2173 remotis,
1443 2138 1508 2168 alio
1532 2147 1608 2168 vero
1633 2137 1810 2176 procedere
1834 2141 2024 2171 recusante,
2048 2136 2137 2166 idem
2161 2135 2278 2170 abbas,

1270 2196 1425 2230 gravatus
1451 2201 1517 2221 non
1541 2191 1708 2221 modicum
1733 2191 1773 2220 ab
1801 2191 1873 2230 ejus
1900 2190 2094 2224 diocesano,
2123 2189 2278 2219 videlieet

1269 2244 1454 2275 venerabili
1467 2245 1568 2274 fratre
1584 2248 1695 2274 nostro
1714 2267 1734 2272 ..
1752 2243 1904 2282 episcopo
1915 2243 2074 2278 Eduensi,
2090 2243 2130 2272 ad
2143 2250 2279 2281 presen-

1271 2297 1349 2327 tiam
1372 2302 1520 2327 nostram
1540 2297 1690 2332 accessit,
1711 2296 1877 2335 justitiam
1899 2295 2082 2334 petiturus;
2106 2295 2163 2334 qui
2187 2298 2280 2333 post-

1270 2351 1401 2380 modum
1424 2350 1589 2380 intellexit
1613 2350 1700 2389 quod
1722 2359 1799 2385 nos,
1824 2349 1865 2379 ad
1886 2348 2004 2379 falsam
2030 2348 2278 2386 suggestionem

1270 2404 1493 2442 quorundam,
1518 2403 1775 2441 proponentium
1797 2402 1884 2441 quod
1906 2406 1957 2438 tu,
1982 2402 2085 2431 frater
2108 2401 2278 2440 episcope,

1270 2456 1474 2494 impediebas
1497 2456 1532 2485 in
1558 2455 1690 2493 negotio
1715 2456 1787 2493 ipso
1813 2463 2019 2493 processum,
2046 2453 2282 2484 mandavimus

1270 2513 1305 2538 ut
1326 2509 1415 2538 infra
1434 2513 1500 2539 tres
1520 2517 1653 2539 menses
1675 2507 1898 2547 procederetis
1921 2507 2067 2537 finaliter
2090 2507 2126 2536 in
2144 2501 2277 2542 eodem,

1271 2562 1420 2601 alioquin
1449 2571 1523 2598 vos,
1558 2561 1619 2591 filii
1652 2562 1802 2598 abbates,
1835 2561 2029 2591 mandatum
2060 2559 2280 2599 apostolicum

1270 2616 1389 2654 exequi
1400 2615 1573 2645 curaretis.
1589 2615 1697 2651 Quare
1714 2614 1810 2644 nobis
1826 2613 2000 2644 humiliter
2016 2613 2214 2652 supplicavit
2229 2616 2277 2648 ut,

1271 2677 1356 2704 cum,
1379 2668 1562 2698 secundum
1585 2668 1774 2698 sanctiones
1795 2667 1990 2702 canonicas,
2013 2670 2142 2705 tempus
2165 2665 2207 2696 ad
2223 2665 2281 2695 in-

1271 2721 1470 2760 quirendum
1488 2721 1567 2750 adeo
1584 2720 1686 2750 artari
1702 2729 1768 2750 non
1788 2719 1916 2756 debeat,
1933 2718 2020 2758 quod
2041 2727 2059 2748 a
2080 2725 2278 2757 quacunque

1270 2778 1361 2812 parte
1384 2782 1580 2812 prepropere
1605 2773 1685 2811 quid
1707 2777 1834 2810 agatur,
1858 2771 1910 2802 vel
1929 2771 2145 2801 subtrahatur
2167 2770 2281 2800 defen-

1271 2826 1375 2856 sionis
1395 2826 1487 2864 copia
1505 2825 1686 2861 accusatis,
1706 2825 1878 2863 providere
1895 2833 1994 2863 super
2008 2823 2070 2854 hoc
2087 2822 2280 2853 misericor-

1271 2879 1356 2909 diter
1376 2878 1605 2916 di'gnaremur.
1624 2881 1839 2916 prorogantes
1857 2877 2035 2908 terminum
2051 2875 2278 2915 supradictum

1272 2936 1301 2961 et
1320 2932 1515 2961 mandantes
1533 2931 1572 2961 ad
1589 2930 1811 2969 Apostolicam
1829 2930 1947 2961 Sedem
1963 2930 2162 2960 instructum
2177 2937 2282 2966 nego-
