2423 3487
94 258 166 286 11:35)
815 257 1051 287 nicois‘rnns
1076 255 1128 284 DE
1152 249 1372 287 camonis
1398 259 1453 287 ix.
2115 260 2188 289 111111

90 324 176 353 dello,
193 325 333 356 potestate
348 323 540 353 Vercellensi,
557 332 608 349 nec
624 332 678 349 non
695 324 817 350 consilio
838 326 865 350 et
887 323 1002 349 civibus
1019 322 1094 349 civi-

91 372 158 397 tatis
171 371 367 397 Vei-cellensis
385 371 413 397 in
430 379 481 397 sua
495 371 659 405 pertinacia
672 371 907 405 persistentibus,
924 371 953 397 id
968 373 1021 397 est.
1038 379 1093 396 non

90 420 222 445 obstante
243 419 408 452 juramento
429 427 515 452 super
537 420 589 445 hoc
611 420 762 453 praestito,
785 420 935 446 cautiones
956 419 1095 445 exhibere

91 467 291 493 recusantibus
318 467 352 493 de
379 467 505 500 parendo
533 467 680 494 mandatis
709 467 873 499 Ecclesiae,
900 467 1034 493 inhibeat
1060 475 1095 493 ne

90 515 189 548 aliqua
201 515 307 541 civitas
321 516 367 541 vel
386 516 464 541 locus
478 515 594 542 vicinus
606 516 734 549 aliquem
748 516 783 542 de
799 516 859 542 illis
874 515 904 541 in
920 517 1093 549 potestatem

91 565 136 590 vel
163 566 301 590 rectorem
326 572 474 589 assumere
502 568 679 597 praesumat.
703 579 734 582 —
755 565 841 595 (Rae.
868 564 917 596 19,
944 565 963 590 f.
993 564 1026 590 56
1054 567 1093 595 1·“;

90 620 158 637 ann.
177 612 243 640 XII.
261 620 285 637 0.
303 612 370 642 29ος
390 626 419 629 -
437 613 474 638 cs.
493 619 587 643 supra,
604 620 632 638 n.
650 611 825 643 lesi-4089.)

131 724 142 738 «
163 713 333 749 ..episcopo
357 713 550 741 Novarieasi.
576 712 787 742 Venerabilis
813 713 915 741 frater
937 716 1049 742 noster
1074 735 1094 741 ..

89 765 260 803 opiscopus
276 764 499 794 Vercellensis
524 765 722 794 transmissa
746 765 840 795 nobis
866 765 1095 795 insinuatione

90 817 281 847 monstravit
299 817 396 855 quod,
416 817 491 846 licet
508 816 598 851 011111,
617 817 751 847 Oddone
766 817 805 847 de
822 817 998 851 Mandello,
1018 822 1096 847 tunc

90 873 247 907 potestate
283 868 507 898 Vei-cellensis
544 869 701 903 civitatis,
740 869 874 899 nomine
910 869 1096 900 communis

88 922 233 951 civitatis
253 921 410 958 ejusdem,
433 921 626 951 consulibus
648 922 761 952 Sancti
780 922 916 952 Eusebii
936 926 966 952 et
984 922 1096 952 Sancti

89 974 248 1012 Stephani
274 974 479 1009 societatum,
509 978 539 1004 et
565 979 631 1004 tam
656 974 865 1010 officialibus,
892 975 1096 1005 consiliariis

89 1037 187 1066 quam
203 1027 279 1057 aliis
294 1027 422 1056 civilius
435 1027 581 1057 civitatis
595 1028 751 1065 predicte,
768 1028 1095 1067 precisejurantibus

89 1085 175 1110 stare
197 1080 319 1110 nostris
339 1084 369 1109 et
393 1080 538 1118 episcopi
553 1080 705 1119 jamdicti
728 1081 892 1111 mandatis
910 1090 1008 1119 super
1029 1081 1095 1111 hiis

88 1142 143 1171 pro
158 1133 279 1172 quibus
296 1137 390 1162 erant
409 1133 762 1163 excommunicationis
782 1134 915 1163 vinculo
932 1134 1093 1170 innodati,

89 1186 149 1215 tibi
179 1185 367 1215 dederimus
398 1186 520 1215 nostris
547 1185 669 1216 litteris
699 1186 733 1215 in
766 1187 942 1221 mandatis,
967 1191 1001 1216 ut
1030 1192 1096 1216 tani

89 1242 235 1268 tenutam
250 1238 473 1268 munitionum
491 1247 589 1277 quam
606 1239 859 1276 pignoraticiam
877 1244 907 1269 et
923 1240 1097 1278 fidejusso-

89 1291 171 1320 riam
194 1291 365 1320 cautiones
391 1291 429 1321 de
452 1291 598 1328 parendo
625 1292 789 1321 mandatis
814 1292 1005 1331 hujusmodi
1028 1293 1097 1323 exi-

89 1352 181 1378 geres
200 1343 239 1372 ab
253 1343 398 1373 eisdem:
416 1343 481 1381 ipsi
497 1348 616 1377 tamen,
636 1344 793 1374 addentes
806 1349 936 1382 peccata
954 1345 1096 1383 peccatis

87 1401 118 1426 ot
146 1397 179 1425 in
204 1405 264 1425 sua
289 1395 438 1434 nequitia
466 1396 722 1434 dampnabiliter
752 1397 980 1434 perdurantes,
1004 1398 1097 1437 jura-

89 1449 191 1478 menti
209 1448 370 1486 religione
393 1458 429 1477 ac
453 1449 805 1479 excommunicationis
830 1451 996 1480 sententia
1021 1451 1097 1480 vili-

89 1501 209 1539 pensis,
233 1501 266 1530 id
290 1501 418 1531 efficere
440 1501 656 1539 pertinaciter
673 1507 953 1540 contempserunt„
981 1513 1097 1542 qnam-

87 1564 185 1593 ‹piam
204 1564 221 1584 a
239 1558 267 1584 te
283 1554 344 1583 sul)
359 1554 469 1584 debito
486 1555 615 1592 prestiti
631 1556 813 1594 juramenti
833 1566 931 1594 super
947 1557 1007 1587 hoc
1024 1557 1097 1595 plu-

90 1608 154 1637 ries
181 1607 306 1637 suerint
337 1607 492 1645 requisiti
517 1625 565 1637 —.
596 1608 792 1638 Mandamus
822 1614 1006 1647 quatenus,
1035 1611 1096 1640 suh

87 1660 359 1690 interminatione
375 1659 608 1695 anathematis,
624 1670 776 1698 expresse
792 1662 925 1692 studeas
942 1662 1096 1693 inhibere

89 1722 139 1747 ne,
155 1717 326 1750 potestate,
347 1712 486 1742 consilio
504 1718 534 1742 et
551 1713 679 1743 civibus
696 1714 966 1745 Vercellensihus
983 1716 1016 1745 in
1037 1725 1096 1746 sua

91 1766 271 1803 pertinacia
309 1766 581 1803 persistentibus,
617 1766 729 1805 aliqua
766 1768 882 1798 civitas
920 1769 970 1799 vel
1004 1769 1094 1799 locus

89 1819 218 1848 vicinus
240 1823 408 1856 presumat
427 1819 465 1848 de
482 1819 563 1856 ipsis
583 1819 616 1848 in
637 1824 832 1857 potestatem
856 1829 1025 1852 assumere
1045 1822 1096 1852 vel

89 1876 259 1906 rectorem,
279 1871 447 1901 civitatem
473 1881 532 1901 seu
550 1871 658 1902 locum
684 1872 742 1911 qui
764 1882 840 1902 eum
862 1875 1093 1912 assumpserit,

87 1924 244 1962 quamdiu
261 1924 307 1953 ibi
327 1924 438 1959 fuerit,
456 1933 644 1963 supponens
662 1925 888 1957 ecclesiastico
904 1927 1093 1957 interdicto.

88 1978 158 2007 Dat.
180 1981 339 2015 utsupra.
363 1990 375 2003 1>

159 2169 278 2197 4527
618 2171 748 2205 Anagni,
763 2172 795 2198 13
812 2172 927 2199 octobre
943 2173 1021 2199 1238.

122 2232 252 2257 Thomae
274 2232 309 2258 de
332 2233 415 2259 Bello
437 2232 542 2259 Mauso
567 2235 611 2265 (ε
636 2234 671 2260 de
692 2234 859 2266 Beaumes),
886 2236 1095 2262 archidiacono

87 2280 306 2312 Cameracensi,
324 2295 354 2298 -—
371 2289 437 2307 cum
460 2290 515 2315 quo
536 2282 606 2308 olim
626 2282 687 2316 ipse
704 2291 789 2317 papa,
811 2284 967 2310 attendens
983 2292 995 2309 ((
1015 2284 1095 2311 nobi-

87 2328 236 2354 »litatem
265 2329 389 2362 generis,
419 2330 601 2357 honestatem
630 2340 742 2358 morum
768 2334 795 2358 et
820 2332 929 2359 donum
959 2333 1093 2366 scientie,

88 2385 101 2401 11
123 2377 228 2410 quibus
244 2377 279 2403 ad
294 2377 483 2404 obtinendam
503 2379 659 2412 specialem
678 2380 802 2413 gratiam
819 2389 832 2405 1)
850 2380 926 2407 idem
946 2381 1095 2408 archidia-

87 2434 175 2451 conus
191 2425 363 2452 noscebatur
377 2426 524 2459 adjuvari,
541 2427 765 2461 ‹lispensaverat
781 2431 813 2455 ut
831 2437 890 2455 una
910 2438 976 2455 cum
996 2430 1095 2456 archi-

85 2473 242 2500 diaconatu
272 2474 493 2506 Cameracensi,
525 2484 624 2502 euram
653 2477 821 2503 animarum
847 2477 993 2509 habente,
1017 2478 1094 2504 vice-

87 2522 289 2548 (10111111111111111
317 2523 535 2550 1)»0111011110111οἵ1
556 2525 787 2558 praeposituram
812 2525 914 2552 Sancti
939 2526 1093 2560 Gaugerici

87 2570 308 2597 Cameracensis
330 2575 425 2605 posset
442 2572 577 2604 retinere,
599 2576 627 2599 et
644 2573 692 2606 qui
713 2575 897 2607 prmtmodum
914 2575 1028 2601 eosdem
1048 2576 1095 2601 vi-

86 2618 305 2645 cedominatum
324 2623 351 2645 et
374 2621 605 2653 praeposituram
625 2622 837 2655 resignaverat,
857 2638 887 2641 —-
905 2623 1039 2655 indulget
1063 2627 1094 2651 ut

91 2667 264 2693 Itemensem
282 2670 309 2694 et
327 2668 428 2694 Sancti
446 2669 547 2694 Amati
565 2669 738 2701 Duaeensis,
759 2671 963 2698 Atrebatensis
980 2672 1094 2699 dioece-

120 2788 139 2810 1.
159 2787 196 2811 La
211 2788 289 2818 lecon
305 2789 546 2812 vicedominatum
563 2790 760 2819 (viceiliiatum)
776 2798 808 2814 ne
821 2791 908 2821 parait
924 2792 956 2815 ici
972 2799 1095 2816 aucune—

86 2835 157 2854 ment
174 2832 320 2861 douteuse,
336 2839 391 2856 non
415 2834 475 2863 plus
493 2840 545 2863 que
565 2834 633 2857 dans
657 2835 681 2857 Ia
701 2834 778 2864 piece
800 2835 872 2863 3655;
898 2836 923 2859 Ia
944 2840 1007 2859 note
1028 2837 1094 2860 dont

88 2882 156 2898 nous
175 2883 260 2899 avons
279 2877 326 2900 fait
342 2877 435 2900 suivre
452 2880 522 2901 cette
539 2878 673 2908 premiere
691 2878 767 2908 piecc
788 2880 816 2909 (t.
835 2879 868 2908 11,
886 2881 938 2903 col.
955 2880 1008 2910 (347)
1029 2884 1093 2911 peut

87 2918 156 2941 -lonc
173 2920 229 2942 etre
246 2920 409 2944 consideree
426 2928 531 2944 comme
547 2923 695 2952 superflue.

1177 322 1226 354 sis,
1250 324 1477 357 praeposituras,
1500 333 1571 359 quas
1591 334 1620 351 se
1641 325 1819 359 proponebat
1839 326 1980 352 canonice
2002 329 2180 358 assecutum,

1177 374 1205 397 et
1219 371 1324 405 quibus
1338 372 1447 399 similis
1463 381 1532 399 cura
1550 382 1605 400 non
1622 373 1810 406 imminebat,
1829 382 1894 400 cum
1917 374 2066 408 praedicto
2087 374 2186 401 archi-

1177 419 1334 446 diaconatu
1356 421 1482 447 retinere
1502 422 1610 448 valeat.
1639 436 1669 440 —-
1696 422 1782 454 (ΒΕΘ.
1803 422 1847 454 19,
1870 424 1890 449 f.
1914 422 1948 449 56
1966 426 2005 455 r⁰;
2027 431 2096 449 ann.
2117 423 2186 456 XII,

1179 476 1203 494 c.
1218 468 1283 500 291;
1302 483 1333 486 -
1348 470 1385 495 ef.
1400 477 1496 502 supra,
1513 473 1540 496 n⁰
1556 470 1648 501 3655.)

1220 580 1232 594 α
1255 568 1387 608 T[h0me]
1414 569 1448 598 de
1474 570 1552 599 Bello
1577 570 1688 604 Mauso,
1717 571 1938 600 archidiacono
1963 571 2186 601 Cameracensi.

1179 622 1349 657 Quamvis,
1376 626 1507 660 propter
1534 623 1733 653 ambitiones
1763 641 1811 653 —.
1840 625 1913 654 Dat.
1942 624 2105 663 Anagnie,
2137 625 2186 655 III

1179 674 1253 704 idus
1270 674 1424 709 octobris,
1443 684 1529 705 anno
1543 675 1747 706 duodecimo.
1768 688 1780 703 11

1250 852 1369 880 4578
1709 855 1839 888 Anagni,
1856 855 1888 881 13
1904 854 2020 882 octobre
2036 854 2115 881 1238.

1213 915 1444 950 Archiepiscopo
1461 915 1624 942 Senonensi
1643 916 1765 943 mandat
1786 919 1940 950 quatenus,
1959 931 1989 935 —
2009 925 2075 943 cum
2093 917 2187 950 Drogo

1178 963 1213 989 de
1232 963 1358 990 Merloto
1376 965 1421 995 (z
1443 963 1557 995 Mello),
1585 964 1723 991 dominus
1754 965 1918 991 Locharum
1947 967 1991 997 (=
2018 966 2140 997 Loches)
2159 968 2187 992 et

1179 1011 1344 1038 Meduanae
1372 1014 1416 1044 (z
1442 1012 1615 1046 Mayenne),
1641 1015 1792 1047 assumpto
1817 1013 1912 1040 erucis
1939 1013 2033 1047 signo,
2062 1014 2187 1041 transire

1178 1061 1347 1095 disponeret
1376 1061 1406 1087 in
1435 1061 1600 1088 subsidium
1626 1062 1732 1088 Terrae
1766 1062 1893 1089 Sanctae
1922 1071 1989 1089 cum
2018 1063 2184 1090 honorabili

1179 1108 1353 1136 bellatorum
1381 1118 1513 1140 numero,
1539 1113 1567 1136 et
1596 1110 1691 1144 ipsum
1718 1113 1862 1143 oporteret
1888 1119 2061 1144 magnarum
2089 1111 2188 1138 subire

1178 1166 1266 1184 onera
1279 1166 1485 1192 expensarum,
1502 1158 1576 1184 —in
1591 1158 1676 1185 terris
1690 1159 1788 1185 fratris
1800 1160 1862 1193 ejus
1874 1162 1902 1186 et
1918 1168 2016 1186 eorum
2035 1164 2185 1194 nepotum,

1179 1214 1192 1232 (1
1214 1207 1374 1233 dummodo
1392 1209 1420 1233 et
1440 1207 1496 1241 ipsi
1514 1215 1566 1233 nec
1581 1207 1796 1241 assumpserint
1813 1208 1928 1241 signum
1947 1209 2052 1240 crucis,
2071 1217 2123 1235 nec
2139 1217 2185 1235 as-

1180 1264 1192 1281 »
1212 1264 1337 1288 sumere,
1348 1264 1398 1290 pro
1414 1265 1553 1283 succursu
1568 1256 1651 1282 illius
1663 1257 1761 1288 Terre,
1778 1260 1953 1291 proponant,
1968 1258 2186 1292 redemptiones

1180 1313 1193 1329 1)
1215 1308 1347 1331 votorum
1361 1305 1642 1339 crucesignatorum,
1656 1305 1704 1339 qui
1723 1308 1839 1339 propter
1851 1305 2049 1338 debilitatem,
2063 1315 2189 1341 pauper—

1180 1362 1193 1379 »
1215 1356 1306 1380 tatem
1334 1357 1361 1380 et
1390 1354 1594 1381 infirmitatem
1619 1357 1687 1380 sunt
1717 1354 1753 1380 ad
1782 1354 1874 1388 ipsius
1900 1355 1988 1381 Terre
2015 1363 2185 1382 succursum

1181 1410 1193 1426 »
1214 1402 1373 1434 inhabiles,
1394 1402 1416 1428 si
1447 1403 1577 1429 nondum
1603 1403 1670 1429 aliis
1696 1403 1754 1429 sint
1777 1403 1812 1429 de
1833 1403 1973 1429 mandato
1997 1411 2010 1429 »
2028 1403 2188 1437 apostolico

1180 1459 1342 1481 concessae,
1358 1451 1484 1477 fideliter
1500 1451 1630 1484 colligat,
1645 1454 1673 1477 et
1690 1460 1737 1477 eas
1753 1451 1848 1477 eidem
1871 1452 2009 1483 Drogoni,
2032 1455 2186 1486 postquam

1180 1499 1268 1525 fuerit
1285 1499 1314 1525 in
1332 1499 1464 1533 partibus
1485 1500 1705 1527 transmarinis.
1728 1500 1818 1526 iaciat
1838 1500 1901 1526 sinc
1917 1500 2117 1527 diminutione
2133 1500 2186 1527 ali-

1179 1556 1235 1581 qua
1256 1547 1410 1581 assignari.
1430 1562 1460 1565 —
1478 1548 1563 1579 (itm.
1577 1548 1620 1580 19,
1638 1549 1656 1574 1.
1668 1548 1701 1574 56
1717 1551 1761 1580 v⁰;
1779 1557 1848 1574 ann.
1863 1549 1930 1581 XII,
1943 1557 1967 1575 0.
1987 1549 2052 1581 292;
2072 1564 2103 1567 -
2120 1549 2188 1576 Mo-

1181 1605 1257 1623 REAU
1271 1596 1349 1627 1192,
1368 1597 1387 1622 l'.
1406 1596 1480 1627 191.)

1221 1709 1232 1723 a
1257 1720 1274 1726 ..
1298 1698 1523 1735 archiepiscopo
1544 1699 1723 1727 Senoncnsi.
1749 1698 1831 1728 Cum
1858 1697 1998 1728 dilectus
2021 1698 2110 1728 filius
2137 1716 2186 1728 -.

1180 1750 1251 1779 Dat.
1268 1750 1430 1787 Anagnie,
1451 1751 1499 1780 III
1516 1750 1590 1780 idus
1608 1750 1764 1785 octobris,
1783 1759 1869 1780 anno
1886 1750 2089 1780 duodecimo.
2112 1763 2124 1777 i)

1247 1927 1369 1955 4:3²9

1213 1990 1444 2024 Archiepiscopo
1466 1990 1643 2017 Dublineusi
1664 1991 1827 2025 postulanti
1849 1991 1983 2025 indulget
2007 1995 2048 2024 ut,
2065 2008 2099 2011 —
2119 2001 2184 2020 cum

1179 2039 1340 2073 plurimum
1358 2039 1504 2072 indigeret
1521 2039 1643 2066 consilio
1658 2039 1831 2073 peritorum,
1849 2040 1898 2073 qui
1916 2040 1941 2067 ei
1957 2041 1986 2067 in
2002 2041 2189 2069 exsecutione

1177 2087 1266 2114 officii
1283 2087 1438 2121 pastoralis
1454 2088 1635 2120 assisterent,
1654 2096 1706 2115 nec
1723 2088 1801 2122 ipsos
1818 2088 1924 2115 habere
1937 2090 2050 2116 valeret
2068 2089 2126 2116 nisi
2147 2090 2188 2117 eis

1178 2139 1347 2170 competens
1362 2136 1562 2163 ecclesiastica
1576 2137 1705 2170 provisio
1722 2137 1931 2170 assignaretur,
1947 2153 1978 2156 —
1995 2147 2060 2164 cum
2076 2138 2189 2166 duobus

1179 2185 1291 2211 idoneis
1308 2185 1434 2217 clericis,
1450 2193 1463 2210 (1
1481 2185 1556 2218 quod
1575 2185 1693 2212 illorum
1713 2189 1834 2219 uterque
1846 2185 1902 2212 duo
1921 2185 2064 2213 beneficia
2085 2195 2185 2214 curam

1179 2241 1192 2258 1)
1213 2233 1380 2260 animarum
1400 2233 1541 2260 habentia
1552 2233 1685 2260 obtinere
1702 2234 1800 2260 valeat
1808 2242 1833 2265 1),
1844 2237 1950 2260 etcum
1964 2235 2110 2261 «totidem
2125 2236 2188 2262 ille-

1179 2289 1192 2306 1)
1214 2282 1328 2315 gitimis
1342 2281 1469 2314 clericis,
1487 2282 1682 2316 competentis
1698 2282 1875 2315 litterature,
1893 2282 1966 2309 bone
1980 2285 2056 2309 fame
2072 2292 2105 2310 ac
2122 2292 2188 2310 con-

1179 2338 1192 2355 »
1214 2329 1390 2356 versationis
1402 2331 1532 2362 honeste,
1545 2331 1704 2357 dummodo
1716 2339 1772 2357 non
1786 2331 1846 2358 sint
1857 2331 1892 2358 (le
1904 2331 2060 2364 adulterio,
2073 2333 2188 2360 incestu

1710 1929 1840 1963 Anagni,
1857 1930 1890 1956 15
1905 1930 2021 1957 octobre
2039 1930 2116 1957 1238.

1179 2388 1192 2404 »
1214 2380 1261 2405 vel
1283 2379 1399 2405 clericis
1420 2379 1450 2405 111
1467 2380 1557 2406 sacris
1574 2380 1744 2407 constitutis
1761 2380 1914 2407 ordinibus
1938 2382 2092 2415 procreati,
2112 2382 2188 2416 quod

1179 2437 1191 2453 1)
1213 2428 1248 2454 ad
1265 2436 1361 2454 saeros
1377 2429 1493 2455 ordines
1520 2429 1683 2463 promoveri
1709 2430 1868 2461 valeant»,
1891 2429 2062 2463 dispensare
2086 2430 2186 2464 possit.

1180 2491 1208 2494 —
1227 2477 1313 2508 (lieo.
1330 2476 1373 2509 19,
1392 2478 1410 2503 f.
1428 2477 1462 2503 56
1476 2481 1519 2509 v”;
1536 2486 1606 2504 ann.
1630 2478 1697 2510 XII,
1715 2486 1739 2504 0.
1754 2478 1829 2508 293.)

1220 2589 1232 2603 «
1265 2600 1284 2606 ..
1312 2579 1536 2616 archiepiscopo
1566 2579 1755 2608 Diablinensi⁴
1779 2579 1824 2608 Ex
1849 2583 1939 2617 parte
1963 2583 2018 2609 tua
2041 2596 2087 2608 —.
2114 2580 2186 2609 Dat.

1178 2630 1340 2667 Anagnie,
1359 2630 1470 2661 idibus
1485 2631 1638 2667 octobris,
1658 2631 1870 2669 pontificatus
1887 2631 1991 2662 nostri
2008 2641 2094 2662 anno
2109 2632 2190 2662 duo-

1178 2682 1314 2712 decimo.
1337 2695 1349 2709 η

1248 2862 1367 2889 4580

1213 2923 1352 2956 Johanni,
1370 2925 1552 2951 thesaurario
1569 2924 1783 2952 Gerboredensi
1806 2926 1851 2956 (z
1871 2924 1906 2950 de
1928 2924 2099 2957 Gerbewy),
2117 2924 2187 2950 Bel-

1715 2863 1844 2896 Ana-gni,
1859 2863 1891 2889 12
1906 2863 2022 2889 octobre
2039 2862 2117 2889 1238.
