2423 3487
196 310 268 339 ωας
911 302 1145 333 izi-:uis'rnns
1169 300 1222 329 nn
1245 292 1466 329 GREGOIRE
1491 299 1547 328 ix.
2204 293 2279 322 1004

195 376 383 406 —(1tr‹;.19.
404 372 847 402 r.15r·‘:ann.xl1.c.s-2;-
866 367 1190 397 M‹›ns.u·1192.f.44;

193 438 223 442 --
241 426 277 449 ct.
293 431 386 455 supra,
405 426 432 447 n⁴¹
456 423 540 451 1319.)

234 536 245 549 a
270 546 288 551 ..
312 524 427 551 illustri
447 523 510 559 rcyi
534 522 716 557 Porluyalie.
734 521 878 557 spiritum
899 518 1021 546 consilii
1045 516 1189 545 sanioris.

193 575 227 605 Si
245 584 341 613 quam
357 574 499 611 graviter
517 574 580 603 Oza
599 581 775 611 percussus
793 571 904 601 fuerit.
927 578 964 599 eo
981 568 1066 608 quod
1082 576 1191 597 arcam

193 627 276 656 sacri
290 627 410 655 sederis
423 625 593 663 sacrilegis
608 624 805 663 presumpsit
820 622 974 652 manibus
987 621 1190 654 attrectare1.

193 679 302 709 debita
324 678 536 708 meditatione
558 686 726 715 pensares,
745 677 993 706 Sacrosanctam
1011 672 1190 703 Ecclesiam

194 731 357 761 offendere
382 730 570 760 nullatenus
594 734 815 767 attemptares.
841 728 890 756 Ad
918 731 1062 756 nostram
1087 724 1192 763 siqui-

195 784 266 813 dem
288 783 500 813 audientiam.
530 781 711 812 venerabili
736 781 836 810 fratre
866 784 976 808 nostro
1003 802 1020 807 ..
1047 777 1192 807 Bracha—

196 836 283 865 rensi
301 835 545 873 archiepiscopo
558 835 731 869 referente,
749 833 899 871 pervenit
915 831 1000 870 quod
1013 836 1046 860 tu
1063 847 1100 852 -—
1116 831 1193 860 Bra·

195 889 386 919 charensem
423 888 596 917 ecclesiam
629 886 766 916 decimis
803 885 970 923 regalibus
1008 884 1047 913 ab
1081 883 1194 913 inclite

196 941 430 971 recordationis
451 963 470 969 ..
488 949 564 977 rege
582 938 780 976 Portugalie.
799 942 889 976 patre
908 942 972 971 tuo,
991 935 1194 975 aliquamdiu

196 994 267 1024 sine
284 993 507 1023 controversia
524 992 700 1030 persolutis
717 991 834 1025 eidem,
856 999 891 1019 ac
909 989 1007 1019 rebus
1032 988 1108 1018 aliis
1128 987 1195 1017 illi-

195 1047 257 1077 cite
282 1046 440 1084 spoliasti.
467 1045 564 1076 Unde
589 1062 627 1066 —
649 1043 861 1074 serenitatem
884 1042 1007 1079 regiam
1029 1049 1194 1078 rogamus,

196 1108 366 1129 monemus
389 1099 573 1136 amentius]
594 1102 625 1127 et
645 1097 816 1126 hortamur
833 1100 1006 1134 quatenus,
1027 1094 1066 1123 ab
1086 1093 1195 1123 archi-

196 1152 338 1191 episcopi
352 1157 381 1181 et
394 1151 531 1181 ecclesie
544 1150 779 1189 premissorum
798 1158 896 1186 super
908 1147 1078 1186 premissis
1093 1146 1194 1176 omni-

197 1206 256 1235 bus
281 1205 429 1235 indebita
454 1204 683 1234 molestatione
703 1203 879 1236 desistens,
906 1202 1049 1230 decimas
1075 1204 1105 1229 et
1130 1199 1194 1229 alia

196 1258 383 1296 supradicta
413 1258 459 1287 eis
483 1257 657 1286 restituere
684 1264 747 1285 non
771 1259 958 1293 postponas,
987 1258 1017 1282 et
1042 1253 1130 1290 ipsos
1158 1261 1194 1281 ea

195 1311 304 1340 omnia
321 1311 359 1339 de
376 1314 483 1339 cetero
502 1309 634 1347 pacifice
652 1307 818 1346 possidere
846 1306 1027 1344 permittas.
1052 1313 1195 1342 congrue

196 1363 259 1392 sibi
287 1362 495 1392 satisfaciens
518 1362 556 1391 de
581 1361 769 1391 subtractis.
796 1359 954 1397 Alioquin
982 1358 1113 1387 noveris
1136 1366 1195 1387 nos

196 1415 324 1445 dilectis
340 1415 419 1444 siliis
442 1438 460 1443 ..
484 1415 616 1449 decano,
636 1415 670 1443 D.
693 1412 855 1447 Roderici,
877 1411 1108 1441 archidiacono
1125 1414 1156 1440 et
1174 1433 1193 1438 ..

198 1467 402 1497 thesaurario
418 1467 640 1497 Auriensibus
664 1466 698 1495 in
718 1466 839 1494 virtute
861 1464 1047 1494 obedientie
1072 1462 1195 1492 nostris

197 1520 326 1550 dedisse
342 1519 462 1549 litteris
479 1519 512 1548 in
530 1519 691 1557 preceptis
709 1523 743 1547 ut
762 1523 791 1547 te
814 1517 854 1547 ad
877 1516 1065 1554 supradicta
1084 1515 1196 1545 omnia

197 1577 351 1603 moneant
367 1577 398 1602 et
418 1572 593 1607 inducant;
621 1571 649 1601 si
674 1580 749 1601 vero
770 1576 802 1599 tu
826 1569 1066 1599 monitionibus
1084 1577 1196 1598 eorum

199 1626 407 1664 acquiescere
422 1625 568 1655 nolueris
585 1625 618 1653 in
632 1624 691 1654 hac
702 1628 804 1662 parte,
822 1623 922 1652 iidem
941 1627 969 1651 te
987 1622 1025 1651 ad
1037 1621 1108 1657 hec,
1122 1630 1195 1651 cum

199 1682 311 1707 contra
326 1679 429 1707 Deum
453 1677 510 1706 tibi
529 1678 562 1706 in
580 1677 688 1706 anime
708 1681 759 1706 tue
777 1675 959 1714 periculum
977 1675 1104 1704 deferre
1122 1674 1197 1704 nul-

199 1730 327 1760 latenus
341 1730 528 1765 debeamus,
550 1739 606 1768 per
622 1729 835 1759 interdictum
851 1727 995 1757 locorum
1013 1727 1052 1757 ad
1069 1736 1132 1767 que
1146 1726 1198 1757 de-

198 1783 340 1819 veneris,
357 1783 403 1812 ita
416 1783 512 1821 quod,
531 1782 688 1821 quamdiu
705 1782 751 1810 ibi
767 1781 882 1811 fueris.
903 1780 1030 1810 nullum
1046 1779 1133 1811 inibi
1148 1779 1199 1808 di-

199 1836 311 1865 vinum
327 1835 472 1865 officium
485 1835 535 1865 vel
548 1834 808 1865 ecclesiasticum
823 1838 1077 1868 sacramentum,
1091 1837 1199 1871 preter

200 1888 360 1926 baptisma
383 1888 594 1926 parvulorum
614 1892 643 1917 et
667 1887 867 1925 penitentias
887 1886 1113 1921 morientium,
1138 1885 1199 1915 ali-

199 1945 361 1979 quatenus
378 1940 571 1975 celebretur,
588 1940 781 1970 auctoritate
802 1944 923 1974 nostra,
943 1938 1072 1969 sublato
1088 1939 1200 1978 cujus-

199 2002 261 2032 que
278 1993 505 2031 appellationis
521 1998 552 2023 et
567 1993 838 2023 contradictionis
850 1992 1098 2030 impedimento,
1116 2001 1200 2022 com-

201 2046 334 2084 pellant.
345 2047 417 2076 Non
431 2046 640 2076 obstantibus
657 2046 894 2076 constitutione
906 2046 944 2076 de
958 2045 1085 2075 duabus
1102 2045 1200 2076 dietis

199 2098 286 2128 edita
303 2099 336 2127 in
354 2099 492 2128 concilio
509 2099 666 2136 generali,
680 2099 727 2129 ita
744 2104 852 2128 tamen
870 2098 956 2137 quod
970 2098 1057 2128 ultra
1069 2098 1199 2128 tertiam

200 2151 251 2181 vel
268 2156 417 2189 quartam
435 2157 523 2181 extra
540 2161 677 2190 regnum
696 2151 885 2189 Pol-tugalie
905 2151 944 2180 ad
957 2151 1121 2190 judicium
1135 2160 1200 2181 non

201 2204 355 2239 traharis,
370 2204 418 2233 vel
433 2204 639 2242 indulgentia
653 2204 762 2243 aliqua
776 2204 862 2243 [etc.,
877 2213 980 2242 usque
995 2203 1014 2242 z]
1032 2204 1201 2233 interdicti

203 2257 399 2286 sententiam
417 2256 533 2287 audeat
549 2256 767 2294 promulgare.
786 2258 858 2286 Dat.
874 2257 1041 2291 Laterani,
1061 2257 1106 2286 VI
1126 2256 1200 2286 idus

203 2308 293 2344 maii,
310 2308 518 2346 pontificatus
537 2310 640 2339 nostri
659 2319 745 2339 anno
763 2309 966 2339 duodecimo.
987 2321 999 2335 ι

236 2431 335 2454 4327.
351 2442 381 2444 -
400 2428 548 2461 Scriptum
566 2430 609 2454 est
625 2427 706 2454 c'll't'SQ.

270 2593 385 2621 4328
811 2595 931 2626 Latran,
946 2595 961 2620 5
976 2595 1034 2621 mai
1049 2595 1127 2622 1238.

234 2655 342 2681 Abbati
367 2658 393 2681 et
412 2656 499 2688 priori
523 2655 606 2682 Beati
636 2656 747 2683 Juliani
770 2657 960 2686 Turonensis,
982 2657 1119 2690 petitioni
1149 2657 1201 2685 ab-

200 2703 275 2730 batis
297 2707 324 2730 et
345 2707 506 2730 conventus
531 2705 699 2731 monasterii
724 2705 928 2739 Burguliensis
949 2714 1092 2739 annuens,
1119 2715 1201 2733 man-

199 2753 249 2778 ‹lat
271 2756 423 2785 quatenus.
450 2767 481 2770 —
505 2753 528 2779 si
552 2753 593 2779 eis
617 2753 783 2780 constiterit
805 2754 952 2787 prioratus
973 2754 1007 2780 de
1029 2755 1148 2788 Buceio,
1165 2755 1200 2782 de

231 2865 251 2888 1.
268 2865 307 2889 Cf.
324 2865 337 2888 2
353 2865 421 2889 Rae..
438 2866 484 2894 Vl,
501 2867 550 2890 0-7.

227 2909 251 2933 2.
269 2909 467 2934 C'est-a-dire:
486 2930 500 2934 ..
518 2913 636 2939 decano,
652 2913 681 2935 D.
698 2912 838 2940 Rodemci,
852 2912 1053 2935 archidiacono
1069 2915 1093 2935 et
1111 2932 1125 2936 ..
1146 2914 1199 2936 the-

195 2955 327 2977 saurario
342 2955 537 2978 Auri'eusibus.

1275 365 1387 393 Foceio.
1405 365 1440 391 ‹le
1455 364 1542 391 Ozeio
1563 366 1589 390 et
1604 364 1639 389 de
1657 363 1766 389 Sancto
1780 362 1885 393 Lauro,
1904 360 2081 387 monasterio
2094 360 2190 388 eidem
2206 359 2280 386 Bur-

1274 413 1400 446 guliensi
1426 412 1599 439 immediate
1616 410 1773 444 subjectos.
1793 409 1828 436 ad
1852 417 1923 442 quos
1946 408 2107 436 Gaufridus
2127 408 2163 434 de
2183 407 2279 434 Liezi-

1275 461 1369 488 niaco.
1387 460 1574 487 pictavensis
1596 458 1748 489 dioec-esis,
1773 457 1822 491 qui
1845 457 1874 483 in
1891 456 2000 483 eisdem
2018 455 2196 492 prioratibus
2212 464 2278 482 cum

1275 515 1364 541 parvo
1380 507 1522 534 comitatu
1539 505 1718 532 charitative
1739 504 1887 538 procurari
1903 507 2104 533 consueverat,
2126 506 2196 530 tunc
2212 511 2279 529 cum

1275 555 1368 581 nimia
1391 554 1585 581 multitudine
1601 553 1768 585 accedebat,
1789 553 1826 579 ab
1846 553 1956 579 eisdem
1976 552 2195 588 procurationes
2214 554 2282 578 tan—

1275 611 1361 637 quam
1386 603 1500 629 debitas
1521 606 1693 636 extorquere
1712 609 1912 635 praesumens,
1929 601 1965 629 ad
1982 600 2202 635 procurationes
2223 599 2282 627 ali-

1275 660 1346 685 quas
1367 651 1459 677 teneri
1483 651 1577 677 eidem
1604 650 1758 680 (jaufrido,
1780 665 1813 668 ——
1831 650 1899 676 illas
1921 649 2080 677 secundam
2099 649 2280 683 aequitatem

1275 700 1420 726 moderari
1437 702 1554 731 eurent3
1576 699 1707 733 alioquin
1727 698 1863 725 eumdem
1882 697 2058 726 Gaufridum
2077 700 2181 731 cogant
2196 699 2228 724 ut
2245 696 2283 724 ab

1275 748 1409 774 indebita
1418 747 1587 781 hujusmodi
1597 747 1750 774 exactione
1762 746 1960 780 conquiescat.
1970 745 2151 778 —(R1;c.19,
2164 745 2226 772 f.15
2235 748 2282 776 v⁰;

1275 805 1344 822 ann.
1362 796 1430 828 XII,
1448 805 1471 822 e.
1489 796 1545 826 83.)

1318 902 1330 917 α
1352 912 1371 918 ..
1389 891 1489 919 abbati
1505 895 1530 918 et
1549 912 1568 918 ..
1586 891 1688 927 priori
1706 891 1789 921 Beati
1804 890 1928 919 Juliani
1946 890 2140 918 Turonensis.
2162 887 2283 918 Dilecti

1276 942 1338 972 filii
1358 965 1377 971 ..
1395 942 1496 972 abbas
1519 959 1568 971 —-.
1586 943 1660 972 Dat.
1684 942 1852 978 Laterani,
1876 943 1927 972 III
1950 950 2055 972 nonas
2078 941 2170 977 maii,
2196 950 2284 971 anno

1277 995 1480 1026 duodecimo.
1503 1008 1515 1022 n

1346 1153 1467 1181 4329
1877 1154 1998 1185 Latran,
2013 1153 2047 1180 10
2061 1153 2120 1179 mai
2134 1152 2212 1179 1238.

1313 1216 1482 1247 Alienorae‚
1497 1216 1587 1243 sorori
1602 1216 1678 1249 regis
1696 1217 1874 1250 Anglorum,
1892 1215 1996 1243 scribit
2015 1224 2020 1242 :
2039 1223 2053 1241 (ι
2071 1216 2165 1250 Super
2181 1214 2287 1242 matri-

1278 1272 1292 1290 »
1314 1265 1412 1291 monio
1442 1265 1517 1298 quod
1548 1264 1625 1291 inter
1650 1267 1677 1291 te
1703 1273 1736 1291 ac
1761 1265 1889 1291 nobilem
1915 1265 2013 1291 virum
2039 1261 2225 1298 S[ym0nem]
2250 1263 2287 1290 de

1279 1321 1293 1340 2)
1314 1313 1417 1340 Monte
1436 1313 1527 1346 Furti,
1546 1313 1684 1340 comitem
1703 1313 1874 1346 Leicestrie,
1896 1313 1926 1340 in
1952 1313 2028 1340 facie
2050 1312 2182 1340 Ecclesie
2195 1312 2288 1339 intel·

1280 1370 1292 1388 »
1315 1362 1444 1389 leximus
1458 1370 1521 1388 esse
1538 1365 1733 1394 contractum,
1756 1361 1839 1388 nobis
1860 1364 1887 1388 et
1905 1361 2046 1388 fratribus
2064 1361 2171 1387 nostris
2187 1364 2256 1388 sunt
2270 1369 2288 1387 a

1279 1418 1292 1435 n
1314 1410 1440 1438 diversis
1460 1410 1579 1437 diversa
1603 1411 1711 1443 relata,
1734 1419 1784 1444 per
1805 1419 1860 1444 que
1882 1418 1938 1436 non
1955 1409 2088 1437 vidimus
2109 1410 2285 1443 contraJ'am

1279 1466 1293 1485 ι)
1314 1461 1498 1486 contractum
1522 1458 1746 1485 matrimonium
1772 1458 2014 1493 presumendum.
2042 1465 2056 1483 »
2076 1472 2108 1476 —
2132 1458 2218 1489 (REG.
2242 1457 2288 1490 19,

1278 1508 1299 1535 f.
1312 1507 1346 1534 15
1359 1510 1403 1539 v⁰3
1420 1515 1489 1533 ann.
1505 1507 1573 1540 XII,
1591 1516 1615 1534 c.
1633 1507 1690 1539 84.)

1322 1614 1334 1628 «
1352 1603 1451 1631 Nobili
1471 1603 1595 1631 mulieri
1616 1601 1790 1640 A[lienore],
1813 1603 1912 1631 sorori
1931 1601 2091 1631 karissimi
2112 1602 2146 1630 ‘in
2169 1601 2290 1630 Christo

1279 1655 1340 1692 filii
1362 1656 1460 1683 nostri
1475 1677 1494 1683 ..
1512 1656 1590 1692 rcyz's
1605 1656 1775 1692 Anylorum
1791 1656 1936 1684 illustris.
1955 1655 2060 1692 Super
2076 1654 2290 1684 matrimonio

1281 1707 1425 1746 quod—.
1442 1708 1514 1737 Dat.
1533 1708 1700 1743 Laterani,
1717 1707 1847 1738 VIidus
1857 1707 1948 1743 maii,
1960 1716 2046 1737 anno
2055 1707 2260 1737 duodecimo.
2273 1719 2287 1733 »

1315 1825 1416 1848 4330.
1435 1836 1466 1839 —
1483 1821 1516 1848 In
1533 1821 1657 1848 eundem
1674 1821 1794 1849 modum
1811 1821 1897 1847 nobili
1915 1822 1974 1847 viro
1992 1820 2126 1854 Slymonil
2148 1820 2179 1846 de
2201 1821 2290 1846 Monte

1281 1870 1367 1902 Forti,
1382 1871 1475 1896 comiti
1493 1870 1642 1895 Leicestrie.

1353 2024 1464 2051 4331
1893 2024 2014 2055 Latran‚
2031 2023 2047 2049 7
2063 2022 2122 2050 mai
2139 2022 2217 2050 1238.

1319 2086 1434 2117 Ottoni.
1456 2086 1558 2113 Sancti
1575 2086 1692 2113 Nicolai
1710 2086 1739 2113 in
1762 2086 1885 2114 Carcere
1899 2086 2038 2113 Tulliano
2054 2085 2177 2112 diacono
2193 2085 2291 2112 cardi-

1284 2135 1356 2166 nali,
1380 2135 1568 2168 Apostolicae
1593 2135 1678 2161 Sedis
1699 2136 1804 2168 legato,
1826 2134 1973 2168 signifieat
1994 2143 2033 2166 se,
2050 2136 2082 2160 ut
2098 2133 2161 2168 ipse
2177 2134 2290 2168 legatus

1283 2183 1357 2209 sciat
1375 2183 1502 2217 qualiter
1518 2183 1548 2209 in
1566 2184 1643 2210 facto
1661 2182 1853 2218 A[lien0rae],
1872 2183 1978 2210 sororis
1994 2182 2070 2216 regis
2085 2182 2222 2216 Angliae,
2238 2182 2291 2209 de-

1284 2233 1351 2259 beat
1369 2241 1398 2259 se
1423 2233 1538 2265 habere,
1556 2233 1581 2259 ei
1599 2234 1723 2259 formam
1741 2232 1910 2259 litterar-um
1934 2232 2029 2259 eidem
2050 2229 2231 2266 A[lienorae]
2253 2231 2291 2258 ab

1284 2281 1346 2314 ipso
1364 2289 1439 2315 papa
1461 2281 1653 2313 directarum,
1672 2281 1878 2315 praesentibus
1900 2281 2078 2312 inclusam¹‚
2105 2280 2233 2307 mittere.
2257 2293 2289 2298 -

1283 2329 1370 2359 (Rno.
1385 2328 1428 2360 19,
1445 2330 1463 2355 f.
1482 2329 1514 2355 15
1530 2332 1574 2360 νος
1589 2337 1659 2355 ann.
1675 2329 1742 2361 XII,
1760 2338 1784 2355 c.
1799 2328 1855 2359 85.)

1325 2435 1337 2449 «
1367 2423 1502 2462 0[ltonz'],
1530 2424 1636 2453 Sancti
1655 2424 1774 2452 Nic-olai
1799 2425 1831 2452 in
1852 2424 1975 2453 Carcere
2002 2423 2145 2452 Tulliano
2164 2422 2292 2452 diacono

1283 2476 1448 2511 cardinali,
1472 2476 1636 2514 Apostolice
1654 2476 1738 2505 Sedis
1767 2476 1871 2513 legato.
1896 2476 1941 2506 Ut
1969 2475 2055 2505 scias
2081 2474 2224 2514 qualiter
2239 2491 2290 2503 -.

1284 2529 1357 2557 Dat..
1376 2528 1543 2563 Laterani,
1559 2528 1656 2558 nonis
1672 2528 1763 2565 maii,
1785 2536 1872 2558 anno
1889 2527 2092 2558 duodecimo.
2113 2539 2126 2554 n

1353 2694 1470 2722 4332
1859 2694 1981 2726 Latran,
1998 2693 2029 2720 31
2047 2701 2125 2720 mars
2142 2692 2219 2720 1238.

1319 2756 1436 2785 Heliae.
1454 2756 1554 2783 abbati
1574 2756 1741 2788 Usercensi,
1759 2756 1871 2782 ordinis
1887 2755 1982 2782 sancti
1998 2755 2165 2787 Benedicti,
2186 2755 2294 2782 Lemo-

1315 2869 1336 2892 l.
1363 2868 1404 2893 Cf.
1427 2869 1452 2892 la
1474 2869 1550 2899 piece
1575 2869 1651 2897 432&
1672 2873 1743 2893 cette
1761 2868 1896 2900 premiere
1917 2869 1994 2899 piece
2019 2868 2087 2892 n’est
2108 2876 2168 2899 pas,
2186 2874 2290 2892 comme

1282 2913 1407 2943 pourrait
1422 2914 1446 2937 le
1463 2914 1530 2937 faire
1549 2914 1638 2937 croire
1654 2913 1835 2944 l'expression
1851 2920 1857 2936 ε
1874 2921 1887 2936 ι
1907 2913 2098 2944 praesentibus
2118 2913 2250 2937 inclusam
2268 2919 2292 2942 n,

1283 2958 1446 2988 reproduite
1461 2958 1476 2980 a
1493 2964 1621 2981 nouveau
1637 2957 1704 2981 dans
1719 2957 1745 2980 la
1760 2956 1838 2988 piece
1854 2956 1922 2981 4331.
