2423 3487
198 325 251 353 ‘211
914 318 1151 350 REGISTRES
1174 316 1228 345 DE
1251 310 1472 347 GREGOIRE
1496 318 1553 347 lx.
2218 321 2273 352 212

198 391 232 419 in
252 394 335 419 etate
352 389 456 418 adhuc
479 394 588 417 tenera
607 387 822 421 constitutus,
841 385 1026 425 juventutis
1048 393 1105 413 sue
1127 382 1194 421 pri-

199 442 309 471 mitias
323 443 462 471 otl'crens
477 442 543 470 Deo
557 450 627 471 suo,
646 450 680 469 ac
696 448 758 469 non
774 439 879 469 solum
896 448 953 468 sua
969 438 1025 467 sed
1041 446 1075 467 se
1087 437 1195 474 ipsum

198 494 364 531 abnegans
391 498 520 531 propter
545 492 731 526 Christum,
761 491 872 521 tulerit
897 500 1026 521 crucem
1050 490 1136 527 ejus,
1161 492 1194 517 ut

198 546 289 576 illius
305 546 524 584 opprobrium,
544 545 655 584 quo[d]
671 545 699 573 ei
720 554 736 573 a
756 544 831 574 fidei
849 548 958 573 nostre
974 542 1125 572 hostibus
1146 550 1196 571 ex-

198 598 399 637 probratur¹,
420 598 532 635 possit.
553 598 580 626 si
594 597 664 635 ipse
683 597 819 631 dederit,
836 596 1012 625 vindicare.
1034 595 1115 625 Cum
1133 593 1197 631 igi-

199 649 710 687 tur,sicutac‹·epinuis‚quedam
721 647 1196 686 colligationesillicitecontra

199 703 339 733 eundem
356 711 475 739 regem,
499 702 532 730 in
549 701 767 740 prejudicium
779 701 866 739 juris
880 700 942 734 sui,
962 709 978 729 a
998 698 1196 737 quibusdam

200 754 377 785 nobilibus.
392 759 456 783 tam
471 759 555 783 terre
568 762 625 783 sue
639 762 736 792 quam
750 753 835 787 aliis,
855 753 920 781 sint
937 754 1140 789 presumpte,
1157 749 1197 779 ad

199 816 337 846 quarum
349 806 612 836 observationem
624 815 658 835 se
672 803 1053 843 colligantesjuramenti
1066 802 1198 832 vinculo

199 860 434 893 astrinxerunt,
453 859 646 888 mandamus
658 862 832 896 quatenus,
849 857 878 886 si
894 861 940 886 est
956 857 1012 886 ita.
1031 865 1198 894 presump-

200 919 285 944 tores
308 912 495 951 hujusmodi
517 916 568 944 ut,
587 912 775 950 juramento
792 919 857 940 non
872 909 1022 939 obstante
1041 909 1197 947 predicto,

200 966 331 997 easdem
354 965 580 1002 colligationes
608 963 805 996 dissolvant,
830 962 991 992 moneatis
1020 965 1143 991 attente.
1170 965 1201 991 et

202 1018 376 1049 efficaciter
401 1017 580 1051 inducatis,
611 1016 700 1054 ipsos
728 1016 768 1045 ad
790 1015 838 1050 id,
868 1015 896 1044 si
923 1024 1056 1044 necesse
1082 1013 1198 1048 suerit,

199 1089 238 1093 —
253 1075 406 1109 cogentes
421 1087 469 1099 -.
494 1071 566 1099 Dat.
584 1068 744 1103 Viterbii,
770 1068 866 1098 nonis
889 1067 1089 1101 decembris,
1115 1075 1201 1096 anno

202 1133 299 1153 nono.
319 1135 332 1149 n

274 1295 388 1324 285¹?

238 1357 466 1391 Archiepiscopo
484 1356 636 1388 Remensi,
654 1358 681 1382 et
697 1354 858 1382 Parisiensi
877 1357 905 1381 et
920 1353 1108 1382 Atrebatensi
1125 1353 1204 1388 epis-

205 1406 286 1441 eopis
301 1405 414 1437 eadem,
427 1404 548 1431 mutatis
563 1404 722 1435 mutandis,
736 1412 785 1438 pro
801 1403 976 1437 quibusdam
994 1399 1204 1429 mercatoribus

207 1454 386 1482 Florentinis
404 1453 522 1486 scribit,
539 1462 612 1487 quae
625 1453 720 1479 eidem
735 1452 964 1486 archiepiscope,
982 1454 1009 1478 et
1024 1451 1161 1478 Trecensi
1178 1454 1206 1477 et

208 1502 386 1536 Lingonensi
405 1502 548 1536 episcopis
570 1510 619 1536 pro
636 1501 810 1535 quibusdam
835 1499 1045 1527 mercatoribus
1067 1499 1206 1527 Senensi-

208 1551 261 1578 bus
277 1550 461 1584 praecedenti
474 1550 521 1576 die
532 1550 687 1584 scripserat
697 1549 717 1576 ².
731 1564 762 1567 —
774 1550 860 1581 (Rea.
873 1549 916 1581 18,
931 1548 1048 1580 f.881·⁰;
1066 1557 1135 1575 ann.
1154 1548 1206 1581 IX,

207 1608 232 1627 c.
252 1599 319 1631 301;
338 1614 368 1617 —
385 1599 516 1626 Moneau
532 1598 611 1631 1190,
629 1600 648 1625 f.
666 1598 739 1629 169.)

683 1293 815 1324 Viterbe,
831 1293 865 1320 27
881 1292 1040 1320 novembre
1053 1292 1131 1318 1235.

251 1713 263 1727 (ι
284 1724 303 1729 ..
323 1701 546 1738 archiepiscopo
563 1701 707 1735 Itemensi,
725 1723 742 1728 ..
760 1701 927 1728 Parisiensi
943 1705 967 1729 cl
987 1723 1005 1728 ..
1024 1700 1210 1729 Atrebatensi

210 1755 362 1792 episcopis.
383 1753 655 1791 Significantibus
674 1753 818 1782 Truffeto
837 1757 865 1782 et
883 1753 1018 1782 Accurr.
1037 1752 1208 1788 fratribus,

210 1807 289 1837 tiliis
306 1807 468 1845 quondam
489 1806 713 1836 Ildebrandini
736 1806 861 1835 Aimcri
880 1806 981 1840 Cosa,
1000 1806 1109 1836 Scotto
1124 1807 1210 1835 Tan-

210 1859 324 1899 cred[i]
355 1868 391 1889 ac
427 1868 538 1888 corum
570 1859 686 1889 sociis.
719 1859 957 1889 mercatoribus
989 1859 1209 1894 Florentinis,

211 1912 397 1949 accepimus
414 1912 498 1949 quod
512 1930 560 1940 —.
576 1911 734 1947 Quocirca
751 1912 945 1941 mandamus
962 1915 1136 1950 quatenus,
1155 1921 1212 1950 pa-

211 1965 292 1994 ratis
308 1964 404 1994 dictis
422 1965 658 1994 mercatoribus
676 1964 939 2003 quibuscumque
959 1965 996 1993 de
1018 1974 1118 2001 regno
1139 1974 1213 2003 prc-

212 2018 278 2047 fato
295 2021 407 2047 contra
425 2017 513 2055 ipsos
529 2017 737 2047 moventibus
757 2018 974 2056 questionem,
993 2018 1026 2047 in
1047 2018 1214 2056 presentia

212 2075 320 2100 vestra
332 2070 485 2099 exhibere
496 2070 624 2108 justitie
639 2070 924 2108 complementum,
939 2080 1003 2100 non
1016 2072 1213 2109 permittatis

213 2132 267 2152 cos
291 2131 398 2152 coram
421 2122 587 2161 aliquibus
610 2123 791 2152 conveniri.
819 2123 882 2152 Sed
907 2123 1031 2160 singuli
1056 2128 1211 2159 vestrum,

213 2184 286 2204 cum
310 2175 440 2203 fueritis
462 2175 632 2213 requisiti,
656 2175 721 2204 nisi
742 2175 939 2205 rationabile
963 2175 1088 2214 aliquid
1115 2186 1214 2215 appa-

213 2232 316 2257 rei-vt.
335 2237 392 2265 per
410 2228 495 2265 quod
523 2228 718 2265 respondere
743 2228 823 2257 alibi
846 2232 1048 2263 tenerentur,
1074 2238 1136 2258 non
1157 2230 1214 2259 ob-

215 2280 379 2309 stantibus
397 2280 471 2309 aliis
488 2280 715 2318 litt‹1»1·is.s1uas
729 2281 932 2319 contingeret
949 2291 966 2311 a
979 2282 1060 2311 Sede
1076 2283 1214 2321 Aposto-

215 2332 279 2361 lica
296 2333 475 2370 impetrari,
495 2337 523 2362 et
544 2333 581 2361 de
599 2332 658 2361 hoe
677 2342 740 2362 non
759 2333 959 2363 facientibus
974 2335 985 2354 ³
1001 2335 1213 2365 mentionem.

216 2385 302 2414 iuter
318 2394 372 2414 cos
389 2384 531 2414 audiatis
549 2394 680 2414 causam
693 2403 738 2413 —.
760 2386 832 2415 Dat.
849 2386 1002 2415 Yiterbii.
1018 2388 1045 2417 Υ
1057 2387 1215 2417 kalendas

216 2437 409 2467 decembris.
426 2446 511 2467 anno
529 2446 625 2467 nono.
648 2450 660 2463 ³>

288 2607 404 2635 2858

253 2669 380 2697 Johanni
398 2669 544 2698 Gernum.
562 2669 677 2699 clerico,
696 2669 904 2696 Coventrensis
918 2670 1068 2703 dioecesis,
1083 2672 1218 2699 concedit

219 2720 251 2744 ut
267 2726 332 2744 cum
350 2717 513 2745 redditibus
528 2717 709 2751 praebendae
730 2726 816 2751 quam
833 2717 984 2745 obtinebat
1005 2719 1035 2745 in
1057 2720 1134 2753 rogia
1150 2729 1218 2755 cap—

219 2766 297 2799 pella
312 2766 347 2792 de
362 2766 483 2799 Bruges,
501 2774 599 2792 curam
617 2766 795 2798 animarum,
811 2766 923 2793 ratione
936 2767 1076 2794 ccclesiae
1092 2768 1126 2795 ‹le
1145 2769 1219 2796 Hal-

722 2607 854 2640 Viterbe,
871 2608 885 2634 8
899 2608 1052 2635 decembre
1068 2609 1145 2636 1235.

255 2880 274 2901 i.
291 2878 332 2903 Ct'.
349 2879 429 2903 I'sAL.
446 2879 567 2908 LXVIII,
589 2880 623 2903 10.

251 2922 273 2946 2.
292 2922 332 2947 Ct.
349 2927 376 2945 η’)
393 2922 452 2946 ist?
468 2923 537 2952 (ann.
557 2923 606 2951 tx,
624 2930 645 2947 c.
664 2923 726 2953 ¹280).

253 2967 274 2990 3.
292 2968 339 2989 Ms,
358 2976 363 2989 :
381 2967 509 2995 fecerint3
527 2967 559 2991 cf.
578 2974 673 2996 supra,
691 2968 740 2991 col.
757 2967 811 2991 ⁶205.

1278 385 1385 411 diwele
1398 387 1441 416 (ε
1453 384 1602 418 Alveley),
1615 383 1651 410 ad
1663 383 1756 417 ipsam
1772 382 1958 416 pertinentis,
1972 383 2106 412 habentis
2118 394 2272 422 annexam,

1277 432 1549 458 archidiaconatum
1567 432 1614 457 vel
1637 430 1870 457 ecclesiasticum
1884 429 2071 464 beneficium,
2090 433 2158 461 licet
2173 443 2270 464 curam

1279 480 1419 506 haberent
1436 480 1619 511 animarum,
1642 479 1770 512 recipere
1790 479 1897 505 valeat.
1915 493 1947 497 —
1966 479 2052 511 (Rae.
2072 480 2120 513 18,
2142 482 2161 509 f.
2182 482 2215 510 88
2233 487 2270 517 νς

1278 537 1347 555 ann.
1368 529 1420 560 IX,
1437 537 1461 555 e.
1479 528 1553 559 302.)

1320 641 1332 654 «
1355 630 1491 658 Johmzni
1508 629 1651 657 Germani.
1668 628 1787 656 clerico.
1803 628 2011 657 Coventrensis
2026 629 2158 659 diocesis.
2175 630 2276 669 Apos-

1280 681 1375 711 tolice
1389 681 1482 712 Sedis
1496 680 1685 718 benignitas
1697 697 1745 709 —.
1758 681 1832 710 Dat.
1847 680 2000 716 Viterbii,
2013 681 2058 711 VI
2069 681 2143 712 idus
2156 682 2277 714 decem-

1279 734 1360 768 bris,
1378 742 1464 763 anno
1481 742 1578 763 nono.
1599 745 1611 759 »

1353 911 1469 939 2859
1773 910 1906 944 Viterbe,
1920 911 1951 938 11
1969 911 2121 940 decembre
2133 912 2210 940 1235.

1317 973 1548 1007 Areliiepiscopo
1571 972 1693 999 Barensi
1716 972 1879 999 committit
1897 976 2040 1006 quatenus
2059 973 2186 1001 Rubensi
2205 974 2280 1009 epis-

1284 1030 1369 1056 eopo,
1386 1021 1435 1055 qui
1452 1021 1488 1048 ad
1509 1029 1600 1048 annos
1615 1023 1788 1055 pervenerat
1804 1021 1972 1055 sexaginta,
1989 1021 2142 1048 scientiam
2159 1030 2214 1049 non
2229 1023 2280 1050 ha-

1284 1070 1371 1097 bebat
1387 1070 1526 1104 pastorali
1545 1072 1753 1103 congruentem
1770 1069 1879 1101 officio,
1896 1069 2063 1103 aegrotabat
2080 1072 2122 1103 et,
2138 1078 2205 1098 suae
2217 1079 2288 1106 pro-.

1286 1118 1424 1145 motionis
1438 1120 1582 1152 tempore,
1602 1117 1782 1144 simoniacus
1799 1117 1952 1151 extiterat,
1974 1118 2150 1152 postulatam
2167 1118 2203 1146 ab
2221 1118 2281 1154 ipso

1286 1166 1409 1193 cedendi
1431 1170 1459 1194 et
1480 1166 1615 1193 habitum
1640 1165 1791 1199 religionis
1811 1166 1980 1192 assumendi
2003 1166 2154 1193 licentiam
2177 1166 2282 1202 largia-

1286 1219 1343 1243 tur.
1359 1231 1390 1234 —
1407 1216 1493 1248 (Bm.
1511 1215 1554 1247 18,
1572 1216 1592 1241 f.
1609 1214 1643 1242 88
1659 1218 1704 1247 v⁰;
1722 1223 1790 1242 ann.
1809 1215 1862 1247 IX,
1879 1223 1904 1242 e.
1921 1214 1994 1246 303.)

1330 1330 1342 1344 α
1370 1340 1389 1346 ..
1414 1317 1639 1354 archiepiscopo
1660 1316 1799 1344 Bai-ensi.
1821 1315 1951 1346 Virtute
1970 1315 2112 1346 faciente
2134 1315 2285 1347 Paracliti

1288 1387 1337 1399 —-.
1356 1371 1428 1399 Dat.
1446 1368 1600 1403 Yiterbii,
1618 1369 1668 1398 III
1684 1367 1759 1397 idus
1776 1367 1976 1403 decembris,
1995 1377 2080 1398 anno
2096 1377 2192 1399 nono.
2213 1380 2225 1395 n

1361 1548 1479 1578 2860
1796 1546 1929 1579 Viterbe,
1945 1546 1961 1574 8
1976 1546 2127 1574 decembre
2141 1546 2218 1574 1235.

1327 1611 1470 1646 Episcopo
1485 1610 1730 1643 petragoricensi,
1744 1624 1775 1627 —
1790 1609 1920 1644 capitulo
1936 1609 2074 1636 eeclesiae
2086 1609 2186 1637 Sancti
2202 1609 2288 1636 Fron-

1292 1661 1369 1688 tonis
1392 1659 1642 1693 petragoricensis
1667 1661 1851 1686 monstrante
1873 1658 1948 1692 quod
1971 1658 2118 1686 institutio
2138 1658 2167 1685 in
2189 1658 2287 1686 eadem

1293 1709 1416 1736 ecelesia
1438 1710 1514 1735 facta
1533 1708 1570 1735 ab
1590 1706 1733 1742 monor-io
1751 1706 1802 1741 111]
1826 1715 1901 1742 papa
1916 1707 1952 1734 de
1967 1707 2122 1734 tricenario
2138 1706 2289 1734 canonico-

1293 1766 1357 1785 rum
1375 1766 1507 1789 uumero,
1524 1757 1554 1783 in
1571 1757 1702 1790 ejusdem
1718 1756 1858 1783 ecclesiae
1878 1764 1966 1789 grave
1985 1755 2171 1790 dispendium
2190 1762 2290 1789 verge-

1294 1810 1335 1833 ret
1352 1809 1379 1832 et
1400 1814 1539 1839 magnum
1564 1804 1733 1831 eorumdem
1753 1804 1961 1831 canonicorum
1983 1803 2208 1836 detrimentum,
2225 1802 2289 1837 qui,

1294 1863 1361 1880 cum
1380 1862 1414 1881 ex
1437 1853 1628 1880 facultatibus
1649 1853 1741 1887 ipsius
1762 1861 1819 1880 non
1841 1855 1958 1887 possent
1981 1860 2104 1886 congrue
2121 1851 2290 1885 sustentari,

1294 1903 1404 1929 ibidem
1423 1911 1479 1928 non
1494 1905 1629 1936 poterant
1643 1902 1786 1934 1·esidere;
1802 1904 1985 1929 monstrante
1998 1901 2116 1936 insuper
2131 1901 2228 1928 eodem
2243 1908 2290 1928 ca-

1294 1952 1389 1985 pit-ulo
1404 1945 1493 1985 quod,
1503 1960 1580 1981 cum,
1596 1960 1610 1977 a
1625 1953 1756 1985 tempore
1769 1951 1901 1985 ejusdem
1913 1950 2016 1977 statuti
2029 1950 2153 1982 numeri,
2165 1949 2290 1984 ipsorum

1294 1999 1438 2029 redditus,
1455 2002 1573 2033 propter
1588 1999 1729 2026 continua
1745 2007 1914 2033 guerrarum
1931 1999 2114 2032 discrimina,
2131 2000 2225 2026 essent
2235 2005 2290 2025 non

1296 2048 1444 2075 modicum
1459 2048 1613 2080 diminuti,
1628 2048 1651 2075 si
1669 2048 1852 2082 praedictum
1868 2056 2023 2074 numerum
2037 2047 2068 2074 in
2082 2047 2160 2074 dicta
2172 2046 2292 2074 ecclesia

1297 2097 1408 2123 servari
1431 2096 1628 2130 contingeret,
1657 2096 1735 2130 ipsos
1758 2105 1837 2129 eam,
1868 2096 1898 2122 in
1920 2096 2016 2123 medio
2040 2095 2167 2123 nationis
2188 2101 2292 2130 pravae

1296 2145 1433 2179 positam,
1449 2145 1526 2171 inter
1542 2147 1739 2179 persecutores
1752 2145 1938 2172 indefensam
1954 2144 2114 2177 dimittere,
2130 2142 2292 2178 sumptibus

1296 2193 1463 2225 destitutos,
1480 2196 1635 2227 oporteret,
1651 2196 1679 2220 et
1690 2193 1873 2220 extrinsecus
1889 2196 2056 2227 evagantes,
2069 2192 2204 2226 antiquas
2217 2191 2292 2226 ejus-

1296 2242 1363 2269 dem
1380 2242 1520 2268 ecclesiae
1540 2242 1767 2269 consuetudines
1788 2242 1818 2269 in
1835 2242 1961 2276 pejores,
1982 2241 2074 2269 coacti
2095 2247 2292 2275 perversorum

1297 2290 1422 2324 injuria,
1446 2290 1656 2322 immutarent,
1672 2305 1703 2308 —
1728 2290 1850 2317 mandat
1873 2292 2030 2324 quatenus,
2050 2288 2239 2324 personaliter
2257 2286 2293 2314 ad

1297 2339 1393 2365 locum
1410 2338 1566 2371 accedens,
1582 2338 1775 2365 consideratis
1796 2341 1874 2365 statu
1894 2340 1988 2365 terrae
2007 2340 2035 2364 et
2053 2337 2144 2372 ipsius
2159 2335 2294 2363 ecelesiae

1298 2387 1504 2416 facultatibus,
1533 2387 1574 2413 sie
1602 2387 1718 2414 studeat
1746 2387 1930 2421 praedictum
1956 2394 2110 2413 numerum
2139 2383 2293 2416 moderari,

1298 2436 1373 2469 quod
1391 2439 1417 2462 et
1441 2435 1592 2461 canonicis
1614 2435 1655 2462 ibi
1680 2436 1740 2462 Deo
1760 2435 1958 2462 servientibus
1978 2443 2104 2469 congrua
2125 2431 2294 2461 sustentatio

1298 2493 1333 2511 ex
1349 2484 1391 2511 eis
1406 2484 1557 2517 adveniat,
1574 2487 1602 2511 et
1619 2485 1648 2511 id
1665 2485 1760 2511 eidem
1777 2485 1918 2511 eeclesiae
1934 2493 1990 2511 non
2007 2483 2231 2514 detrimentum,
2246 2479 2296 2508 sed

1300 2533 1417 2559 lionoris
1431 2536 1458 2559 et
1475 2533 1615 2560 utilitatis
1629 2536 1821 2567 augmentum
1839 2533 1950 2560 afferat.
1966 2548 1998 2551 —
2010 2533 2095 2565 (Rae.
2114 2531 2157 2564 18,
2170 2531 2189 2558 f.
2207 2529 2240 2557 88
2252 2531 2295 2561 v';

1299 2589 1368 2607 ann.
1387 2581 1439 2613 IX,
1461 2590 1485 2607 c.
1503 2581 1570 2613 30⁷t;
1587 2596 1618 2600 ——
1635 2582 1768 2609 MOREAU
1785 2581 1863 2614 1190,
1881 2584 1900 2608 s.
1916 2581 1990 2613 178.)

1343 2693 1355 2707 α
1375 2704 1395 2710 ..
1414 2683 1547 2719 episcopo
1567 2683 1818 2719 l’clrayoricensi.
1837 2682 1903 2712 Sua
1921 2681 2016 2711 nobis
2032 2679 2142 2710 dilecti
2161 2696 2208 2708 —.
2225 2678 2296 2708 Dat.

1301 2734 1455 2766 Yitcrbii,
1473 2735 1517 2764 VI
1535 2734 1609 2764 idus
1626 2735 1820 2769 decembris,
1839 2743 1925 2764 anno
1942 2743 2039 2764 nono.
2058 2745 2071 2760 n

1375 2910 1487 2939 2861
1791 2911 1922 2944 Viterbe,
1938 2911 1972 2938 14
1987 2909 2139 2938 decembre
2153 2908 2230 2936 1235.

1338 2972 1447 2999 Abbati
1467 2973 1705 3000 Morimundensi
1726 2973 1888 3000 committit
1907 2980 2025 3000 eausam
2045 2973 2206 2999 vertentem
2225 2968 2300 2996 inter
