2519 3518
74 327 133 357 477
933 323 1118 360 DIXIEME
1140 322 1299 360 ANNEE.
2097 333 2155 363 478

71 394 129 433 jus
142 393 355 424 detractionis
369 394 525 424 incurrat.
543 394 629 425 Sane
645 394 765 425 litteris
777 405 858 434 quas
876 395 969 426 nobis
981 395 1073 425 celsi-

76 446 153 476 tudo
166 447 257 484 regia
269 446 456 483 destinavit,
474 446 569 477 solita
582 447 784 485 benignitate
798 449 948 486 receptis,
964 452 991 477 et
1009 452 1072 477 tam

74 499 222 537 ipsarum
248 503 359 529 tenore
385 508 482 537 quam
510 499 576 529 biis
603 509 666 538 que
696 500 835 530 dilectus
860 500 947 530 tilius
974 501 1074 529 frater

75 552 250 588 Robertus,
275 552 466 582 cellerarius
486 553 588 591 Longi
613 553 737 585 Pontis,
763 554 899 583 nuntius
922 558 1012 587 tuus,
1037 563 1073 583 ex

76 608 167 642 parte
192 608 247 634 tua
272 604 366 634 nobis
387 604 551 643 exposuit,
575 604 767 639 intellectis,
792 610 886 643 prout
908 605 1072 635 convenit.

76 656 263 695 diligenter,
277 657 351 687 licet
365 657 454 691 olim,
469 657 683 696 adjustitiam
699 657 835 687 ecclesie
850 657 1072 693 Belvacensis,

75 709 115 739 de
140 718 205 747 qua
226 709 321 739 nobis
345 709 492 739 constitit
513 709 691 744 evidenter,
718 710 863 739 debitum
888 713 1072 747 respectum

75 761 247 795 habentes,
260 761 471 791 interdictum
483 761 624 799 positum
637 770 693 799 per
706 761 927 791 venerabilem
939 762 1073 791 fratrem

77 818 225 844 nostrum
243 837 263 843 ..
281 813 564 852 archiepiscopum
584 815 779 844 Remensem
797 819 827 844 et
848 815 1073 852 suffraganeos

76 875 153 897 suos
172 866 205 895 in
224 866 379 896 Remensi
401 866 580 904 provincia,
603 866 703 905 quod,
727 871 798 904 post
821 866 1073 904 appellationem

77 919 117 949 ad
133 927 191 949 nos
207 918 353 956 legitime
372 919 594 958 interjectam,
616 920 724 948 suerat
741 919 938 953 relaxatum,
960 928 1073 948 neces-

76 972 173 1002 sitate
186 971 287 1011 juris,
310 971 362 1001 cui
383 971 473 1001 salva
497 971 698 1001 conscientia
717 971 830 1001 deesse
850 971 1071 1010 nequivimus.

75 1023 343 1066 mandaverimus
368 1023 536 1053 observari
561 1033 567 1052 z
590 1023 667 1062 quia
698 1028 823 1058 tamen,
850 1024 933 1053 sicut
961 1024 1073 1053 eedem

74 1076 184 1106 littere
207 1076 430 1110 continebant,
458 1076 558 1106 nimis
582 1084 776 1114 prepi-opere
797 1080 825 1106 et
848 1076 945 1106 etiam
968 1085 1004 1106 ex
1021 1085 1073 1106 ar-

76 1132 172 1167 rupto
187 1128 251 1158 fuit
265 1128 453 1167 hujusmodi
465 1128 645 1166 repositum
662 1128 884 1163 interdictum,
900 1128 1073 1166 presertim

74 1190 150 1211 cum
168 1181 207 1211 ad
224 1180 343 1210 bonum
361 1181 450 1219 pacis
464 1184 494 1210 et
513 1180 684 1210 concordie
702 1185 730 1210 te
748 1181 828 1210 satis
844 1180 1023 1217 benignum
1043 1186 1074 1210 et

74 1233 206 1263 facilem
225 1233 414 1268 exhiberes,
434 1232 629 1271 quibusdam
653 1233 732 1262 viris
749 1233 901 1262 discretis
918 1237 948 1262 et
969 1234 1073 1262 Deum

75 1285 284 1321 timentibus,
303 1294 339 1315 ac
357 1285 604 1323 circumspectis
623 1285 655 1313 in
675 1285 764 1322 pacis
780 1285 930 1314 consiliis
947 1289 977 1314 et
995 1294 1074 1314 con-

74 1337 184 1367 cordie
202 1337 418 1367 zelatoribus.
436 1337 474 1366 de
495 1337 616 1375 quibus
633 1346 696 1366 non
716 1337 918 1375 presumitur
934 1337 1020 1376 quod
1037 1337 1070 1366 in

74 1398 188 1420 eorum
203 1389 357 1419 manibus
369 1389 444 1428 jura
458 1388 613 1418 deberent
625 1388 770 1429 Ecclesie
781 1389 940 1426 deperire,
957 1389 996 1418 ad
1012 1389 1073 1419 hoc

74 1441 263 1480 specialiter
274 1441 471 1475 convocatis,
485 1440 631 1470 volentes
648 1440 753 1470 adhuc
769 1441 858 1478 regie
874 1441 1072 1471 sublimitati

73 1494 211 1530 deferre,
242 1502 278 1523 ac
306 1497 485 1531 sperantes,
513 1493 613 1522 immo
639 1492 800 1531 probabili
826 1493 1071 1531 presumptione

74 1549 234 1581 tenentes,
250 1545 347 1584 quod,
365 1545 485 1575 factam
501 1544 561 1574 tibi
577 1544 617 1574 ab
634 1544 819 1583 Apostolica
836 1545 918 1575 Sede
932 1545 1072 1583 gratiam

72 1606 321 1636 recognoscens,
339 1597 417 1636 quid
434 1596 548 1632 saluti,
566 1596 645 1635 quid
662 1597 763 1633 fame,
783 1597 862 1636 quid
879 1597 997 1627 honori
1016 1602 1071 1628 tuo

71 1650 178 1689 magis
194 1649 353 1688 expediat,
371 1658 529 1687 agnosces
545 1649 690 1687 apertius
707 1658 764 1687 per
781 1654 810 1679 te
827 1649 953 1687 ipsum,
972 1654 1002 1680 et
1018 1650 1071 1680 in-

71 1702 200 1740 telliges
221 1701 351 1741 plenius
369 1702 455 1741 quod
475 1706 524 1732 est
543 1701 578 1731 in
601 1701 721 1731 talibus
742 1702 838 1739 longe
856 1703 962 1740 magis
981 1703 1071 1732 vinci

70 1764 170 1795 quam
185 1755 318 1785 vincere
334 1754 524 1792 gloriosum,
543 1754 693 1784 effectum
715 1755 877 1785 sententie
896 1755 1002 1793 ipsius
1019 1756 1071 1784 in-

72 1807 203 1838 terdicti
228 1816 285 1846 per
310 1806 516 1837 venerabiles
542 1807 661 1836 fratres
691 1811 820 1837 nostros
852 1830 871 1836 ..
902 1807 1072 1838 Silvanec-

71 1863 199 1890 tensem
208 1863 239 1889 et
249 1882 269 1888 ..
283 1858 483 1889 Meldensem
495 1859 663 1897 episcopos
675 1864 764 1889 motu
776 1860 906 1898 proprio
918 1860 1071 1890 duximus

71 1911 351 1950 suspendendum,
371 1915 418 1946 ut,
435 1915 575 1940 tractatu
591 1911 681 1948 pacis
700 1911 881 1949 prehabito,
898 1912 1072 1942 concordia

73 1963 192 1999 valeat,
223 1967 354 1993 auctore
381 1963 532 1998 Domino,
558 1963 741 2001 provenire.
767 1963 851 1999 Quia
874 1972 962 1999 vero,
986 1964 1072 1994 sicut

72 2015 189 2046 dilexit
208 2019 239 2045 te
258 2015 418 2045 Dominus
439 2019 470 2045 et
489 2023 594 2053 usque
614 2015 648 2044 in
671 2016 768 2044 finem
788 2015 916 2053 diliget,
941 2020 976 2045 ut
998 2025 1071 2054 spe-

73 2076 196 2103 ramus,
215 2067 389 2098 stabiliens
408 2076 544 2104 regnum
563 2071 672 2102 tuum,
690 2067 736 2097 ita
754 2072 784 2097 et
807 2071 859 2102 tu,
881 2072 976 2105 prout
993 2077 1071 2098 con-

73 2121 175 2156 venit,
192 2120 370 2159 prudenter
383 2120 555 2150 attendens
567 2120 654 2158 quod
665 2120 764 2150 iidem
780 2121 1006 2158 progenitores
1022 2122 1071 2150 tui

73 2177 204 2212 propter
216 2173 397 2207 veritatem,
413 2173 699 2203 mansuetudinem
714 2177 745 2203 et
755 2173 919 2212 justitiam
931 2175 1071 2204 Domino

73 2224 278 2263 placuerunt,
296 2224 345 2253 illi
362 2224 460 2254 debes
474 2224 617 2254 finaliter
630 2225 842 2262 complacere,
859 2226 1071 2256 serenitatem

74 2281 164 2306 tuam
181 2285 349 2314 rogamus,
373 2285 544 2306 monemus
568 2280 599 2306 et
619 2276 789 2306 hortamur
809 2277 843 2306 in
862 2278 1016 2313 Domino,
1035 2287 1072 2308 ac

74 2329 110 2358 in
135 2328 364 2359 remissionem
386 2328 591 2367 injungimus
616 2333 837 2367 peccatorum,
862 2330 1071 2360 obsecrantes

73 2389 132 2420 per
152 2381 279 2411 viscera
300 2380 525 2410 misericordie
548 2380 607 2410 Dei
629 2381 733 2411 nostri
756 2390 792 2411 ac
815 2391 872 2419 pro
893 2382 976 2412 dono
999 2392 1072 2420 spe-

72 2432 152 2463 ciali
167 2437 346 2471 poscentes,
369 2437 532 2471 quatenus
549 2433 596 2462 sic
608 2442 706 2471 super
722 2434 930 2464 restitutione
946 2435 1073 2474 jurium

72 2490 107 2516 et
133 2485 322 2515 libertatum
347 2485 529 2515 venerabili
556 2486 651 2515 fratri
681 2490 792 2516 nostro
819 2509 838 2515 ..
866 2487 1016 2525 episcopo
1042 2492 1073 2517 et

73 2537 269 2568 Belvaccnsi
298 2537 436 2567 ecclesie
462 2537 630 2572 facienda,
658 2546 716 2567 nec
744 2546 808 2568 non
843 2543 873 2568 et
903 2539 941 2568 de
971 2539 1073 2569 illatis

74 2588 226 2627 dampnis
236 2593 266 2619 et
276 2589 431 2626 irrogatis
446 2589 580 2627 injuriis
594 2589 819 2619 satisfactione
831 2589 941 2620 debita
951 2591 1074 2629 impen-

71 2640 181 2671 denda
199 2640 339 2675 eisdem,
359 2646 421 2671 tam
445 2645 556 2671 nostre
572 2650 670 2679 quam
691 2645 744 2670 tue
765 2641 851 2671 fame
869 2642 1022 2672 consulas
1044 2647 1075 2673 et

73 2692 187 2727 saluti,
200 2692 286 2731 quod
296 2692 364 2722 solo
376 2692 508 2722 virtutis
520 2701 629 2722 amore
641 2702 703 2731 que
714 2697 789 2722 sunt
801 2693 920 2728 debita,
931 2694 1075 2725 videaris

76 2743 266 2783 adimplere,
283 2753 407 2783 nosque
424 2745 527 2774 facias
540 2745 579 2774 de
592 2749 648 2774 tua
662 2744 869 2781 liberalitate,
888 2746 988 2776 immo
1001 2756 1076 2785 pro-

75 2796 176 2832 sectu,
194 2795 302 2832 letari,
327 2797 383 2835 qui
406 2797 512 2835 parati
529 2806 643 2827 sumus
663 2797 703 2826 ad
719 2797 876 2834 gratiam,
894 2798 950 2827 ubi
966 2803 1076 2830 tamen

77 2855 144 2877 non
158 2847 364 2887 crediturjus
379 2848 525 2879 Ecclesie
541 2848 700 2887 deperire,
718 2849 763 2878 ita
775 2849 861 2888 quod
875 2849 933 2880 Ille
950 2850 1006 2888 qui
1022 2850 1076 2880 dat

75 2898 217 2930 virtutes
252 2903 284 2930 et
313 2900 439 2938 premia
468 2900 642 2939 elargitur,
673 2900 759 2931 bona
793 2901 985 2940 temporalia
1016 2902 1076 2932 tibi

74 2954 209 2990 propter
230 2951 292 2982 hoc
315 2952 476 2983 retribuat
496 2957 527 2983 et
549 2957 679 2989 eterna,
705 2958 737 2984 et
758 2962 835 2988 nos,
860 2954 917 2993 qui
939 2955 980 2984 ad
1001 2964 1076 2993 pro-

1156 396 1276 425 fectum
1291 400 1380 426 tuum
1394 397 1572 426 secundum
1588 402 1763 436 utrumque
1776 398 1942 428 bominem
1954 399 2151 437 aspiramus,

1156 449 1339 478 sinceritati
1358 453 1410 479 tue
1424 450 1606 480 constituas
1620 451 1735 480 exinde
1753 451 1868 481 merito
1884 452 2060 482 debitores.
2078 453 2152 482 Dat.

1156 501 1267 536 Reate,
1286 502 1383 530 VIIII
1400 501 1556 531 kalendas
1575 502 1728 535 octobris,
1749 512 1835 533 anno
1849 504 1985 534 decimo.
2005 516 2018 531 n

1226 678 1342 705 3322
1676 679 1764 711 Rieu,
1778 680 1811 706 23
1827 680 1990 714 septembre
2002 682 2079 708 1236,

1216 740 1246 765 In
1262 740 1386 765 eundem
1399 739 1514 765 modum
1528 760 1545 766 ..
1562 740 1668 765 illustri
1678 741 1768 772 reqt'nc
1779 742 1900 774 Fraude,
1911 750 1999 775 usque
2011 743 2040 768 jn
2051 743 2151 770 finem,

1158 788 1196 814 Ut
1216 787 1306 820 igitur
1322 787 1398 813 idem
1417 795 1466 813 rex
1484 788 1567 820 juxta
1581 787 1758 815 desiderium
1778 792 1908 816 nostrum
1928 794 1955 816 et
1976 799 2058 817 suunt
2075 791 2153 825 apud

1155 836 1247 862 Deum
1272 838 1300 862 et
1323 836 1456 862 homines
1478 836 1623 870 sapientia
1647 837 1777 870 proficiat
1802 840 1830 863 et
1852 840 1938 870 etate,
1964 838 2151 865 serenitatem

1156 886 1235 910 tuam
1254 892 1398 917 rogamus,
1416 892 1567 910 monemus
1583 887 1611 910 et
1630 885 1709 911 horta
1717 893 1781 911 mur
1796 888 1907 912 attente
1921 889 2064 919 quatenus
2080 895 2153 913 eun-

1154 932 1219 958 dem
1239 940 1331 965 regem
1349 931 1502 958 allectione
1524 936 1655 958 materna
1671 941 1787 959 moneas
1803 936 1830 959 et
1853 934 1974 960 inducas
1991 937 2037 966 ut,
2054 943 2154 961 assue-

1156 980 1266 1007 faciens
1286 981 1475 1014 semetipsum
1498 981 1597 1007 timori
1618 981 1714 1007 divini
1733 982 1861 1008 nominis
1880 986 1906 1009 rt
1925 983 2028 1015 amori,
2045 987 2071 1010 et
2090 992 2153 1009 ma-

1155 1028 1381 1061 gnanimitatem
1397 1036 1479 1054 suam
1493 1029 1551 1055 Deo
1565 1031 1591 1055 et
1607 1029 1736 1055 Ecclesie
1754 1038 1841 1063 prona
1855 1030 2010 1057 devotione
2023 1031 2154 1058 subster-

1155 1084 1241 1108 nens,
1259 1077 1385 1110 prefatos
1406 1076 1574 1110 episcopum
1599 1079 1625 1103 et
1649 1078 1802 1103 ecclesiam
1823 1079 1939 1111 adjura
1954 1083 1981 1105 et
2003 1079 2153 1105 libertates

1155 1133 1220 1151 suas
1237 1125 1322 1158 plene
1338 1125 1484 1156 restituat,
1507 1128 1533 1151 et
1554 1125 1590 1151 de
1613 1125 1705 1151 illatis
1723 1126 1860 1160 dampnis
1874 1135 1906 1153 ac
1923 1128 2057 1158 irrogatis
2073 1128 2154 1161 inju-

1155 1172 1207 1198 riis
1221 1173 1310 1199 talem
1329 1172 1560 1199 satisfactionem
1581 1173 1695 1200 studeat
1717 1174 1870 1205 exhibere,
1892 1176 1967 1208 quod
1986 1176 2078 1202 Deum
2096 1176 2153 1203 sibi

1155 1220 1316 1254 propitium
1338 1222 1448 1247 statuat
1463 1220 1570 1247 exinde
1589 1229 1645 1247 non
1664 1221 1817 1248 offensum.
1838 1223 1904 1249 Dat.
1928 1226 1959 1249 ut
1980 1232 2076 1257 supra.
2093 1231 2106 1249 )
2121 1238 2153 1242 -

1155 1269 1240 1300 (nm.
1256 1268 1304 1300 18,
1324 1269 1343 1294 f.
1361 1269 1412 1295 192
1427 1272 1473 1300 v
1538 1268 1669 1296 Monam]
1687 1270 1765 1302 1191,
1783 1271 1802 1296 f.
1818 1271 1867 1297 133
1884 1272 1935 1302 v0.)

1225 1440 1341 1468 3323
1668 1441 1758 1474 Rieti,
1774 1441 1807 1468 23
1823 1442 1987 1475 septembre
2003 1443 2081 1469 1236.

1220 1502 1253 1528 In
1269 1501 1393 1528 eundem
1411 1502 1470 1528 fere
1485 1501 1604 1528 modum
1623 1523 1640 1528 ..
1658 1501 1853 1528 St'lvancctensi
1868 1505 1891 1528 et
1909 1523 1928 1529 ..
1946 1503 2074 1529 Meldenn'
2087 1505 2155 1537 epis-

1153 1551 1236 1582 copis,
1252 1558 1343 1583 usque
1382 1549 1486 1576 merito
1498 1550 1652 1576 debitores.
1672 1550 1795 1584 Ideoque
1811 1551 1986 1578 mandamus
1997 1555 2152 1586 quatenus,

1153 1606 1244 1632 usque
1259 1597 1301 1624 ad
1312 1597 1477 1632 predictum
1495 1600 1610 1632 tempus
1646 1598 1782 1625 effectum
1795 1599 1964 1633 hujusmodi
1976 1600 2154 1634 suspenden-

1152 1648 1206 1678 tes,
1224 1646 1261 1672 ad
1287 1646 1523 1673 reformationem
1547 1646 1627 1680 pacis
1647 1649 1675 1673 et
1693 1646 1845 1673 concordie
1867 1647 2028 1674 secundum
2049 1648 2149 1675 datam

1151 1693 1235 1720 vobis
1250 1702 1267 1720 a
1282 1694 1342 1720 Deo
1357 1694 1561 1728 prudentiam,
1579 1694 1661 1720 salva
1682 1694 1819 1721 libertate
1835 1695 1979 1728 Ecclesie,
1996 1696 2072 1723 detis
2087 1705 2151 1723 om-

1152 1749 1219 1767 nem
1246 1749 1333 1775 quam
1361 1741 1492 1775 potestis,
1519 1749 1603 1775 opem
1633 1745 1661 1768 et
1690 1749 1807 1775 operam
1835 1742 1992 1769 efficacem.
2021 1744 2088 1770 Dat.
2119 1747 2151 1771 ut

1152 1797 1249 1824 supra.
1346 1790 1432 1822 (Rae.
1450 1789 1493 1822 18,
1510 1791 1530 1816 s.
1549 1789 1599 1816 192
1616 1793 1660 1821 v
1726 1789 1857 1817 Monnau
1878 1790 1957 1823 1191,
1972 1792 1992 1817 t.
2010 1792 2084 1822 134.)

1223 1960 1343 1988 3324
1666 1962 1755 1994 Rieti,
1771 1962 1805 1989 23
1821 1962 1985 1996 septembre
2000 1963 2080 1990 1236.

1188 2022 1331 2056 Episcopo
1346 2026 1374 2049 et
1389 2023 1518 2057 capitulo
1530 2024 1761 2051 Belvacensibus
1772 2024 1912 2051 similiter
1925 2025 2027 2052 scribit
2039 2025 2074 2052 de
2087 2034 2151 2052 sus-

1152 2070 1292 2104 pensione
1307 2070 1343 2096 ad
1358 2072 1421 2097 octo
1436 2079 1564 2103 menses,
1579 2079 1629 2105 pro
1643 2072 1699 2098 fine
1715 2071 1795 2106 pacis
1811 2074 1839 2099 et
1859 2072 2030 2099 concordiae
2046 2073 2152 2100 ineun-

1152 2118 1206 2144 dae
1221 2118 1298 2145 inter
1311 2118 1505 2150 Ludovieum,
1521 2127 1616 2152 regem
1630 2119 1781 2151 Franciae,
1794 2123 1821 2146 et
1836 2119 1923 2153 ipsos,
1939 2120 2089 2148 interdicti
2101 2129 2152 2155 per

1152 2166 1404 2200 arehiepiscopum
1427 2167 1602 2193 Remensem
1623 2170 1651 2194 et
1674 2167 1736 2201 ejus
1752 2167 1948 2201 suffraganeos
1964 2168 1995 2195 in
2013 2169 2152 2196 Remensi

1152 2214 1307 2248 provincia
1325 2214 1429 2248 positi,
1448 2223 1552 2248 eosque
1574 2218 1671 2241 monet
1693 2218 1851 2249 quatenus,
1873 2216 2006 2243 eamdem
2030 2226 2153 2252 suspen-

1152 2262 1264 2289 sionem
1281 2271 1337 2289 non
1354 2271 1437 2296 aegre
1454 2263 1593 2295 ferentes,
1610 2263 1645 2289 ad
1663 2264 1901 2290 reformationem
1918 2264 2015 2291 dictae
2031 2265 2110 2299 pacis
2124 2269 2153 2293 et

1153 2311 1323 2337 concordiae
1341 2311 1455 2337 animos
1471 2311 1628 2338 inclinent.
1698 2312 1784 2343 (Iino.
1798 2312 1841 2344 18,
1860 2313 1878 2338 t.
1895 2312 1945 2339 192
1962 2316 2004 2345 v
2021 2321 2090 2340 ann.
2113 2314 2153 2347 X,

1153 2358 1255 2390 c.221
1318 2358 1450 2386 MOREAU
1467 2358 1546 2391 1191,
1564 2360 1583 2385 t.
1601 2359 1666 2390 134
1732 2360 1887 2390 I'orrnasr
1903 2360 2030 2392 102-182.)

1229 2480 1248 2485 ..
1265 2459 1398 2495 episcopo
1417 2463 1442 2487 et
1462 2460 1595 2495 capitulo
1610 2459 1848 2488 Belvnccnsitus.
1869 2460 1953 2489 Dum
1977 2460 2063 2491 clare
2086 2470 2155 2491 me-

1154 2510 1257 2540 morie
1280 2511 1366 2547 [etc.
1385 2515 1421 2539 ut
1442 2519 1555 2548 supra,
1574 2511 1609 2540 in
1632 2511 1727 2549 capit.
1752 2511 1832 2550 2201,
1851 2521 1954 2550 usque
1977 2523 1984 2541 z
2002 2514 2155 2542 effectum

1154 2562 1318 2592 sententie
1354 2562 1460 2600 ipsius
1499 2563 1667 2592 interdicti
1703 2572 1760 2601 per
1794 2564 2000 2594 venerabiles
2035 2565 2154 2595 fratres

1155 2618 1284 2644 nostros
1306 2637 1326 2643 ..
1349 2614 1630 2644 Silvanectensem
1654 2620 1684 2645 et
1712 2638 1731 2643 ..
1759 2615 1959 2645 Meldensem
1985 2617 2154 2654 episcopos

1154 2674 1260 2704 usque
1285 2666 1325 2696 ad
1349 2671 1420 2696 octo
1441 2675 1571 2696 menses
1588 2676 1605 2696 a
1621 2667 1807 2705 receptione
1823 2667 2009 2697 litterarum
2025 2673 2155 2697 nostra-

1189 2790 1209 2813 1.
1226 2789 1295 2814 Octo
1314 2791 1447 2814 mensium
1464 2797 1479 2813 a
1498 2790 1655 2820 receptione
1675 2790 1826 2813 litterarum
1842 2797 1961 2813 suarum.
1980 2790 2019 2814 Cf.
2037 2791 2062 2813 la
2077 2790 2155 2821 picco

1156 2833 1292 2857 suivante.

1186 2877 1210 2900 2.
1230 2878 1305 2901 Avec
1324 2878 1350 2900 la
1369 2877 1430 2901 date
1534 2878 1668 2900 kalendas
1689 2878 1809 2900 octobris
1828 2878 1868 2906 (=
1888 2877 1916 2900 24
1935 2879 2108 2908 septembre),
2128 2881 2154 2902 et

1155 2927 1219 2944 sans
1243 2921 1395 2945 indication
1418 2921 1556 2949 d'incipil,
1581 2920 1686 2950 d'apres
1712 2920 1873 2949 SBARALEA,
1897 2922 1913 2945 1.
1938 2928 1961 2945 c.
1989 2922 2032 2950 (cs.
2057 2928 2155 2952 supra,

1157 2968 1186 2987 n
1197 2963 1277 2993 3321.)
