2519 3518
97 311 157 342 437
959 307 1145 344 mxuma
1168 306 1328 344 ANNEE.
2132 321 2190 351 438

97 377 168 408 filio
183 378 235 412 D.,
253 377 518 416 Compostellano
538 379 713 414 canonico,
733 380 938 418 procuratori
953 379 1034 409 dicti
1051 388 1104 409 ar-

98 431 314 470 chiepiscopi,
328 434 460 469 propter
471 430 578 461 hocin
596 436 708 461 nostra
720 433 887 470 presentia
899 432 1100 468 constitutis,

98 484 256 515 dilectum
278 483 384 513 filiuni
405 488 555 514 nostrum
575 484 765 524 O[ttonem],
785 485 897 515 Sancti
916 485 1045 515 Nicolai
1067 486 1102 515 in

96 538 237 570 Carcere
254 536 408 566 Tulliano
423 536 599 566 diaconum
614 537 828 572 cardinalem,
845 537 996 568 dedimus
1013 537 1103 568 audi-

98 594 214 620 torem.
232 589 323 619 Idem
339 597 417 619 vero
433 589 574 624 auditor,
592 590 750 628 inspectis
767 590 863 620 dictis
878 591 1012 620 testium
1027 599 1102 628 pre-

99 643 263 673 dictorum
288 646 319 672 et
347 642 471 673 auditis
492 651 555 681 que
578 648 687 681 partes
715 643 890 674 voluerunt
921 653 1102 682 proponere

98 703 210 726 coram
226 703 279 731 eo,
298 694 459 733 nobisque
476 704 512 724 ac
529 695 688 725 fratribus
707 696 830 726 nostris
847 705 910 735 que
926 696 1100 732 intellexit,

95 748 242 779 fideliter
259 747 418 778 recitatis.
437 747 475 777 de
494 748 630 785 speciali
646 748 799 778 mandato
816 753 927 778 nostro
943 749 1102 788 quicquid

98 801 138 831 de
166 799 354 839 provisione
375 799 565 838 hujusmodi
585 810 643 838 per
659 801 799 831 eundem
817 801 1102 840 archiepiscopum

99 854 226 884 factum
248 852 323 887 fuit,
344 861 409 882 non
426 862 565 891 persone
584 853 641 883 sed
667 862 840 891 processus
862 854 953 889 vitio,
971 854 1103 893 justitia

98 905 263 943 exigente,
283 904 437 939 cassavit,
459 905 554 934 nohis
576 905 764 943 provisione
788 905 895 944 ipsius
917 905 1102 935 Emeriten-

99 957 147 988 sis
163 956 302 987 ecclesie
317 961 494 987 rcscrvata.
512 957 580 987 Nos
592 957 704 994 igitur,
721 966 909 995 processum
923 957 1102 988 cardinalis

97 1009 247 1050 ejusdem
264 1013 371 1039 ratum
388 1009 560 1044 hahentes,
581 1014 611 1039 et
627 1010 835 1040 attendentes
851 1010 936 1048 quod
953 1010 991 1040 de
1008 1011 1103 1048 spiri-

98 1063 247 1094 tualibus
272 1072 481 1102 nequaquam
498 1063 608 1093 taliter
629 1067 677 1093 est
690 1063 882 1097 ludendum,
900 1072 960 1093 nec
975 1064 1102 1101 prefato

97 1116 258 1154 magistro
275 1115 432 1145 debuerat
449 1116 497 1145 sic
512 1115 620 1150 illudi,
634 1116 828 1145 mandamus
845 1119 1020 1154 quatenus,
1033 1125 1102 1146 me-

96 1173 262 1198 moratum
299 1168 584 1206 archiepiscopum
619 1173 650 1198 et
686 1168 866 1206 capitulum
898 1168 1102 1206 Compostel-

95 1221 218 1260 lan[os]
236 1225 282 1253 ut,
303 1221 412 1259 ipsum
432 1221 631 1259 recipientes
654 1222 687 1250 in
712 1222 908 1251 canonicum
927 1226 957 1251 et
978 1222 1012 1250 in
1033 1222 1102 1251 fra-

98 1278 197 1308 trem,
214 1273 279 1303 sihi
295 1273 428 1303 stallum
448 1274 483 1302 in
503 1273 602 1303 choro
622 1278 651 1303 et
673 1273 780 1303 locum
797 1274 832 1302 in
849 1273 1008 1311 capitulo,
1027 1283 1100 1303 cum

93 1326 303 1365 plenitudine
323 1326 410 1365 juris
433 1326 600 1361 canonici,
619 1325 858 1356 nichilominus
882 1326 1099 1364 assignando,

94 1378 296 1417 prebendam
311 1378 352 1413 ei,
371 1378 398 1408 si
413 1387 477 1416 qua
494 1383 584 1407 vacat
598 1378 723 1408 ibidem
734 1378 774 1407 ad
785 1387 933 1416 presens,
951 1378 1100 1417 alioquin

95 1430 263 1470 quamcito
280 1439 314 1460 se
334 1430 474 1460 facultas
493 1430 660 1465 obtulerit,
679 1431 851 1460 conserant
868 1435 898 1460 et
915 1432 1097 1468 assignent,

95 1486 129 1513 et
147 1482 432 1521 archiepiscopum
451 1483 676 1521 supradictum
698 1489 732 1512 ut
753 1483 788 1512 in
812 1485 942 1513 annuo¹
960 1484 1101 1522 quinde-

96 1535 162 1565 cim
180 1543 365 1565 marcarum
387 1535 647 1573 sterlinguorum
669 1535 800 1565 redditu
819 1536 853 1564 in
871 1541 959 1566 certo
981 1536 1051 1566 loco
1070 1537 1100 1566 ei

95 1587 136 1618 de
151 1587 248 1617 bonis
266 1587 605 1626 archiepiscopalibus
619 1588 749 1618 studeat
764 1588 948 1626 providere,
964 1598 1099 1619 moneas

95 1643 127 1670 et
144 1639 294 1675 inducas,
312 1640 401 1678 ipsos
418 1640 458 1670 ad
473 1640 550 1676 hoc,
569 1641 597 1670 si
620 1649 755 1671 necesse
773 1641 886 1676 fuerit,
905 1642 1100 1672 auctoritate

93 1700 219 1727 nostra,
237 1692 387 1722 submoto
403 1693 581 1732 cujuslibet
598 1693 830 1731 appellationis
849 1693 1097 1732 impedimento,

65 1743 69 1747 ’
93 1744 306 1783 compellens.
322 1745 357 1775 Si
369 1754 445 1775 vero
460 1746 597 1776 eandem
609 1746 910 1784 Compostellanam
925 1747 1099 1777 ecclesiam

93 1797 203 1827 medio
220 1801 363 1836 tempore
379 1808 495 1829 vacare
513 1799 700 1836 contigerit,
717 1803 766 1828 tu.
785 1799 820 1828 in
838 1800 1026 1837 receptione
1048 1801 1099 1838 ip·-

93 1850 166 1880 sius
183 1855 214 1880 et
230 1850 456 1888 assignatione
473 1851 636 1889 prebende
653 1856 767 1881 contra
786 1852 967 1890 capitulum
990 1853 1100 1882 nichi-

92 1902 258 1938 lominus,
276 1903 370 1942 juxta
389 1904 585 1941 premissam
608 1904 763 1938 formam,
781 1904 977 1942 procedens,
1001 1914 1100 1944 super

92 1954 283 1994 provisione
299 1955 445 1993 predicta
460 1956 653 1985 mandatum
669 1960 830 1992 nostrum,
849 1957 921 1986 sine
940 1957 1099 1987 dilatione

93 2015 132 2037 ac
147 2007 339 2037 difficultate
355 2007 512 2046 qualibet,
531 2008 649 2047 exequi
668 2017 733 2038 non
750 2013 945 2047 postponas,
969 2015 1099 2040 contra-

93 2058 236 2089 dictores
255 2063 316 2089 etc.
338 2059 411 2089 Non
431 2060 583 2090 obstante
609 2060 637 2090 si
656 2060 781 2090 eisdem
800 2061 1047 2100 archiepiscopo
1068 2068 1099 2093 et

93 2110 238 2149 capitulo
254 2120 311 2149 pro
327 2111 392 2141 alio
408 2111 590 2142 direximus
607 2113 729 2150 scripta
746 2117 869 2148 nostra,
887 2119 918 2143 et
937 2116 1099 2145 constitu-

93 2163 184 2193 tione
205 2163 244 2193 de
261 2163 390 2193 duabus
411 2163 510 2194 dietis
533 2169 593 2194 etc.
616 2166 690 2194 Dat.
708 2166 826 2201 Reate,
846 2166 923 2197 XVI
939 2167 1098 2198 kalendas

94 2215 239 2254 augusti,
257 2224 344 2245 anno
360 2216 498 2246 decimo.
520 2229 532 2243 u

163 2393 281 2422 3222
672 2396 767 2428 Rieti,
785 2397 817 2423 14
832 2397 931 2430 juillet
946 2398 1024 2426 1236.

128 2455 321 2482 Bruuiatensi
335 2456 438 2484 electo.
452 2470 482 2474 -
498 2459 658 2483 memorato
673 2457 829 2491 privilegio
840 2466 895 2492 quo
907 2459 1096 2487 Innocentius

90 2513 169 2540 papa
185 2505 230 2532 112
245 2507 388 2531 statuerat
407 2508 439 2532 ut
457 2505 598 2532 ecclesiae
614 2506 816 2539 Bruniatensi,
833 2511 903 2534 tunc
919 2510 1096 2536 monasterio

91 2553 174 2582 infra
190 2553 357 2580 Lunensem
379 2553 535 2580 dioecesim
555 2554 714 2581 constituto
734 2558 762 2581 et
783 2555 956 2584 immediate
970 2558 1096 2592 Aposto-

90 2601 168 2630 licae
191 2601 261 2628 Secti
282 2601 428 2635 subjecto,
445 2602 586 2629 ecclesiae
603 2603 715 2636 positae
737 2603 815 2630 circa
835 2604 948 2638 ipsam,
965 2614 1018 2632 nee
1038 2615 1095 2633 non

90 2652 189 2677 castra
201 2653 229 2677 et
241 2649 332 2677 villae
344 2650 559 2683 jurisdictionis
572 2650 665 2685 ipsius
676 2651 847 2678 dioecesano
857 2653 920 2686 jure
932 2653 1094 2688 subessent,

90 2701 122 2726 et
135 2699 343 2726 Bruniatensis
359 2699 511 2733 episcopus
528 2699 558 2725 in
575 2699 647 2733 ipsis
663 2700 803 2733 decimas,
819 2701 981 2729 oblationes
995 2706 1023 2730 et
1035 2704 1096 2731 alia

89 2747 158 2781 jura
172 2746 352 2781 episcopalia
367 2750 505 2781 tanquam
528 2748 717 2775 dioecesanus
730 2748 892 2782 obtineret,
910 2752 1023 2778 nullam
1037 2752 1095 2780 sibi

90 2794 182 2822 aliam
194 2795 351 2822 dioecesim
363 2795 550 2829 assignando,
560 2811 592 2814 —
605 2804 671 2823 cum
686 2797 839 2832 episcopus
848 2798 1004 2832 Lunensis,
1015 2809 1095 2828 ocea-

123 2907 145 2931 ¹.
164 2910 212 2931 Ms.
229 2917 236 2931 :
254 2909 485 2939 Arcfflepiseoms
500 2910 677 2940 supradictus
692 2911 719 2934 in
736 2918 837 2935 annuo.

121 2950 144 2974 2.
161 2951 255 2975 sarrs-
267 2953 454 2976 Loewizurun
469 2954 526 2977 7021
546 2953 584 2983 (27
597 2954 649 2977 mai
669 2954 745 2984 1133).

1185 380 1267 407 sione
1287 382 1525 415 procurationum
1542 383 1646 417 legatis
1662 387 1690 410 et
1708 385 1821 411 nuntiis
1842 387 2010 420 apostolicis
2031 388 2188 421 praestita-

1185 436 1263 459 rum,
1273 428 1310 455 ab
1321 429 1363 456 eis
1374 429 1542 464 impetratis
1554 431 1662 458 litteris
1675 440 1762 466 super
1775 434 1828 460 hoc
1843 442 1929 461 onere
1946 435 2022 461 inter
2035 439 2190 470 exemptas

1186 479 1214 503 et
1227 485 1284 503 non
1299 481 1451 512 exemptas
1462 479 1600 506 ecclesias
1614 488 1682 507 suae
1695 480 1836 508 dioecesis
1847 482 2018 515 dividendo,
2031 484 2185 510 ecclesiam

1185 524 1221 550 de
1233 524 1396 558 Conssento,
1408 526 1438 553 in
1454 527 1584 554 Lunensi
1598 528 1723 555 dioecesi
1739 529 1874 563 positam,
1890 531 1938 557 sed
1954 531 1990 558 ad
2008 532 2187 559 Bruniaten-

1185 581 1246 599 sem
1263 573 1431 608 episcopum
1448 576 1535 609 pleno
1549 576 1614 609 jure
1631 580 1812 611 spectantem
1827 581 1855 605 et
1869 579 1924 606 sibi
1940 579 2086 612 vicinam,
2101 588 2187 614 super

1186 621 1239 647 hoc
1258 622 1466 657 multipliciter
1484 629 1689 658 praegravaret
1707 629 1733 652 et
1754 627 1932 659 molestaret,
1948 642 1978 646 —
1995 628 2141 662 significat
2157 638 2187 655 se

1185 668 1320 696 inhibere
1342 679 1393 703 nc,
1412 672 1563 699 occasione
1585 673 1749 706 praedicta,
1770 674 1846 701 idem
1869 675 2014 702 Lunensis
2034 676 2187 710 episeopus

1185 716 1222 744 ab
1237 717 1337 744 eadem
1355 719 1479 746 ccclesia
1495 720 1531 746 dc
1549 720 1717 752 Conssento,
1739 730 1812 755 quae
1827 731 1893 749 cum
1911 724 2041 750 ecclesiis
2059 725 2186 751 Brunia—

1186 766 1277 792 tensis
1289 766 1430 794 dioecesis
1442 768 1596 795 tenebatur
1610 769 1793 797 contribuere
1810 770 1838 797 in
1857 772 2110 805 procurationibus
2125 781 2188 799 me-

1186 814 1317 846 moratis,
1330 814 1494 842 subsidium
1505 816 1603 850 exigat
1615 817 1660 843 vel
1673 821 1853 852 extorqueat.
1864 820 2039 852 —(Rz·;.18‚
2053 820 2185 852 f.176v·;

1185 871 1255 889 ann.
1270 863 1310 895 X,
1327 872 1351 890 c.
1370 864 1437 896 149;
1456 879 1486 883 —
1503 866 1541 891 ct.
1558 872 1654 899 supra,
1672 869 1701 892 η’
1716 866 1808 897 2932.)

1227 976 1240 989 «
1267 986 1286 992 ..
1311 965 1511 993 Bruniatensi
1533 966 1631 995 electo.
1659 967 1757 997 Cum.
1785 968 1869 997 sicut
1891 969 2013 998 asseris
2036 986 2085 997 -—.
2114 970 2186 999 Dat.

1186 1016 1299 1049 Reate,
1319 1017 1350 1045 ΙΙ
1367 1016 1441 1045 idus
1453 1017 1542 1055 julii,
1561 1027 1648 1047 anno
1664 1019 1802 1049 decimo.
1826 1032 1838 1045 r>

1255 1205 1373 1233 3228
1789 1209 1879 1242 Rieti,
1894 1210 1909 1237 9
1924 1211 2022 1244 juillet
2038 1212 2114 1239 1236.

1220 1266 1364 1301 Episcopo
1386 1271 1413 1294 et
1437 1269 1550 1295 cantori
1572 1269 1864 1297 Autisiodorensibus
1892 1273 2013 1300 mandat
2043 1279 2187 1308 quatenus

1184 1315 1284 1342 abbati
1307 1319 1336 1342 et
1360 1317 1519 1343 conventui
1542 1317 1823 1351 Virziliaccnsibus,
1848 1335 1878 1338 —
1900 1321 1965 1354 qui.
1987 1330 2052 1348 rum
2074 1323 2185 1350 ‹lu-tum

1183 1364 1270 1397 pauci
1285 1365 1421 1391 monachi
1435 1365 1466 1392 in
1482 1365 1612 1399 ipsorum
1629 1368 1806 1393 monasterio
1819 1370 2039 1398 remansissent.
2054 1371 2121 1397 aliis
2138 1380 2188 1406 per

1183 1412 1302 1438 diversa
1318 1413 1379 1439 loca
1395 1413 1546 1447 dispersis,
1563 1417 1681 1448 propter
1697 1423 1785 1441 onera
1800 1416 1965 1443 debitorum
1987 1419 2092 1451 quibus
2108 1420 2186 1446 idem

1184 1461 1396 1488 monasterium
1411 1465 1470 1488 erat
1483 1470 1665 1496 oppressum,
1680 1463 1780 1489 decem
1797 1473 1831 1490 ex
1848 1465 1920 1498 ipsis
1936 1466 2054 1492 tandem
2072 1468 2108 1493 acl
2126 1476 2189 1494 mo-

1183 1509 1345 1535 nasterium
1361 1509 1470 1543 ipsum,
1487 1518 1553 1536 cum
1568 1511 1621 1537 alii
1638 1511 1673 1537 ad
1687 1512 1876 1538 serviendum
1893 1513 1919 1539 ei
1937 1522 1992 1540 non
2010 1516 2185 1544 sufficerent.

1182 1559 1364 1590 revocantes,
1381 1558 1417 1584 ad
1438 1566 1536 1585 eorum
1557 1560 1803 1586 sustentationem
1823 1562 1981 1595 quamdam
1994 1567 2106 1597 partem
2124 1565 2187 1590 recl-

1182 1606 1302 1632 dituum
1321 1606 1358 1632 ad
1380 1607 1598 1641 eleemosynam
1623 1608 1855 1641 pertinentium,
1875 1618 1941 1636 cum
1962 1619 2017 1637 non
2047 1612 2186 1639 haberent

1181 1654 1256 1680 alias
1271 1654 1350 1680 unde
1364 1654 1516 1687 viverent,
1533 1655 1765 1689 deputaverant,
1786 1657 1907 1691 reliquis
1921 1659 2051 1692 eJ‘usdem
2071 1669 2187 1687 iii-mas-

1182 1702 1250 1728 terii
1262 1702 1426 1730 redditibus
1438 1711 1489 1737 pro
1500 1705 1645 1731 solutione
1656 1705 1820 1732 debitorum
1833 1707 2027 1734 creditoribus
2038 1708 2187 1742 obligatis.

1183 1764 1215 1767 —
1236 1751 1413 1783 concedant,
1437 1759 1495 1778 non
1517 1752 1652 1779 obstante
1675 1756 1783 1780 statuto
1805 1756 1965 1788 ap‹·›st01ico
1986 1765 2077 1790 nuper
2097 1758 2186 1790 edito,

1182 1798 1325 1826 videlicet
1341 1808 1377 1826 ne
1394 1801 1590 1833 possessiones
1604 1802 1651 1828 vel
1669 1802 1802 1829 redditus
1817 1803 1944 1837 alicujus
1964 1807 2133 1832 monasterii
2150 1807 2185 1833 :ul

1182 1849 1399 1881 eleemosynam
1415 1849 1548 1883 deputati
1565 1850 1602 1876 ab
1617 1850 1727 1877 eisdem
1745 1852 1846 1877 usibus
1862 1852 2081 1886 abstrahantur,
2100 1859 2128 1881 ut
2145 1860 2188 1882 ta-

1182 1897 1223 1923 les
1239 1897 1371 1923 redditus
1386 1897 1418 1923 in
1436 1898 1680 1925 sustentationem
1700 1899 1846 1926 dictorum
1866 1903 2075 1928 monachorum
2096 1912 2186 1937 usque

1181 1945 1219 1972 ad
1238 1945 1402 1972 triennium
1428 1949 1599 1973 convertere
1621 1948 1751 1975 valeant.
1776 1963 1808 1966 —
1831 1949 1919 1979 (Rea.
1948 1950 1991 1982 18,
2020 1952 2039 1976 ἰ.
2065 1952 2115 1977 176
2139 1956 2185 1983 νῆ

1181 2002 1250 2020 ann.
1267 1994 1311 2026 X,
1329 2002 1353 2020 c.
1371 1994 1436 2026 150;
1450 2009 1481 2013 —
1498 1995 1722 2028 Montanum,
1739 1997 1758 2022 f.
1775 1996 1832 2027 87.)

1223 2106 1236 2120 a
1263 2116 1282 2122 ..
1306 2095 1440 2132 episcopo
1463 2100 1488 2123 et
1509 2118 1528 2123 ..
1551 2097 1672 2124 cantori
1694 2097 2003 2127 autisiodorensibus.
2028 2099 2072 2128 Ex
2094 2104 2187 2137 parte

1181 2145 1376 2175 dilectorum
1411 2164 1460 2175 —.
1501 2147 1573 2176 Dat.
1612 2148 1728 2183 Reate,
1764 2149 1827 2178 VII
1861 2149 1935 2180 idus
1968 2150 2062 2189 julii,
2100 2160 2187 2181 anno

1180 2198 1318 2228 decimo.
1338 2211 1351 2225 »

1250 2389 1366 2417 3229
1735 2385 1740 2389 '
1764 2393 1854 2423 meti,
1871 2393 1904 2420 18
1917 2394 2015 2427 juillet
2033 2395 2111 2422 1236.

1214 2449 1358 2484 Magistro
1371 2451 1483 2478 ordinis
1494 2452 1529 2478 de
1545 2453 1758 2487 sempingham
1773 2458 1800 2480 et
1816 2454 1969 2482 Gaufrido.
1984 2455 2093 2482 decano
2108 2457 2184 2483 Ebo-

1178 2499 1307 2531 racensi,
1337 2499 1499 2526 committit
1528 2501 1748 2527 terminandam
1776 2510 1894 2528 causam
1926 2502 2180 2538 Barthjulnmaeij.

1178 2547 1299 2573 rectoris
1310 2548 1450 2574 ecclesiae
1459 2548 1562 2575 Sancti
1574 2548 1722 2575 Keverani
1735 2551 1780 2580 (-:
1790 2550 1820 2576 S.
1832 2550 1980 2581 Keverne)
1990 2551 2020 2577 in
2033 2552 2181 2579 C··rm¹bia

1178 2598 1279 2621 contra
1293 2595 1429 2622 abbatem
1443 2599 1471 2622 et
1487 2599 1665 2623 conventum
1682 2597 1758 2623 Belli
1775 2598 1855 2629 Loci,
1868 2598 2087 2625 &vintoniensis
2101 2600 2182 2626 dioe-

1178 2643 1266 2676 cesis,
1283 2644 1333 2677 qui
1351 2644 1448 2671 dolose
1466 2644 1655 2671 obtinuerant
1674 2645 1749 2679 quod
1771 2646 1951 2679 praedictam
1973 2647 2127 2673 ecclesiam
2149 2648 2179 2674 in

1177 2700 1247 2718 usus
1266 2701 1332 2719 suos
1351 2693 1478 2720 retinere
1497 2696 1624 2727 possent.
1647 2708 1678 2712 —-
1703 2695 1789 2725 (Rso.
1807 2694 1855 2726 18,
1877 2695 1897 2720 t.
1916 2694 1966 2721 176
1982 2698 2026 2726 v';
2043 2704 2112 2722 ann.
2135 2697 2178 2728 X,

1177 2749 1202 2767 e.
1219 2741 1294 2771 151.)

1219 2853 1232 2867 «
1252 2863 1272 2869 ..
1291 2843 1438 2879 mayistro
1456 2841 1575 2870 ordinis
1591 2841 1624 2870 dc
1641 2841 1858 2879 Sempt'nylmm
1879 2847 1905 2871 et
1927 2842 2074 2878 Gansrido
2089 2844 2108 2872 ¹.
2127 2844 2179 2873 de·-

1209 2960 1228 2984 1.
1245 2961 1379 2989 Gausrido
1395 2967 1429 2984 en
1445 2960 1612 2983 mauchettc:
1631 2961 1657 2982 G.
1678 2965 1711 2981 en
1728 2959 1867 2989 rubrique.
