2519 3518
134 269 172 298 25
975 259 1205 299 NEUVIEME
1227 260 1385 298 ANNEE.
2184 277 2222 306 25

135 334 183 364 Ex
197 337 289 371 parte
303 332 476 363 karissimi
491 333 527 362 in
543 332 675 364 Christo
686 333 747 362 filii
761 334 864 364 nostri
881 357 902 363 ..
919 333 1038 371 Anglie
1052 333 1140 371 regis

135 386 278 416 illustris
299 389 331 415 et
351 384 473 415 nobilis
495 385 560 415 viri
586 408 606 414 ..
629 386 759 416 comitis
781 386 965 422 Cornubie,
991 385 1141 424 germani

135 438 204 474 sui,
221 437 287 468 fuit
301 437 506 476 propositum
523 446 632 467 coram
649 438 743 468 nobis
760 439 861 477 quod,
880 447 954 468 cum
970 438 1057 469 clare
1072 447 1141 468 me-

135 490 240 521 morie
262 513 281 519 ..
298 498 355 520 rex
371 489 506 528 Anglie,
526 493 618 528 pater
636 499 767 526 eorum,
785 491 969 521 devotionis
984 490 1051 521 zelo
1067 499 1142 521 suc-

137 551 268 578 census,
293 542 532 572 monasterium
555 546 702 572 vestrum
721 543 862 573 fundare
883 544 1034 581 cepisset,
1057 543 1144 581 quod

135 598 241 625 morte
264 598 443 632 preventus
466 603 531 623 non
554 594 660 632 potuit
687 603 899 630 consumare,
924 604 996 630 vos,
1022 595 1143 625 solacio

136 647 222 678 tanti
241 646 464 677 benefactoris
488 646 628 682 amisso,
650 650 681 677 et
696 647 828 677 hostilis
846 648 1001 686 temporis
1017 647 1145 677 malitia

137 701 326 738 ingruente,
341 699 377 728 in
392 699 544 737 personis
561 703 592 729 et
608 699 707 729 rebus
721 699 885 729 defectum
901 708 967 729 non
980 700 1145 729 modicum

137 752 229 791 passi
245 752 326 782 estis
341 762 346 787 ;
365 760 480 781 verum
497 751 664 789 predictus
682 760 808 788 comes,
827 756 983 791 tanquam
999 752 1146 782 imitator

138 804 325 834 devotionis
352 807 504 841 paterne,
535 803 575 832 ad
605 803 821 834 necessitates
846 807 973 834 vestras
1002 803 1145 841 benigne

137 855 338 894 respiciens,
361 855 417 893 pia
439 855 532 884 vobis
554 854 754 885 liberalitate
777 855 941 885 concessit
961 856 1016 894 jus
1038 859 1147 893 patro-

139 911 238 938 natus
255 907 342 946 quod
356 907 393 936 in
409 907 551 937 ecclesia
571 907 611 937 de
628 908 747 938 Sancto
763 908 963 945 Kaveran[o]
980 907 1148 945 spectabat

140 961 181 991 ad
198 961 319 1000 ipsum,
329 960 514 991 venerabili
526 961 628 990 fratre
641 964 752 990 nostro
764 984 783 990 ..
795 961 946 999 episcopo
955 960 1144 996 Exoniensi,

138 1013 204 1043 loci
234 1013 427 1049 diocesano,
460 1013 682 1043 transferente
711 1013 746 1042 in
774 1022 832 1043 vos
856 1013 991 1051 provido
1015 1012 1148 1051 pietatis

140 1067 262 1097 affectu
279 1066 440 1105 quicquid
458 1065 497 1095 ad
521 1074 595 1095 eum
618 1065 653 1094 in
674 1065 814 1095 ecclesia
836 1065 908 1103 ipsa
929 1065 963 1094 in
985 1069 1149 1103 tempora-

139 1120 229 1150 libus
245 1119 444 1158 pertinebat.
458 1119 649 1156 Eapropter,
663 1118 775 1148 dilecti
787 1118 821 1147 in
834 1118 976 1148 Domino
992 1117 1064 1151 filii,
1083 1122 1150 1147 tam

140 1173 365 1213 predictorum
382 1171 470 1209 regis
487 1175 518 1201 et
537 1170 666 1200 comitis
684 1180 782 1209 quam
798 1171 917 1200 vestris
934 1170 1060 1200 devotis
1077 1179 1150 1208 sup-

140 1224 379 1264 plicationibus
404 1223 569 1258 inclinati,
602 1222 784 1261 supplendo
813 1223 851 1253 de
882 1223 1018 1261 speciali
1046 1223 1152 1261 gratia

141 1278 280 1318 capituli
291 1278 468 1312 defectum,
485 1277 513 1307 si
525 1275 600 1315 quis
612 1280 661 1306 est
674 1276 708 1305 in
722 1276 784 1306 hac
796 1280 898 1314 parte,
911 1276 1004 1306 vobis
1020 1279 1152 1314 propter

143 1331 361 1363 necessitates
377 1329 542 1368 predictas
558 1329 783 1367 dispensative
796 1329 1008 1358 concedimus
1022 1333 1069 1363 ut,
1085 1332 1152 1358 sta-

141 1384 226 1414 tutis
250 1382 354 1413 vestri
377 1381 505 1412 ordinis
530 1389 596 1410 non
617 1380 838 1416 obstantibus,
858 1380 994 1418 possitis
1015 1380 1153 1410 eandem

143 1436 321 1467 ecclesiam
336 1435 372 1464 in
387 1443 469 1465 usus
485 1433 652 1472 proprios,
672 1433 713 1463 ad
728 1433 948 1463 exercendum
966 1436 1154 1471 competen-

145 1489 211 1520 tius
227 1489 263 1519 in
278 1488 350 1527 ipso
363 1486 567 1517 monasterio
583 1485 732 1516 caritatis
747 1489 777 1515 et
788 1485 1032 1524 hospitalitatis
1043 1493 1151 1524 opera,

143 1542 305 1576 retinere,
323 1544 492 1571 reservata
508 1548 654 1578 congrua
668 1539 819 1577 portione
838 1538 877 1568 de
891 1539 999 1577 ipsius
1014 1547 1156 1577 proven-

143 1595 234 1625 tibus
249 1594 290 1624 ad
308 1592 587 1624 sustentationem
602 1591 721 1622 vicarii
732 1595 763 1622 et
777 1591 842 1621 alia
854 1591 1002 1630 ejusdem
1018 1591 1156 1621 ecclesie

146 1656 249 1678 onera
278 1645 490 1681 sustinenda,
521 1649 552 1675 et
574 1645 743 1675 diocesani
771 1644 917 1682 episcopi
940 1644 976 1673 in
1002 1644 1156 1674 omnibus

142 1701 219 1740 jure
240 1700 342 1730 salvo.
362 1699 456 1729 Nulli
480 1707 556 1736 ergo
573 1701 684 1728 nostre
701 1697 927 1728 concessionis
944 1701 1004 1727 etc.
1028 1697 1063 1727 Si
1082 1697 1157 1735 quis

146 1757 260 1784 autem
277 1757 338 1783 etc.
362 1753 436 1782 Dat.
455 1751 604 1786 Perusii,
623 1751 674 1780 ΠΙ
695 1750 854 1780 kalendas
872 1750 1005 1788 aprilis,
1023 1750 1156 1788 pontifi-

146 1810 240 1836 catus
256 1805 362 1836 nostri
379 1813 465 1835 anno
482 1812 579 1834 nono.
600 1816 612 1829 n

220 1957 338 1985 2499

185 2019 337 2047 Fidelibus
353 2027 404 2054 per
419 2018 557 2046 Tusciam
572 2017 756 2049 constitutis,
774 2025 841 2043 cum
858 2016 995 2048 ecclesia,
1010 2016 1113 2042 domus
1129 2017 1158 2042 et

146 2069 283 2097 officinae
299 2067 470 2095 monasterii
488 2066 591 2094 Sancti
613 2065 777 2093 Salvatoris
791 2065 827 2091 de
844 2064 947 2091 Monte
967 2065 1076 2096 Acuto,
1092 2064 1157 2092 Cis-

149 2117 303 2145 terciensis
319 2116 447 2148 ordinis,
462 2115 624 2143 Perusinae
639 2113 795 2143 dioecesis,
816 2113 911 2139 nimia
925 2114 1073 2139 vetustate
1088 2120 1158 2139 con-

148 2168 295 2200 sumptae,
311 2164 446 2199 proxima
460 2163 645 2198 reparatione
660 2162 839 2196 indigerent,
855 2169 907 2187 nec
920 2161 957 2188 ad
970 2161 1000 2187 id
1014 2159 1158 2194 praedicti

150 2213 323 2242 monasterii
337 2215 527 2247 suppeterent
541 2212 707 2241 facultates,
722 2210 854 2244 injungit
867 2212 1011 2243 quatenus
1025 2216 1158 2243 procura-

146 2263 263 2291 toribus
283 2263 377 2297 ipsius
398 2260 569 2289 monasterii
589 2261 637 2287 vel
660 2267 759 2286 eorum
780 2258 908 2290 nuntiis,
931 2266 998 2284 cum
1022 2257 1059 2284 ad
1081 2257 1158 2291 ipsos

151 2311 354 2344 eleemosynas
369 2308 491 2343 petituri
507 2306 699 2339 accesserint,
714 2305 847 2332 subsidia
866 2307 1000 2338 erogent;
1022 2303 1159 2331 omnibus

151 2359 202 2394 qui
218 2359 255 2386 ad
270 2358 489 2393 praedictorum
503 2355 705 2383 aedificiorum
722 2353 865 2380 fabricam
881 2352 1075 2387 personaliter
1090 2351 1159 2379 sub-

149 2407 304 2440 venerint,
322 2405 519 2441 quadraginta
540 2404 603 2430 dies
625 2403 661 2430 de
676 2402 812 2436 injuncta
829 2400 1014 2435 paenitentia
1028 2401 1158 2433 relaxat3

152 2455 357 2491 praesentibus
380 2456 444 2489 post
464 2452 620 2480 biennium
643 2450 769 2477 minime
790 2448 939 2476 valituris.
957 2463 989 2466 —
1005 2448 1091 2480 (Rae.
1111 2447 1159 2480 18,

152 2505 222 2532 f.12
237 2507 281 2536 v⁰;
298 2512 368 2531 ann.
383 2503 436 2536 IX,
452 2502 541 2533 c.11;
557 2515 588 2519 —-
603 2501 640 2527 ef.
657 2506 752 2532 supra,
770 2507 798 2524 n.
816 2497 995 2528 1979—1984.)

714 1955 851 1986 Pe‘rouse,
865 1954 899 1981 29
915 1962 992 1980 mars
1005 1953 1084 1980 1235.

197 2618 210 2632 «
247 2605 402 2635 Universis
429 2603 545 2633 Christi
569 2601 708 2638 fidelibus
731 2608 785 2637 per
809 2599 949 2627 Tusciam
976 2597 1159 2627 constitutis.

153 2658 330 2696 Quoniam,
348 2661 384 2686 ut
398 2656 443 2686 ait
460 2673 508 2683 —.
526 2655 600 2684 Dat.
615 2652 757 2685 Perusii,
777 2652 843 2680 IIII
860 2650 1018 2680 kalendas
1034 2648 1160 2687 aprilis,

152 2719 243 2741 anno
260 2718 357 2740 nono.
378 2721 390 2735 »

738 2856 874 2886 Pei-ense,
888 2853 903 2879 4
919 2851 995 2878 avril
1012 2851 1089 2877 1235.

228 2860 352 2889 250⁰

192 2924 336 2958 Episcopo
356 2920 551 2949 Dunelmensi
573 2919 693 2946 mandat
715 2920 872 2951 quatenus,
894 2915 918 2940 si
939 2912 1161 2941 Cantuariensis

1223 333 1458 369 archiepiscopus
1472 339 1500 363 et
1515 337 1666 372 episcopus
1682 338 1825 365 Roffensis
1842 339 2013 367 mandatum
2028 341 2220 374 apostolicum

1223 380 1259 407 de
1272 382 1465 411 multitudine
1481 384 1685 413 beneficiorum
1703 395 1776 421 quae
1791 387 1943 414 dicebatur
1961 388 2067 415 habere
2088 389 2221 423 Rufinus,

1224 437 1311 462 nepos
1327 429 1419 458 bonae
1438 433 1596 460 memoriae
1616 432 1765 469 G[ua1ae},
1780 435 1860 462 tituli
1883 435 1985 463 Sancti
2002 436 2125 464 Martini
2142 446 2223 472 pres-

1224 476 1320 510 byteri
1334 479 1508 514 cardinalis,
1525 481 1560 507 ad
1577 482 1653 515 ipsos
1669 482 1812 510 directum
1823 505 1829 516 ‚
1846 485 2029 518 neglexerint
2048 486 2220 521 adimplere,

1224 525 1300 552 illud
1320 526 1382 560 ipse
1402 529 1520 562 exsequi
1543 530 1668 557 studeat.
1687 532 1818 562 —(R1‹:c.
1840 532 1887 565 18,
1910 534 1929 559 f.
1952 533 1985 560 12
2006 536 2051 565 v“;
2073 542 2141 561 ann.
2164 534 2222 566 IX.

1225 581 1250 599 c.
1270 574 1328 605 12.)

1268 712 1281 726 «
1314 723 1331 728 ..
1364 702 1498 738 episcopo
1527 703 1732 733 Dunelmensi.
1762 705 1950 736 Recolimus
1977 708 2223 739 venerabilibus

1226 751 1386 782 fratribus
1416 754 1537 783 nostris
1565 777 1583 783 ..
1610 755 1843 786 Cantuariensi
1871 758 2115 798 archiepiscopo
2143 765 2174 791 ct
2204 784 2223 790 ..

1229 803 1379 842 episcopo
1398 806 1545 835 Roffensi
1562 806 1639 836 olim
1657 808 1785 839 dedisse
1804 811 1926 840 nostris
1944 811 2064 841 litteris
2080 813 2113 841 in
2133 822 2227 843 man-

1229 855 1313 885 datis
1330 860 1375 892 ut,
1394 858 1525 893 Rufino,
1546 864 1662 897 nepote
1679 861 1761 891 bone
1778 863 1933 892 memorie
1945 864 1996 894 G..
2013 864 2100 893 tituli
2115 866 2227 895 Sancti

1230 908 1366 938 Martini
1382 910 1557 947 presbiteri
1574 913 1762 948 cardinalis,
1776 915 1964 953 quihabere
1981 916 2227 948 multitudinem

1231 960 1485 997 beneficiorum,
1503 972 1614 993 curam
1632 965 1730 995 etiam
1747 967 1932 997 animarum
1949 968 2158 1005 habentium,
2177 971 2228 1000 di-

1231 1013 1382 1049 cebatur,
1414 1014 1454 1044 ad
1481 1024 1574 1045 suam
1606 1019 1806 1055 presentiam
1837 1025 1982 1055 evocato,
2014 1022 2229 1053 ducentarum

1232 1073 1416 1096 marcarum
1440 1067 1623 1099 redditibus
1648 1070 1806 1101 facientes
1832 1082 1906 1102 eum
1931 1082 2002 1104 esse
2027 1079 2227 1111 contentum,

1231 1117 1361 1157 reliqua
1384 1128 1441 1157 per
1468 1120 1543 1151 11105
1564 1122 1603 1151 ad
1624 1132 1705 1161 quos
1724 1123 1870 1161 ipsorum
1886 1126 2067 1163 pertinebat
2086 1127 2228 1162 donatio.

1233 1171 1469 1209 appellatione,
1495 1175 1752 1206 contradictione
1780 1181 1811 1206 et
1836 1177 2080 1215 dispensatione
2106 1188 2230 1218 nequa-

1233 1231 1332 1261 quam
1358 1224 1578 1262 obstantibus,
1604 1236 1678 1257 curn
1706 1237 1742 1258 ex
1769 1229 1830 1259 hoc
1855 1239 2010 1268 magnum
2039 1232 2230 1262 scandalum

1235 1280 1321 1306 esset
1334 1280 1441 1306 ortum
1454 1282 1484 1307 et
1498 1286 1667 1317 nunquam
1681 1281 1813 1311 fecisset
1826 1283 2037 1312 insidentium
2050 1284 2082 1313 in
2096 1284 2230 1320 eisdem,

1235 1336 1272 1357 ac
1283 1337 1340 1366 per
1352 1328 1413 1358 hoc
1427 1330 1631 1368 cont-ingeret
1644 1341 1756 1361 curam
1768 1334 1889 1371 negligi
1907 1335 2017 1372 sepius
2035 1336 2230 1372 animarum,

1234 1380 1382 1411 facerent
1397 1383 1548 1420 personis
1564 1384 1692 1414 idoneis
1708 1386 1882 1423 assignari,
1898 1397 1960 1426 que
1974 1388 2093 1418 vellent
2105 1389 2138 1417 in
2152 1389 2233 1427 ipsis

1237 1432 1403 1463 deservire
1419 1436 1654 1466 convenienter
1670 1442 1699 1467 et
1720 1444 1869 1475 possent;
1887 1441 2142 1471 contradictores
2159 1446 2232 1477 etc.,

1236 1494 1342 1523 usque
1363 1496 1368 1514 :
1388 1488 1634 1525 compescendo.
1659 1489 1829 1525 Ceterum,
1854 1492 1931 1529 quia
1950 1492 2035 1522 idem
2054 1494 2106 1525 R„
2130 1502 2233 1531 nuper

1238 1538 1396 1568 accedens
1417 1539 1457 1568 ad
1473 1544 1619 1569 nostram
1639 1543 1839 1578 presentiam
1860 1548 1889 1572 et
1906 1548 2016 1573 nostro
2033 1545 2236 1583 beneplacito

1238 1599 1273 1620 se
1294 1591 1519 1627 committens,
1547 1593 1744 1631 supplicavit
1766 1595 1937 1625 humiliter
1962 1601 1992 1626 et
2017 1597 2178 1628 instanter
2203 1603 2237 1628 ut

1237 1643 1410 1680 providere
1434 1652 1533 1682 super
1554 1645 1614 1674 hoc
1641 1645 1679 1675 de
1704 1647 1908 1685 benignitate
1934 1649 2027 1678 Sedis
2052 1650 2236 1688 Apostolice

1239 1695 1464 1733 dignaremur,
1494 1697 1542 1727 eis
1566 1707 1624 1736 per
1645 1698 1772 1729 litteras
1800 1705 1928 1730 nostras
1955 1702 2181 1733 mandavimus
2203 1707 2239 1733 ut

1238 1747 1360 1778 litteris
1386 1750 1640 1787 supersederent
1663 1751 1803 1782 eisdem,
1822 1753 1923 1782 donee
1943 1755 2131 1784 mandatum
2155 1756 2238 1785 reci-

1238 1806 1353 1839 perent
1376 1812 1394 1831 a
1417 1803 1499 1833 Sede
1521 1804 1709 1842 Apostolica
1729 1805 1895 1841 iteratum,
1918 1816 2091 1837 numerum
2114 1809 2239 1839 benefi-

1239 1854 1365 1884 ciorum
1381 1856 1538 1893 ipsorum,
1557 1857 1716 1895 cujusque
1732 1858 1885 1887 beneficii
1901 1865 2117 1897 proventuum
2135 1870 2240 1900 quan-

1239 1907 1377 1943 titatem,
1399 1912 1429 1938 et
1446 1917 1509 1947 que
1525 1917 1637 1938 curam
1658 1910 1817 1940 haberent
1833 1916 1863 1941 et
1881 1921 1943 1950 que
1959 1922 2040 1948 non,
2060 1913 2154 1944 nobis
2171 1914 2240 1952 ple-

1240 1960 1333 1990 narie
1363 1960 1569 2000 rescripturi.
1602 1962 1666 1991 Sed
1701 1962 1802 1992 iidem
1829 1981 1884 1999 —,
1915 1964 2000 1994 sicut
2032 1966 2236 2003 accepimus,

1240 2016 1417 2050 antequam
1434 2013 1475 2042 ad
1489 2013 1579 2051 ipsos
1599 2014 1742 2044 secunde
1757 2014 1866 2045 littere
1882 2017 2126 2054 pervenissent,
2145 2026 2239 2047 occa-

1241 2064 1334 2095 sione
1350 2065 1448 2102 primi
1464 2066 1622 2101 mandati,
1643 2067 1747 2096 forma
1764 2071 1871 2096 tamen
1888 2068 1958 2106 ejus
1974 2068 2111 2098 minime
2126 2069 2240 2100 obser-

1241 2121 1331 2152 vata,
1350 2122 1381 2146 et
1398 2117 1484 2147 dicto
1502 2119 1540 2148 R.
1559 2118 1665 2148 inscio
1681 2127 1741 2148 nec
1757 2124 1886 2155 vocato,
1903 2120 1980 2150 licet
1999 2121 2166 2151 citationis
2183 2121 2239 2151 lit-

1240 2173 1327 2199 teras
1339 2169 1379 2198 ad
1393 2170 1557 2208 quandam
1569 2170 1752 2205 ecclesiam,
1766 2171 1801 2200 10
1816 2181 1880 2210 qua
1892 2172 2089 2202 beneficium
2101 2173 2236 2208 obtinet,

1241 2222 1467 2252 transmisisse
1484 2223 1645 2258 dicantur,
1659 2233 1722 2262 que
1739 2224 1778 2253 ad
1790 2233 1864 2253 eum
1881 2224 2069 2255 nullatenus
2086 2234 2239 2263 pervene-

1240 2279 1328 2310 runt,
1342 2275 1461 2313 ipsum.
1477 2275 1537 2304 sub
1549 2277 1772 2314 expectatione
1784 2281 1895 2307 nostre
1908 2278 2011 2315 gratie
2026 2278 2111 2316 apud
2122 2278 2240 2308 Sedem

1241 2328 1463 2366 Apostolicam
1484 2329 1696 2360 existentem,
1716 2329 1870 2359 omnibus
1886 2330 2057 2360 beneficiis
2073 2340 2136 2368 que
2153 2331 2240 2361 obti-

1241 2380 1339 2410 nebat
1361 2381 1395 2409 10
1418 2380 1548 2418 Anglia,
1574 2382 1716 2419 exceptis
1737 2381 1902 2419 prebenda
1918 2382 2157 2417 Lincolniensi‚
2176 2392 2239 2421 que

1241 2433 1362 2462 dicitur
1379 2433 1571 2472 Cropp[er]i,
1590 2437 1620 2463 et
1636 2431 1834 2471 parrochiali
1851 2434 1988 2464 ecclesia
2004 2434 2042 2464 de
2059 2434 2240 2465 Ecclesseld

1242 2494 1278 2515 ac
1294 2494 1350 2515 sex
1372 2485 1491 2515 marcis
1510 2486 1548 2515 de
1570 2486 1748 2515 Exoniensi
1769 2486 1934 2524 prebenda
1951 2487 1985 2515 in
2002 2487 2141 2517 diversis
2157 2487 2238 2517 locis

1241 2538 1328 2568 inter
1350 2547 1384 2568 se
1408 2538 1607 2568 distantibus
1632 2538 1835 2573 constitutis,
1855 2548 1935 2577 quas
1952 2548 2008 2576 pro
2025 2539 2239 2569 ducentarum

1242 2599 1427 2619 marcarum
1447 2590 1629 2620 redditibus
1652 2591 1865 2628 assignarunt.
1887 2591 2008 2621 eidem.
2034 2600 2090 2629 pro
2110 2601 2166 2621 sue
2183 2600 2239 2621 vo-

1241 2642 1380 2671 luntatis
1407 2642 1543 2671 arbitrio
1567 2643 1788 2680 privaverunt.
1815 2642 1905 2672 Licet
1930 2642 2042 2680 igitur,
2068 2643 2173 2680 ipsius
2198 2643 2235 2672 R.

1243 2694 1342 2724 saluti
1362 2694 1533 2724 consulere
1557 2703 1592 2723 ac
1609 2695 1793 2723 animarum
1809 2694 1941 2723 obviare
1957 2694 2113 2732 periculis
2129 2694 2239 2724 inten-

1242 2747 1371 2781 dentes,
1390 2746 1622 2776 beneficiorum
1640 2746 1900 2779 multitudinem,
1919 2745 2088 2774 inimicam
2104 2745 2239 2775 canoni-

1242 2799 1315 2834 bus,
1334 2799 1420 2828 circa
1437 2808 1510 2828 eum
1527 2799 1567 2828 ad
1582 2803 1705 2828 certum
1723 2798 1834 2827 reduci
1850 2798 2116 2827 mandaverimus
2132 2797 2238 2827 mode-

1243 2860 1372 2886 ramen,
1391 2851 1467 2889 quia
1484 2855 1591 2879 tamen
1610 2850 1803 2879 intentionis
1821 2855 1930 2879 nostre
1952 2858 2015 2878 uon
2033 2850 2138 2879 extitit
2156 2854 2189 2878 ut
2206 2849 2240 2878 id

1243 2905 1378 2933 omnino
1396 2904 1429 2932 in
1447 2904 1516 2942 ejus
1534 2903 1740 2940 dispendium
1758 2906 1976 2936 convertatur,
1999 2907 2027 2932 et
2050 2901 2239 2941 hujusmodi
