2519 3518
93 325 149 356 713
949 315 1139 352 oxztEME
1163 314 1319 351 Aann.
2118 320 2172 348 714

95 402 113 422 a
128 391 309 422 venerabili
332 391 434 421 fratre
458 395 569 420 nostro
588 413 605 420 ..
628 390 874 428 archiepiscopo
899 394 929 419 et
952 387 1095 426 capitulo

95 444 316 475 Remensibus
332 443 517 482 postulatus
538 448 567 473 et
585 443 625 473 ab
644 444 692 473 eis
711 443 815 472 eidem
836 442 973 473 ecclesie
992 444 1095 471 Aure-

94 497 239 527 lianensi
255 505 443 530 concessus,
462 496 502 526 ad
520 496 712 525 nuntiorum
737 495 843 534 ipsius
864 499 891 524 et
918 494 1094 523 multorum

96 549 325 587 religiosorum
351 549 545 578 instantiam
567 548 718 578 electioni
743 548 781 578 de
801 557 834 577 se
853 548 938 577 facte
957 555 1096 576 consen-

96 602 156 637 sit:
184 611 246 641 que
273 602 400 636 omnia,
423 601 474 631 vel
501 601 610 640 aliqua
638 610 700 640 que
723 600 898 633 sufficiant,
930 599 1096 637 predictus

97 659 287 694 procurator
309 659 375 684 tum
399 663 455 693 per
475 654 642 683 decretum
667 653 839 683 electionis
863 657 928 682 tum
954 662 1009 690 per
1032 651 1097 681 alia

98 709 319 738 instrumenta
347 717 410 746 que
433 707 577 737 decanus
605 707 675 744 ipse
698 706 878 744 subripuit,
900 705 1096 743 adquorum

98 761 335 790 exhibitionem
368 761 475 798 ipsum
510 760 603 798 petiit
631 759 771 789 coartari
787 783 792 788 .
824 764 854 788 et
889 758 1097 796 probationes

99 814 192 844 alias,
212 822 246 843 sc
265 813 383 843 obtulit
406 813 629 851 probaturum.
653 812 748 842 Unde
770 822 787 841 a
809 812 903 841 nobis
928 810 1098 840 humiliter

101 866 278 904 postulavit
301 870 346 895 ut.
372 865 476 895 eidem
501 865 623 895 decano
647 869 675 894 et
699 864 896 903 sequacibus
922 864 1003 892 suis.
1029 863 1096 902 qui.

100 923 213 948 contra
245 919 364 948 sactum
394 917 562 956 proprium
586 922 706 947 temere
732 916 908 949 veniendo,
940 916 1098 945 adversus

100 971 240 1002 electum
263 972 371 1009 ipsum
387 971 559 1001 materiam
576 970 738 1000 discordie
757 969 975 999 suscitarunt.
996 969 1098 999 silen-

101 1025 182 1054 tium
201 1025 418 1062 imponentes,
432 1023 626 1061 premissam
639 1022 843 1057 electionem,
861 1022 899 1051 de
916 1022 986 1051 viro
998 1021 1098 1051 multe

100 1076 297 1110 litterature,
316 1076 452 1105 honeste
479 1076 543 1105 vite
566 1079 595 1105 et
619 1075 705 1104 clare
728 1075 812 1104 same
839 1074 995 1103 canonice
1013 1074 1099 1103 cele-

101 1130 237 1163 bratam,
257 1129 450 1159 auctoritate
467 1137 658 1158 curaremus
678 1127 855 1165 apostolica
874 1128 1096 1156 conhrmare‘.

100 1181 214 1211 multis
234 1190 428 1218 magnorum
454 1181 598 1209 virorum
625 1180 718 1209 nobis
744 1179 864 1209 litteris
889 1179 1097 1217 presentatis.

101 1234 158 1272 qui
176 1242 248 1264 eum
267 1233 351 1271 apud
369 1242 427 1262 nos
444 1232 672 1270 multipliciter
685 1231 967 1261 commendarunt.
987 1232 1030 1261 Ex
1048 1231 1098 1260 ad-

103 1295 196 1317 verso
216 1294 291 1316 vcro
308 1286 451 1315 decanus
475 1285 643 1323 proposuit
661 1290 861 1314 memoratus
877 1284 978 1323 qnod.
997 1284 1100 1313 eccle-

102 1339 151 1368 sia
172 1338 358 1377 supradicta
380 1342 530 1371 vacante,
550 1337 588 1366 de
609 1337 774 1366 communi
796 1346 935 1366 assensu
952 1337 1098 1375 capituli.

101 1401 158 1422 sex
183 1391 338 1429 predictis
365 1391 426 1420 sub
453 1390 513 1420 hac
539 1391 643 1420 forma
669 1390 844 1419 commissa
871 1390 933 1418 suit
958 1394 1100 1427 potestas

104 1443 295 1482 providendi
312 1443 460 1477 ecclesie,
478 1443 547 1472 vice
564 1442 723 1477 omnium,
743 1442 780 1471 de
796 1447 935 1480 pastore.
950 1442 1099 1472 videlicet

103 1500 138 1525 ut
153 1495 259 1534 primo
272 1499 449 1525 tractarent
462 1495 501 1525 de
513 1504 653 1533 persona
670 1495 786 1524 idonea
804 1495 841 1524 de
855 1495 979 1531 gremio
996 1495 1101 1532 ipsius

103 1547 241 1578 ecclesie
258 1556 295 1578 ac
311 1547 519 1587 providerent
536 1547 574 1578 de
593 1547 661 1582 illa,
680 1547 707 1577 si
720 1556 834 1577 omnes
848 1547 882 1576 in
899 1556 969 1576 eam
987 1547 1101 1577 unani—

105 1601 202 1631 miter
217 1601 469 1635 concordarent;
493 1600 640 1639 alioquin
662 1600 699 1630 de
716 1600 779 1630 alia
802 1600 969 1629 dumtaxat
986 1600 1101 1629 idonea

105 1659 195 1684 extra
216 1654 377 1692 gremium
403 1654 549 1692 ejusdem
573 1653 710 1682 ecclesie
727 1653 973 1691 undecumque;
996 1657 1103 1690 potes-

107 1711 170 1737 tate
182 1707 326 1745 ipsorum
341 1706 464 1736 tamdiu
479 1706 635 1735 duratura
651 1705 808 1744 quamdiu
820 1714 957 1735 accensa
969 1705 1103 1735 candela

104 1759 248 1794 duraret,
266 1768 329 1798 que
346 1759 386 1789 ad
402 1759 462 1788 hoc,
479 1760 586 1789 suerat
601 1758 766 1796 deputata.
784 1759 845 1788 Die
863 1762 972 1787 autem
989 1758 1028 1787 ad
1045 1758 1104 1787 eli-

105 1812 247 1849 gendum
258 1812 391 1849 prefixa,
402 1811 593 1845 Gervasius,
607 1811 752 1849 ejusdem
763 1810 900 1840 ecclesie
913 1820 947 1839 ca
954 1811 1100 1846 nonicns,

105 1865 188 1894 citra
207 1864 406 1894 voluntatem
423 1864 558 1902 capituli
579 1873 677 1901 super
693 1863 855 1902 quoddam
874 1863 1002 1900 lignum
1020 1863 1106 1901 quod

105 1922 176 1947 erat
191 1917 224 1946 in
241 1917 401 1955 capitulo.
426 1917 535 1954 posuit
557 1916 687 1953 globum
709 1925 798 1945 cere.
821 1916 874 1944 cui
899 1915 1035 1945 candela
1051 1925 1106 1945 su-

105 1970 271 2008 perposita
296 1969 403 1999 extitit
428 1968 605 1998 antedicta.
632 1968 714 1998 Cum
739 1972 848 1997 autem
871 1968 1008 2005 predicti
1038 1977 1104 1997 sex.

107 2023 310 2059 traeta[n]tes
329 2022 416 2051 inter
433 2030 466 2050 se
483 2021 619 2050 diutius.
640 2029 704 2049 non
718 2024 848 2058 possent
869 2020 903 2049 in
921 2029 1019 2049 unam
1035 2029 1106 2049 con-

107 2075 220 2104 venire
237 2083 421 2112 personam,
442 2078 472 2103 et
490 2074 556 2111 jam
582 2073 734 2102 liniretur
756 2072 903 2101 candela.
923 2072 1049 2101 duobus
1068 2072 1106 2101 de

107 2126 250 2165 capitulo
264 2126 420 2156 euntibus
436 2126 474 2155 ad
489 2125 608 2155 ostium
623 2125 738 2154 domus
753 2125 786 2153 in
802 2134 865 2163 qua
882 2130 986 2154 erant.
1002 2129 1031 2153 et
1046 2124 1107 2153 cla-

109 2179 277 2209 mantibus
296 2179 481 2208 successive
504 2182 540 2207 ut
562 2178 774 2207 festinarent.
798 2177 876 2215 quia
900 2177 950 2206 vix
975 2182 1108 2215 possent

110 2232 216 2262 redire
239 2231 279 2261 ad
303 2230 483 2269 capitulum
513 2229 649 2259 candela
673 2229 832 2259 durante.
859 2229 1006 2259 tandem.
1031 2239 1108 2259 con-

110 2289 239 2322 sumpta
253 2284 320 2322 jam
341 2282 486 2317 candela,
505 2282 551 2311 ita
568 2282 652 2320 quod
671 2282 856 2311 liccbinus²
873 2282 1033 2312 ceciderat
1053 2292 1109 2312 sn-

110 2346 167 2376 per
182 2337 322 2375 lignum,
340 2336 438 2375 quod,
456 2336 615 2365 beneficio
632 2344 705 2365 cere
722 2335 901 2373 supposite,
920 2339 1044 2364 tantum
1062 2344 1109 2364 ar-

111 2391 207 2421 debat
233 2390 312 2420 adeo
339 2389 511 2424 debiliter,
543 2389 629 2427 quod
660 2411 679 2417 ..
705 2393 891 2422 succentor,
919 2388 1038 2418 timens
1070 2397 1110 2417 ne

111 2444 360 2481 extingueretur
376 2442 508 2480 penitus
526 2441 604 2471 flatu
625 2442 714 2471 venti
732 2441 781 2470 vel
804 2450 894 2475 aura,
912 2445 1001 2471 motu
1021 2445 1110 2470 tran-

111 2495 304 2535 seuntljum]
314 2490 325 2509 ³
336 2498 566 2531 consurgente,
581 2493 710 2523 tenebat
722 2502 834 2530 capam
852 2502 944 2522 suam
956 2493 1089 2522 interim
1100 2495 1110 2513 ⁴

111 2549 199 2578 circa
216 2548 308 2582 illud,
327 2547 414 2577 idem
430 2547 574 2576 decanus
592 2546 673 2574 dixit
689 2545 775 2584 quod
788 2545 823 2574 in
841 2545 979 2575 eundem
997 2554 1111 2583 prepo—

113 2601 214 2630 situm
238 2599 489 2630 concordarunt.
515 2599 586 2634 Quo
603 2599 704 2632 sacto,
725 2597 836 2627 statim
855 2598 1014 2630 decanus,
1039 2606 1112 2635 pro-

113 2662 239 2692 ponens
256 2653 295 2683 ad
314 2662 348 2683 se
368 2652 629 2682 nominationem
654 2650 765 2680 electi.
790 2651 916 2680 ratione
935 2650 1113 2680 decanatus

146 2799 166 2822 1.
182 2797 319 2822 ΗΑυηιὲΑυ
335 2804 340 2820 :
358 2797 500 2820 celebrari.

144 2842 168 2865 2.
185 2841 282 2865 Ferme
297 2840 398 2864 atteree
415 2840 451 2863 du
467 2844 523 2863 mot
536 2841 708 2868 ellychnium
726 2838 847 2867 (mc-che).
864 2851 892 2855 —
910 2837 982 2861 Dans
999 2839 1023 2861 la
1040 2837 1115 2868 piece

117 2884 236 2915 precitce
255 2884 297 2908 170
311 2884 344 2907 de
361 2884 385 2906 la
401 2883 462 2907 XlI‘
477 2883 563 2906 annce
580 2889 586 2906 :
603 2884 746 2905 licinium.

147 2928 169 2952 3.
187 2930 256 2952 ltu'd.
274 2937 280 2951 :
297 2928 518 2951 transeuntium.

148 2973 170 2996 ll.
185 2971 322 2996 ΗΛυῐιι-ἒᾼυ
339 2978 344 2994 :
362 2971 442 2994 inter.

1179 387 1242 419 sui.
1271 391 1428 424 spectare.
1455 396 1527 415 cunt
1557 391 1708 425 quereret
1740 391 1803 415 tani
1833 396 1849 414 a
1877 386 2173 424 compromissat-iis

1179 448 1276 477 quam
1294 438 1368 467 aliis
1385 439 1554 468 canonicis
1571 439 1626 477 qui
1642 443 1732 467 erant
1746 438 1779 467 in
1797 438 1938 476 capitulo
1954 443 2028 467 tunc
2047 448 2173 476 presa-n-

1180 496 1238 525 tes.
1255 491 1282 520 si
1302 491 1420 520 vellent
1440 496 1473 520 ut
1488 492 1610 520 dictum
1629 491 1829 529 prepositum
1847 490 1978 525 elif-'eret
1991 514 1998 525 ‚
2019 491 2087 520 vice
2105 500 2175 519 om-

1180 543 1284 577 nium,
1316 548 1344 572 et
1379 548 1532 582 tanquam
1558 543 1700 572 decanus
1729 552 1765 571 ex
1789 548 1878 581 parte
1904 552 1961 571 sua
1992 544 2174 572 nominaret

1180 596 1331 630 cundem,
1350 601 1379 625 et
1398 605 1590 633 responsum
1616 597 1732 625 suisset
1755 597 1783 625 ei
1807 596 1847 624 ab
1866 605 1929 624 uno
1948 596 1986 625 de
2009 596 2175 625 canonicis

1181 653 1213 677 ut
1240 648 1299 677 boc
1323 658 1340 677 a
1367 648 1509 683 sing-'ulis
1535 654 1739 686 quereretur.
1766 648 1805 676 ab
1830 648 1982 677 omnibus
2008 648 2175 677 canonicis

1182 706 1256 730 tunc
1274 701 1483 739 presentiluis
1502 701 1535 730 in
1552 701 1705 738 capitulo.
1724 710 1786 729 non
1804 701 1988 729 incbsnlndo
2005 711 2020 729 a
2034 710 2176 738 compro-

1181 754 1344 783 missariis
1364 753 1413 782 vel
1434 753 1614 792 majoribus
1638 753 1676 782 de
1699 753 1851 782 ecclesia.
1875 753 1929 781 sed
1947 753 2140 787 singillatim
2159 763 2175 781 a

1181 806 1353 843 singulis&
1372 811 1464 844 prout
1483 806 1651 835 sedebant.
1668 806 1700 834 in
1718 805 1832 835 ordine
1848 806 2032 843 requisivit.
2050 806 2177 841 Quibus

1181 859 1405 888 annuentibus
1421 858 1614 896 requirenti.
1631 858 1795 895 predictus
1809 858 1963 887 decanus.
1979 857 2175 895 quibusdam

1181 912 1219 941 de
1235 911 1403 940 canonicis
1425 910 1633 939 absentibus.
1659 910 1714 948 qui
1739 914 1807 947 post
1831 910 1951 938 sactum
1969 909 2177 947 compromis-

1181 973 1253 994 sum
1275 964 1475 992 diverterant
1498 963 1537 992 ad
1559 963 1700 1000 hospitia
1724 972 1794 992 sua.
1818 962 1897 990 (lixit
1923 972 1928 990 :
1958 975 1969 986 u
1997 963 2032 991 Et
2055 971 2123 999 ego.
2143 963 2175 991 in

1185 1030 1196 1041 »
1222 1016 1354 1045 nomine
1373 1015 1480 1045 Patris
1497 1020 1526 1044 et
1547 1015 1621 1044 Filii
1639 1019 1666 1043 et
1686 1015 1829 1052 Spiritus
1849 1014 1976 1044 Sancti.
2001 1014 2086 1048 elif-vo
2105 1023 2178 1052 pre-

1185 1082 1196 1093 n
1222 1069 1363 1106 positum
1395 1068 1590 1097 Remenscm
1603 1090 1609 1100 ,
1646 1067 1839 1103 magistrum
1871 1066 2102 1105 ΧΥΙίΗι-Ιιιιιιιιι]
2140 1066 2178 1095 de

1185 1134 1196 1146 »
1222 1121 1335 1150 Buxis.
1354 1120 1423 1148 vice
1440 1120 1599 1148 omnium.
1614 1124 1643 1148 et
1658 1119 1764 1156 ipsum
1778 1124 1918 1156 exparte
1936 1128 2007 1147 mea
2024 1123 2178 1157 tanquam

1184 1186 1196 1199 n
1223 1173 1367 1202 decanus
1387 1172 1520 1201 nomino
1533 1172 1565 1200 in
1585 1171 1772 1209 episcopum
1790 1175 1819 1199 et
1835 1176 2008 1208 pastorem.
2025 1184 2036 1196 »ι
2052 1172 2086 1200 ln
2105 1181 2182 1209 quo-

1185 1235 1254 1255 run}
1270 1224 1452 1263 prolatione
1469 1224 1642 1253 verborum
1661 1228 1727 1253 erat
1743 1223 1909 1261 predictus
1922 1223 2180 1261 liccbinus²jam

1183 1277 1356 1307 extinctus.
1381 1276 1454 1306 Hiis
1482 1276 1592 1314 itaque
1618 1275 1664 1305 sic
1686 1275 1842 1313 peractis.
1865 1275 1974 1304 littera
1997 1276 2130 1305 decreti.
2150 1276 2181 1305 in

1184 1339 1247 1368 qua
1261 1330 1419 1367 scriptum
1437 1333 1505 1358 erat
1523 1338 1528 1356 :
1547 1342 1557 1353 α
1579 1329 1645 1363 Ego
1661 1328 1805 1357 decanus
1822 1328 1905 1363 eles-‘i
1919 1332 1947 1357 et
1961 1328 2141 1365 subscripsi
2157 1341 2181 1356 u.

1184 1383 1277 1413 etsie
1295 1383 1332 1412 de
1349 1382 1495 1420 quolibet
1514 1386 1543 1411 et
1556 1381 1708 1410 aliorum.
1725 1381 1875 1419 sequenti
1892 1381 1943 1409 die
1958 1381 2087 1410 veneris
2100 1382 2183 1410 sacta

1185 1436 1262 1467 fuit.
1289 1440 1319 1464 et
1345 1435 1413 1464 sere
1439 1434 1479 1463 ab
1506 1434 1660 1463 omnibus
1688 1433 1843 1469 sigillata.
1872 1433 1930 1462 Die
1955 1442 2030 1462 vero
2057 1434 2183 1463 sabbati

1184 1487 1416 1526 subsequenti.
1441 1491 1611 1524 presentes
1638 1485 1789 1515 canonici
1813 1485 2049 1514 nichilominus
2077 1486 2185 1523 plures

1184 1541 1312 1582 litteras
1342 1539 1543 1576 sigillat-unt.
1571 1548 1710 1577 quarum
1739 1538 1878 1576 quedam
1907 1538 1945 1567 ad
1971 1538 2183 1576 prepositum.

1185 1602 1241 1631 pro
1267 1601 1446 1623 consensu.
1476 1592 1615 1630 quedam
1644 1597 1752 1621 antem
1776 1591 1816 1620 ad
1844 1591 2126 1629 archiepiscopum
2155 1596 2182 1621 et

1186 1646 1326 1684 quedam
1352 1645 1391 1674 ad
1414 1644 1595 1682 capitulum
1622 1643 1827 1682 Remen[ses]
1851 1644 2024 1681 predictos.
2052 1653 2108 1682 pro
2130 1653 2184 1673 eo-

1186 1699 1259 1728 dem
1275 1697 1440 1736 preposito
1456 1696 1690 1726 Ani-«dianensi
1711 1696 1848 1725 ecclesie
1869 1696 2087 1726 concedendo.
2105 1706 2185 1735 que-

1186 1752 1260 1780 dam
1285 1759 1360 1780 vero
1383 1750 1423 1779 ad
1451 1749 1672 1779 venerabilem
1698 1749 1833 1778 fratrem
1858 1754 2005 1778 nostrum
2030 1773 2050 1778 ..
2077 1749 2186 1779 archi—

1187 1803 1374 1841 episcopum
1394 1804 1631 1832 Senonensem.
1652 1810 1709 1839 pro
1726 1802 1974 1831 confirmatione
1995 1802 2184 1836 obtinenda,

1188 1865 1225 1885 ex
1244 1860 1334 1893 parte
1352 1854 1486 1892 capituli
1504 1854 1738 1887 mittebantur:
1755 1863 1819 1883 non
1837 1859 1943 1883 tamen
1957 1854 2187 1883 continebatur

1189 1909 1223 1937 in
1248 1916 1360 1937 earum
1387 1907 1572 1944 aliquibus.
1597 1906 1682 1944 quod
1707 1911 1838 1943 propter
1862 1906 1922 1935 hoe
1948 1906 2050 1944 aliqui
2078 1907 2186 1936 nuntii

1190 1961 1410 1989 mitterentur.
1428 1960 1509 1989 Cum
1527 1964 1634 1988 autem
1653 1959 1796 1988 decanus
1814 1963 1842 1988 et
1862 1958 1953 1987 multi
1978 1959 2015 1988 de
2032 1959 2184 1996 capitulo.

1189 2017 1317 2050 arrepto
1332 2012 1463 2041 itinere.
1483 2011 1632 2040 Parisius
1649 2011 1888 2048 pervenissent.
1907 2015 1948 2040 et.
1965 2011 2086 2040 auditis
2103 2011 2187 2040 mul-

1190 2066 1230 2094 tis
1247 2064 1394 2094 sinistris
1409 2064 1447 2093 de
1466 2064 1537 2101 ipso
1554 2063 1728 2101 preposito.
1748 2068 1775 2091 et
1794 2063 1906 2091 habito
1923 2072 1994 2091 cum
2015 2064 2095 2092 viris
2115 2064 2187 2093 reli-

1189 2117 1290 2153 giosis
1312 2120 1341 2145 et
1360 2115 1564 2153 jurisperitis
1583 2114 1732 2144 consilio.
1757 2115 1898 2144 diceret-'¹
1917 2138 1934 2143 ..
1957 2115 2188 2145 archidiacono

1190 2169 1228 2199 de
1252 2168 1395 2202 Solimo,
1417 2167 1558 2197 Roberto
1581 2172 1610 2197 et
1632 2167 1828 2205 quibusdam
1852 2167 1927 2196 aliis
1947 2168 2116 2197 canonicis
2132 2169 2188 2207 qui

1190 2222 1281 2251 ibant
1299 2230 1372 2250 cmn
1388 2221 1470 2258 ipso,
1489 2220 1574 2258 quod
1591 2219 1679 2249 salva
1692 2220 1893 2249 conscientia
1911 2225 1939 2249 et
1955 2220 2111 2250 fidelitate
2125 2230 2188 2259 qua

1193 2274 1365 2304 tenebatur
1391 2272 1540 2302 ecclesie.
1563 2282 1620 2310 per
1644 2281 1680 2301 ea
1704 2281 1766 2310 que
1791 2272 1938 2301 audierat
1965 2278 1993 2301 et
2018 2273 2188 2302 didicerat.

1193 2335 1256 2356 non
1274 2330 1399 2364 poterat
1415 2325 1554 2355 ulterius
1572 2325 1604 2353 in
1624 2325 1754 2361 negotio
1771 2325 1842 2362 ipso
1858 2325 2043 2362 procedere.
2065 2334 2121 2355 nec
2139 2326 2190 2355 de·

1192 2379 1304 2413 bebat,
1335 2378 1391 2408 sed
1417 2377 1537 2406 rediret
1561 2377 1600 2405 ad
1628 2376 1808 2414 capitulum
1832 2381 1864 2405 ut
1894 2386 1992 2414 super
2019 2376 2084 2406 biis
2111 2378 2189 2415 quid

1194 2433 1278 2461 sacto
1294 2440 1375 2468 opus
1391 2434 1489 2464 esset,
1507 2429 1683 2458 consilium
1702 2429 1879 2458 haberetur
1896 2439 1901 2456 :
1920 2429 1996 2466 quia
2013 2429 2119 2458 dictus
2138 2439 2190 2459 ar-

1193 2483 1407 2513 chidiaconus
1423 2483 1461 2511 de
1481 2482 1608 2511 Soliaco
1629 2486 1659 2511 et
1680 2481 1813 2519 qnidam
1832 2481 1889 2509 alii
1908 2481 2057 2510 canonici
2075 2491 2108 2511 se
2125 2482 2191 2511 itu-

1194 2545 1246 2566 ros
1265 2535 1305 2565 ad
1321 2535 1461 2565 electum
1478 2533 1716 2563 nichilominus
1732 2533 1934 2562 asserebant.
1948 2533 2090 2563 decanus
2105 2534 2189 2563 idem

1195 2589 1351 2618 inhibuit.
1365 2593 1395 2617 et
1409 2593 1472 2616 tam
1486 2587 1555 2625 ipse
1570 2595 1667 2625 qnam
1677 2586 1783 2615 dictus
1794 2586 1950 2622 magister
1961 2586 2122 2615 scolarum
2135 2587 2190 2625 qui

1195 2646 1262 2671 crat
1279 2650 1351 2670 cum
1367 2649 1416 2670 co.
1433 2648 1472 2668 ne
1488 2648 1523 2668 ex
1540 2643 1629 2676 parte
1642 2638 1777 2676 capituli
1795 2638 2019 2676 requireretur
2037 2647 2192 2667 assensus

1195 2694 1364 2732 prepositi.
1388 2693 1427 2722 ad
1449 2697 1593 2722 nostram
1613 2691 1814 2720 audientiam
1833 2690 2036 2728 appellarunt
2053 2701 2058 2720 :
2077 2696 2106 2720 et
2126 2691 2191 2725 sic,

1196 2746 1393 2785 quibusdam
1411 2745 1448 2774 de
1463 2744 1610 2774 sinistris
1628 2743 1709 2781 ipsis
1726 2743 1849 2772 eisdem
1864 2743 2031 2780 expositis.
2050 2742 2193 2771 decanus

1228 2878 1248 2900 1.
1267 2876 1402 2900 Har-nme
1421 2875 1597 2904 :singillatim
1614 2878 1637 2897 et
1656 2874 1779 2903 singulis.

1227 2921 1241 2944 ’ἑ
1267 2920 1340 2944 Dans
1357 2921 1381 2942 la
1398 2919 1474 2949 μὴ’-σο
1491 2919 1608 2948 precitee
1623 2918 1664 2941 170
1680 2917 1712 2940 de
1729 2918 1752 2939 la
1770 2917 1829 2940 xit·
1845 2916 1931 2939 annet:
1948 2923 1953 2939 2
1972 2918 2130 2939 liclniniuvn.

1229 2964 1251 2988 3.
1267 2963 1477 2988 Snus-emenda
1495 2969 1500 2985 2
1519 2964 1592 2985 idem
1611 2963 1742 2983 decanus.
