2519 3518
168 292 240 322 1‘205
1012 285 1233 323 normam:
1257 288 1416 324 ANNEE.
2189 300 2262 329 1206

233 359 355 388 4203

200 420 362 448 Universos
390 422 502 450 Christi
534 423 634 449 fideles
664 431 713 456 per
741 423 961 454 Arelatenscm,
991 423 1170 456 Aqucnsem,

163 469 386 497 Narbonensem
402 493 408 503 ,
435 472 681 498 Tem-aconensem
698 493 704 504 ‚
732 472 909 499 Januensem
936 476 962 497 et
987 471 1169 498 Auxitanani

165 518 333 551 provincias
349 520 524 546 constitutos
542 523 623 553 rogat
646 523 673 546 ct
696 520 827 547 obsecrat
849 523 993 553 quatenus
1013 519 1048 545 ad
1069 519 1171 545 defen-

722 361 843 393 Latran,
860 361 875 387 8
889 361 1005 394 janvier
1020 360 1098 387 1239.

164 566 293 593 dendum
309 571 337 594 ct
352 568 537 595 retinendum
554 577 675 601 regnum
691 568 848 594 Yalcntiae
865 571 965 594 contra
981 569 1077 593 hostes
1093 567 1171 599 fidei,

165 615 294 642 viriliter
319 616 486 649 procedant,
511 617 648 643 omnibus
671 617 732 643 illis
758 617 805 650 qui
831 616 866 643 ob
889 617 917 643 id
935 617 969 642 ad
987 616 1170 650 praedictum

166 671 286 696 regnum
310 665 497 696 accesserint,
515 665 567 691 illa
584 673 718 691 concessa
740 665 937 697 indulgentia,
955 673 1028 698 quac
1045 664 1172 690 crucesi-

165 711 262 744 gnatis
278 720 330 746 pro
346 712 433 739 Terra
451 714 561 740 Sancta
577 713 606 739 in
624 713 752 746 generali
773 713 898 739 concilio
913 721 1049 739 concessa
1066 713 1170 738 iuerat.

166 773 199 777 —
213 760 299 791 (Rae.
314 761 357 792 19,
373 762 392 787 f.
405 761 438 788 68
453 764 490 793 r⁰;
507 770 577 788 ann.
592 762 661 793 XII,
674 770 698 788 e.
711 761 778 793 363;
795 776 825 779 —
838 761 970 788 Monimo
983 761 1062 793 1192,
1077 762 1096 787 f.
1108 761 1170 793 249,

166 816 201 834 ex
219 809 396 842 Rus-,unm
416 825 447 828 —
465 810 746 841 Powfflsr10697.)

207 920 219 936 α
241 910 397 939 Universz's
413 910 526 940 Christi
540 910 678 947 fidelibus
692 920 745 948 per
759 911 973 944 Arelatenscm,
992 911 1167 947 Aquensem,

165 963 396 997 Narbonensem,
418 962 705 1002 Terracon[ensem],
727 965 911 992 Januensem
933 968 959 992 et
981 964 1169 992 Amrilanarn

162 1016 341 1052 provincias
361 1017 546 1045 constitutis.
564 1015 851 1053 Congratulamini
872 1015 968 1045 nobis
989 1024 1103 1045 omnes
1121 1032 1170 1044 -,

166 1068 239 1097 Dat.
258 1068 423 1102 Laterani,
438 1069 483 1099 VI
500 1069 575 1098 idus
589 1069 747 1108 januarii,
765 1077 852 1098 anno
870 1068 1075 1098 duodecimo.
1097 1080 1110 1094 »

233 1253 352 1281 4⁷04

198 1316 300 1348 Yolae,
320 1316 437 1349 reginae
455 1317 637 1349 Aragonum,
656 1316 790 1349 indulget
810 1319 841 1342 ut
865 1317 965 1342 nullus
981 1316 1011 1342 in
1028 1316 1090 1349 ejus
1106 1324 1172 1350 per-

162 1372 264 1390 sonam
283 1372 296 1389 (ι
313 1364 632 1391 excommunicationis
656 1365 836 1391 sententiam
862 1365 1046 1398 promulgare
1063 1365 1171 1396 valeat,

163 1419 177 1438 »
198 1411 308 1446 absque
327 1412 466 1439 mandato
488 1413 574 1439 Sedis
595 1413 767 1446 Apostolice
787 1413 921 1446 speciali.
943 1420 1109 1446 expressam
1132 1413 1172 1438 fa—

163 1468 177 1487 »
198 1460 294 1487 ciente
305 1461 340 1487 de
353 1461 407 1487 hae
421 1461 609 1495 indulgentia
621 1461 803 1487 mentionem
817 1468 842 1487 ».
857 1475 888 1478 —
901 1461 987 1492 (Rau.
999 1460 1043 1492 19,
1057 1462 1076 1487 f.
1089 1460 1122 1487 68
1133 1464 1171 1492 r⁰;

161 1517 231 1536 ann.
247 1509 315 1542 XII,
332 1517 356 1535 e.
374 1509 448 1540 364.)

726 1255 846 1286 Latran,
861 1254 877 1281 8
892 1254 1099 1287 janvier1239.

204 1621 217 1636 «
238 1609 312 1645 I’ole,
330 1610 448 1639 illustri
463 1611 567 1647 regine
580 1609 794 1649 Ara90n[um].
810 1609 1013 1640 Excellentie
1029 1614 1082 1640 tue
1100 1619 1173 1640 auc-

162 1662 296 1692 toritate
313 1680 363 1693 —.
383 1664 454 1693 Dat.
475 1667 637 1701 utsupra.
659 1675 671 1690 »

233 1846 354 1876 4205

198 1909 270 1943 Regi
283 1910 451 1943 Aragonum
468 1909 615 1943 significat
627 1919 657 1937 se
670 1910 695 1936 ei
708 1911 828 1944 ejusque
843 1911 1057 1938 successoribus
1067 1911 1114 1944 jus
1126 1919 1174 1945 pa-

162 1960 297 1985 tronatus
308 1958 384 1991 quod
398 1958 475 1984 idem
492 1967 542 1984 rex
557 1958 682 1985 habebat
696 1959 752 1985 «in
767 1959 891 1986 ecclesia
904 1959 1006 1986 Sancti
1019 1959 1173 1986 vincentii

163 2013 177 2031 ›)
197 2009 226 2033 et
242 2006 382 2040 hospitali
398 2006 483 2039 juxta
499 2007 684 2039 Valentiam,
706 2010 734 2034 et
751 2007 933 2041 quibuslibet
953 2008 1021 2034 aliis
1041 2008 1174 2034 ecclesiis

163 2063 177 2081 i)
199 2058 227 2081 et
244 2055 431 2081 monasteriis
446 2055 527 2088 regni
544 2055 684 2082 Valentie
700 2063 725 2087 »,
740 2064 813 2089 quae
830 2056 891 2089 ipse
907 2064 957 2082 rex
971 2059 1173 2083 construxerat

163 2106 192 2130 et
220 2103 374 2130 dotaverat
404 2103 439 2129 de
462 2112 551 2136 now,
579 2104 762 2130 confirmare.
791 2118 822 2122 —-
849 2105 935 2136 (Rae.
961 2104 1005 2137 19,
1031 2105 1051 2130 f.
1078 2104 1111 2131 68
1133 2107 1172 2137 r⁰;

162 2160 234 2180 ann.
250 2152 318 2184 XII,
335 2160 360 2178 c.
377 2152 452 2182 365.)

722 1849 843 1882 Latran,
861 1849 877 1876 9
890 1850 1006 1883 janvier
1022 1849 1101 1876 1239.

205 2265 219 2279 «
239 2251 287 2292 [..]
308 2254 372 2290 reyi
390 2252 607 2292 Ara90n[um].
625 2252 731 2284 Justis
752 2253 936 2291 petentium
952 2257 1013 2283 etc.
1030 2271 1079 2283 —.
1098 2254 1171 2283 Dat.

164 2305 332 2342 Laterani,
349 2306 379 2336 V
393 2305 469 2335 idus
482 2305 640 2344 januarii,
660 2314 747 2335 anno
763 2305 967 2336 duodecimo.
987 2318 1000 2332 n

215 2490 334 2518 42⁰6
719 2491 840 2523 Latran,
857 2491 873 2518 9
888 2491 1005 2525 janvier
1020 2492 1099 2519 1239.

199 2552 339 2586 Capitulo
355 2552 497 2579 ecclesiae
512 2552 616 2578 Sancti
630 2552 786 2579 Vincentii
802 2552 838 2579 de
851 2553 992 2580 Valentia
1006 2552 1048 2588 [in
1062 2554 1173 2588 Hispa-

163 2599 225 2635 nia]
239 2601 387 2634 significat
402 2609 432 2627 se
448 2609 547 2627 eorum
560 2600 728 2633 ecclesiam,
745 2609 811 2627 cum
829 2601 970 2635 hospitali
986 2605 1014 2628 et
1030 2601 1124 2635 bonis,
1141 2602 1171 2629 in

161 2651 209 2684 Jus
225 2653 254 2676 et
269 2649 478 2684 proprietatem
502 2649 580 2676 beati
598 2648 680 2676 Petri
697 2649 837 2683 recipere,
855 2649 954 2683 eisque
974 2650 1107 2677 diversas
1125 2651 1172 2677 in-

162 2698 331 2732 dulgentias
348 2697 498 2729 eoncedit;
522 2705 611 2724 censu
626 2697 714 2724 unius
738 2705 853 2724 marcae
875 2698 988 2731 argenti
1005 2698 1042 2725 ab
1057 2699 1099 2726 eis
1115 2699 1172 2726 Ca-

163 2755 261 2774 merae
272 2746 460 2780 Apostolieae
472 2746 628 2772 annuatim
643 2746 845 2780 persolvendo.
857 2761 888 2764 —
901 2747 987 2778 (Rm.
999 2747 1043 2779 19,
1054 2748 1074 2773 f.
1087 2747 1120 2774 68
1129 2751 1173 2780 v⁰;

162 2804 233 2822 ann.
255 2795 323 2827 XII,
342 2803 367 2821 c.
387 2794 455 2826 366;
475 2809 507 2813 -
527 2796 564 2821 ef.
581 2795 683 2821 FABRE
699 2797 727 2821 et
742 2795 916 2827 Drcnnsnn,
937 2794 1012 2820 Liber
1024 2795 1171 2828 Censuum,

163 2847 185 2872 t.
200 2845 223 2877 1,
240 2852 289 2878 pp.
306 2843 451 2875 214-215.)

206 2957 218 2972 υ
239 2945 379 2983 Capitulo
394 2945 512 2974 ecclesie
527 2944 635 2974 Sancti
655 2944 805 2973 Vincentii
821 2944 854 2972 de
875 2945 1022 2973 l'alentia.
1039 2944 1122 2974 Cum
1138 2944 1172 2974 in

1254 358 1323 389 loco
1339 360 1373 389 in
1391 370 1455 399 quo
1472 361 1611 391 ecclesia
1627 367 1734 391 vostra
1751 363 1915 398 consistit,
1934 363 2047 394 beatus
2062 365 2259 395 VInc‹·ntius

1255 413 1354 443 fuerit
1371 414 1520 443 martirio
1537 419 1723 448 coronatus,
1741 424 1811 449 nos,
1827 415 1867 444 ol‘·
1885 415 1989 453 ipsius
2007 417 2153 445 martiris
2172 426 2259 448 reve-

1254 466 1405 500 rentiam.
1431 465 1591 496 locuniet
1614 467 1786 496 ecclesiam
1808 468 1981 505 predicto&
2006 478 2079 497 cum
2104 469 2258 507 hospitali

1255 522 1285 548 et
1301 518 1456 548 omnibus
1478 518 1572 548 bonis
1591 519 1661 548 suis
1683 519 1747 549 sibi
1766 529 1783 549 a
1801 520 1974 550 carissimo
1991 521 2023 549 iu
2042 521 2174 551 Christo
2192 522 2259 553 lilio

1256 575 1366 600 nostro
1385 594 1405 600 ..
1424 573 1613 608 Aragonum
1632 580 1707 609 rego
1724 571 1846 601 illustri
1866 574 2033 602 concessis
2051 578 2079 602 ct
2097 574 2130 603 in
2151 581 2259 612 poste-

1255 633 1326 653 rum
1351 624 1578 659 concedendis,
1606 624 1639 653 in
1662 625 1717 662 jus
1744 630 1775 654 ct
1799 625 2030 662 proprietatem
2058 626 2143 655 lwati
2173 627 2258 656 Petri

1254 676 1442 714 recipimus,
1459 677 1533 715 jure
1551 681 1743 714 patronatus
1759 677 1844 706 dicto
1861 678 1929 715 regi
1947 682 1977 707 ct
1995 678 2064 717 ejus
2082 678 2260 709 heredibus

1256 733 1439 763 reservato;
1459 733 1487 758 et
1505 729 1597 759 vobis
1614 729 1808 759 auctoritate
1827 730 2029 768 presentium
2048 730 2259 769 indulgemus

1254 785 1289 811 ut
1310 781 1421 811 nullus
1441 781 1475 810 in
1495 781 1668 811 ecclesiam
1691 787 1721 812 et
1741 782 1902 820 hospitale
1922 783 2078 820 predicta.
2099 788 2129 813 ct
2148 794 2204 813 ros
2223 794 2259 814 ac

1255 834 1338 864 alias
1361 843 1519 872 personas
1542 834 1664 864 ibidem
1692 835 1833 864 Domino
1855 835 2066 869 famulantes,
2092 836 2259 866 interdicti

1255 887 1305 918 vel
1321 888 1672 917 excommunicationis
1688 888 1870 917 sententias
1887 889 2032 926 proferre
2050 889 2165 919 valeat.
2184 890 2259 919 abs-

1255 949 1318 979 que
1338 940 1491 969 mandato
1510 940 1604 969 Sedis
1623 940 1809 978 Apostolice
1829 941 1977 978 speciali.
1997 942 2032 970 Iu
2051 942 2182 979 signum
2201 952 2259 971 au-

1256 997 1319 1023 tem
1332 983 1482 1031 percepte
1495 1002 1512 1021 a
1524 993 1606 1022 Sede
1620 993 1807 1030 Apostolica
1821 993 1995 1029 libertatis,
2011 1003 2145 1023 censum
2160 995 2258 1024 unius

1255 1055 1363 1075 marce
1385 1046 1513 1083 argenti
1529 1046 1563 1074 in
1582 1046 1665 1075 sesto
1682 1046 1787 1075 sancti
1805 1047 1974 1076 Vincentii
1991 1047 2127 1077 Camere
2149 1053 2258 1078 nostre

1256 1098 1353 1128 annis
1370 1097 1513 1135 singulis
1530 1097 1736 1135 persolvetis.
1756 1098 1970 1135 Indulgcmus
1987 1099 2085 1129 ctiam
2103 1099 2195 1129 vohis
2212 1104 2258 1129 ut.

1256 1155 1400 1188 tempore
1428 1149 1594 1187 generalis
1624 1150 1803 1185 interdicti,
1835 1151 1989 1180 admissis
2018 1152 2202 1189 peregrinis
2230 1158 2261 1182 et

1256 1202 1468 1241 pauperibus,
1488 1203 1781 1232 excommunicatis
1801 1212 1876 1233 vero
1893 1208 1924 1233 et
1944 1204 2131 1233 interdictis
2150 1205 2256 1234 exclu-

1256 1255 1312 1291 sis,
1336 1255 1458 1285 clausis
1477 1255 1602 1294 januis,
1622 1255 1801 1285 summissa
1823 1265 1912 1292 voce,
1931 1265 1995 1285 non
2015 1256 2154 1294 pulsatis
2171 1266 2259 1286 cam-

1256 1308 1362 1346 panis,
1381 1308 1458 1337 dum
1475 1313 1584 1338 tamen
1601 1316 1733 1338 causam
1755 1316 1819 1337 non
1842 1308 2000 1338 dederitis
2022 1309 2208 1343 interdicto,
2227 1310 2260 1339 in

1256 1361 1369 1391 eadem
1391 1360 1531 1390 ecclesia
1553 1360 1665 1390 divina
1682 1361 1817 1398 possitis
1840 1361 1946 1391 officia
1968 1361 2146 1392 celebrare.
2170 1362 2261 1392 Nulli

1256 1422 1332 1451 ergo
1348 1430 1397 1441 —.
1416 1413 1450 1442 Si
1467 1413 1542 1451 quis
1561 1417 1671 1443 autem
1690 1417 1751 1442 etc.
1769 1414 1840 1442 Dat.
1862 1417 1897 1442 ut
1914 1422 2025 1452 supra.
2048 1426 2061 1440 n

1326 1604 1441 1632 4207

1291 1666 1401 1693 Abbati
1420 1666 1522 1693 Sancti
1540 1666 1654 1693 Bertini
1671 1667 1708 1693 de
1727 1668 1835 1693 Sancto
1848 1667 2016 1693 Audomaro
2030 1668 2133 1694 scribit
2151 1677 2156 1694 :
2175 1676 2188 1693 (t
2207 1669 2264 1694 Su-

1257 1723 1271 1740 »
1292 1723 1343 1749 per
1355 1724 1388 1741 eo
1403 1715 1479 1749 quod
1494 1724 1544 1741 nos
1561 1716 1712 1741 consulere
1726 1715 1858 1745 voluisti,
1873 1724 1910 1741 an
1927 1724 2032 1741 munus
2050 1716 2263 1743 benedictionis

1257 1772 1270 1789 1)
1292 1763 1460 1797 impensum
1478 1763 1532 1789 tibi
1549 1771 1566 1789 a
1579 1763 1743 1790 venerabili
1759 1765 1848 1790 fratre
1865 1768 1962 1790 nostro
1976 1785 1993 1790 ..
2011 1764 2174 1791 Morinensi
2189 1765 2264 1798 epis—

1258 1820 1271 1837 »
1292 1820 1362 1846 copo
1376 1811 1481 1838 debeat
1494 1812 1606 1843 iterari,
1624 1820 1658 1838 ex
1675 1820 1706 1838 eo
1723 1812 1863 1838 videlicet
1879 1813 1966 1846 quod,
1982 1821 2116 1846 processu
2131 1814 2260 1847 ejusdem

1258 1868 1271 1886 ›)
1292 1861 1421 1894 episcopi
1452 1868 1538 1894 super
1568 1861 1731 1887 cassatione
1759 1861 1912 1887 electionis
1942 1861 2065 1887 alterius
2091 1862 2261 1896 approbato.

1258 1917 1271 1934 n
1293 1909 1369 1942 quod
1392 1909 1427 1935 de
1449 1909 1617 1943 provisione
1635 1909 1670 1935 de
1694 1912 1722 1935 te
1745 1909 1774 1935 in
1794 1909 1929 1936 abbatem
1956 1911 2126 1936 monasterii
2149 1911 2190 1936 tui
2213 1919 2264 1945 per

1258 1966 1270 1983 n
1291 1958 1389 1992 ipsum
1405 1961 1503 1984 actum
1521 1957 1632 1990 extitit,
1657 1957 1724 1987 fuit,
1747 1958 1882 1991 exigente
1904 1958 2032 1991 justitia,
2057 1959 2217 1989 irritatum,
2236 1964 2263 1986 te

1798 1606 1919 1635 Latran,
1934 1606 1966 1632 12
1982 1606 2098 1639 jam-ier
2114 1606 2192 1633 1239.

1257 2014 1271 2031 ὶ)
1292 2006 1411 2033 demum
1433 2006 1544 2032 ibidem
1566 2007 1741 2032 auctoritate
1762 2010 1859 2033 nostra
1885 2008 2023 2040 prefecto,
2046 2007 2196 2034 devotioni
2214 2011 2262 2034 tue

1257 2062 1271 2079 i)
1292 2058 1391 2081 tenore
1411 2055 1593 2088 presentium
1617 2055 1827 2088 respondemus
1844 2064 1899 2081 non
1922 2064 1983 2082 esse
2000 2064 2107 2082 munus
2123 2055 2262 2083 benedic—

1257 2111 1270 2129 »
1292 2103 1381 2130 tionis
1410 2103 1579 2137 hujusmodi
1609 2104 1788 2130 iterandum.
1820 2111 1834 2129 »
1862 2119 1893 2122 -
1921 2104 2008 2135 (Rae.
2039 2105 2082 2136 19,
2110 2106 2129 2131 f.
2155 2105 2188 2131 68
2215 2108 2262 2137 τ”ς

1256 2160 1326 2178 ann.
1348 2152 1420 2184 XII,
1446 2160 1470 2178 e.
1495 2151 1562 2183 3673
1587 2166 1618 2169 —
1640 2152 1773 2179 Monam
1794 2152 1878 2184 1192,
1902 2153 1922 2178 f.
1947 2152 2014 2184 251;
2042 2167 2074 2170 —
2099 2154 2137 2179 cf.
2162 2161 2261 2187 supra.

1256 2208 1286 2227 n.
1302 2200 1478 2231 44424444.)

1297 2313 1310 2327 «
1332 2324 1351 2330 ..
1368 2301 1468 2330 abbati
1482 2300 1589 2330 Sancti
1604 2301 1720 2330 Bertini
1736 2301 1769 2329 de
1784 2301 1894 2330 Sancto
1907 2301 2089 2337 Audomaro,
2109 2302 2265 2331 Morimen-

1255 2354 1297 2383 sis
1319 2354 1454 2383 diocesis.
1480 2353 1585 2392 Super
1607 2362 1644 2383 eo
1667 2353 1754 2392 quod
1774 2370 1824 2382 -.
1848 2354 1920 2383 Dat.
1945 2354 2110 2389 Laterani,
2136 2355 2167 2384 II
2188 2354 2264 2384 idus

1251 2406 1413 2445 januarii,
1431 2415 1518 2436 anno
1537 2406 1742 2436 duodecimo.
1762 2418 1774 2432 »

1325 2597 1446 2626 4208
1795 2598 1917 2629 Latran,
1934 2597 1967 2624 18
1982 2598 2190 2631 janvier1239.

1292 2659 1477 2687 Cancellario
1493 2658 1667 2690 Parisiensi,
1692 2667 1744 2685 nee
1764 2666 1820 2685 non
1845 2662 1871 2684 et
1895 2658 2052 2684 willelmo
2072 2658 2107 2684 de
2129 2658 2262 2684 Tankar-

1256 2708 1341 2740 villa,
1358 2707 1515 2741 Bajocensi
1531 2708 1683 2739 canonico,
1700 2710 1728 2733 et
1744 2707 1884 2740 magistro
1898 2706 1995 2733 Odoni
2015 2706 2050 2732 de
2067 2706 2175 2732 Sancto
2191 2706 2262 2732 Dio—

1257 2757 1353 2790 nysio,
1376 2756 1479 2783 Sancti
1500 2756 1662 2782 Audomari
1680 2755 1831 2786 canonico,
1848 2754 1981 2781 Parisius
1999 2754 2260 2780 commorantibus

1255 2813 1373 2832 causam
1391 2805 1469 2831 inter
1485 2804 1739 2838 archiepiscopum
1756 2804 2034 2836 Rotliomagensem,
2047 2810 2082 2828 ex
2094 2809 2152 2827 una
2169 2804 2259 2835 parte,

1256 2857 1284 2881 et
1295 2854 1464 2888 episcopum
1481 2854 1706 2884 Lexoviensem,
1721 2861 1755 2879 ex
1769 2853 1872 2880 altera.
1887 2859 1973 2885 super
1986 2850 2110 2877 decimis
2124 2859 2261 2884 quarum-

1257 2902 1324 2929 dam
1347 2902 1554 2934 ecclesiarum,
1576 2902 1717 2928 villarum
1738 2904 1765 2927 et
1787 2900 1991 2935 parochiarum
2012 2900 2091 2926 infra
2111 2900 2182 2925 fines
2204 2900 2261 2925 Ro-

1260 2950 1461 2984 thomagensis
1484 2950 1625 2977 dioecesis
1646 2950 1781 2981 sitarum,
1798 2957 1814 2975 a
1830 2948 1978 2982 praedicto
1994 2947 2169 2974 Lexoviensi
2187 2948 2265 2981 epis-
