2519 3518
836 649 1111 703 INCIPIT
1151 650 1553 704 REGESTUM

153 876 671 977 DOMINI
732 876 1411 977 GREGORH
1470 880 1830 978 PAPE
1893 883 1983 978 N
1997 883 2181 982 ΟΝ
2193 886 2239 981 Ι

868 1139 1059 1192 ANNI
1098 1138 1524 1193 DUODECIMI

217 1631 335 1659 4¹98

185 1694 257 1727 Regi
275 1694 417 1721 Franciae
435 1697 536 1720 notum
554 1694 626 1720 facit
640 1703 669 1720 se
686 1694 800 1720 litteras
814 1694 849 1720 ad
868 1694 1041 1727 magistrum
1060 1694 1154 1720 Bene-

145 1742 259 1769 dictum
276 1742 322 1777 [de
339 1740 511 1776 Guareino],
529 1743 701 1776 scriptorem
714 1751 811 1774 suum,
827 1743 953 1775 misisse,
971 1751 1057 1776 super
1071 1742 1155 1768 satis-

146 1791 274 1817 factione
305 1791 480 1824 quibusdam
511 1791 723 1817 mercatoribus
750 1791 930 1817 Florentinis
956 1800 971 1817 a
1002 1790 1154 1817 nonnullis

147 1839 358 1872 crucesignatis
369 1838 451 1872 regni
463 1838 605 1865 Franciae
617 1839 817 1873 impendenda
826 1839 861 1865 de
873 1839 997 1873 pecunia
1009 1842 1154 1869 mutuata,

147 1896 273 1921 eumque
302 1887 476 1921 deprecatur
501 1891 645 1921 quatenus
675 1888 784 1914 eisdem
816 1887 1027 1914 mercatoribus
1055 1890 1153 1913 contra

147 1936 294 1962 debitores
308 1945 373 1962 suos
387 1936 477 1962 laicos
494 1936 658 1970 provideat.
675 1951 705 1954 —
722 1937 809 1966 (Rea.
824 1936 866 1967 19,
886 1937 904 1962 f.
919 1937 931 1962 1
948 1939 987 1967 r⁰;
1002 1945 1071 1962 ann.
1087 1936 1154 1963 XII.

147 1985 269 2016 c.1;—
284 1985 416 2012 MOREAU
435 1985 512 2017 1192,
529 1986 548 2011 f.
566 1985 596 2014 5:
615 1999 645 2002 —
663 1986 700 2011 ct.
718 1992 813 2017 supra,
831 1983 967 2014 11⁰41SO.)

724 1632 844 1665 Latran,
862 1632 894 1658 23
911 1641 987 1658 mars
1003 1632 1082 1658 1238.

190 2119 202 2133 α
219 2129 239 2135 ..
258 2108 374 2136 illu-stri
393 2107 454 2143 reqi
466 2107 605 2135 Francie.
623 2105 704 2135 Cum
719 2105 798 2135 olim
811 2106 922 2135 dilecti
937 2106 998 2135 filii
1015 2129 1033 2135 ..
1052 2111 1156 2144 potes-

150 2164 198 2189 tas
217 2164 247 2189 et
268 2168 441 2189 commune
464 2159 654 2189 Florentine
677 2159 822 2188 civitatis
848 2159 992 2189 fuissent
1013 2159 1157 2197 graviter

147 2213 182 2242 in
199 2212 367 2251 presentia
391 2216 503 2241 nostra
521 2212 694 2250 conquesti
714 2211 801 2250 quod
820 2211 972 2241 nonnulli
995 2212 1033 2241 de
1054 2221 1156 2250 regno

147 2265 298 2295 Franeie.
319 2265 558 2295 mercatoribus
575 2265 719 2294 civitatis
741 2264 887 2303 ejusdem
909 2265 1087 2295 existentes
1104 2265 1156 2294 in-

149 2319 233 2356 grati
252 2318 338 2348 unde
362 2318 561 2347 tenebantur
582 2317 621 2346 ad
643 2322 763 2355 grates.
784 2317 822 2347 de
844 2318 983 2355 pecunia
1007 2322 1155 2347 mutuata

148 2371 214 2402 sibi
233 2371 273 2401 ab
296 2371 363 2401 illis
381 2371 573 2400 satisfacere
592 2379 655 2400 non
679 2370 849 2401 curabant.
871 2370 927 2399 diu
950 2375 1021 2408 post
1043 2371 1156 2400 termi-

148 2433 228 2454 num
251 2424 412 2462 expectati
439 2434 444 2452 :
472 2432 542 2453 nos.
573 2424 810 2461 compatientes
838 2432 949 2453 eorum
979 2424 1153 2461 angustiis.

148 2486 230 2516 quas
259 2486 293 2507 se
323 2481 455 2515 propter
484 2476 543 2506 hoc
577 2476 779 2505 sustinuisse
809 2476 974 2511 dicebant,
1005 2476 1155 2514 pluribus

148 2539 261 2560 eorum
282 2530 321 2559 ad
339 2534 517 2559 extremam
534 2529 680 2566 inopiam
696 2528 763 2567 jam
779 2528 939 2563 deductis.v
958 2534 986 2558 et
1005 2529 1156 2558 conside-

148 2587 260 2613 rantes
288 2582 374 2621 quod
399 2581 571 2620 providere
595 2590 694 2619 super
714 2581 774 2610 hoc
799 2585 854 2610 tua
876 2581 1035 2611 intererat
1058 2586 1155 2620 atque

149 2640 272 2670 nostra.
291 2635 483 2665 celsitudini
501 2634 590 2671 regie
607 2634 801 2672 scripsimus
818 2638 853 2663 ut
869 2634 1017 2663 subditos
1030 2639 1102 2663 tuos
1117 2634 1156 2663 ad

148 2688 421 2719 satisfaciendum
439 2688 535 2717 dletis
552 2687 791 2717 mercatoribus
808 2687 927 2716 tradita
945 2687 1004 2716 tibi
1018 2686 1156 2725 compel-

147 2742 233 2773 leres
264 2742 460 2780 potestate13
489 2740 645 2770 dilectum
671 2748 801 2778 quoque
828 2739 932 2769 tilium
959 2740 1155 2777 magistrum

148 2794 381 2825 Benedictum.
421 2793 616 2831 scriptorem
652 2797 820 2822 nostrum.
859 2792 899 2821 ad
935 2797 1044 2830 partes
1080 2791 1155 2821 illas

148 2853 279 2887 propter
290 2847 351 2877 hoc
362 2847 516 2876 duximus
529 2846 773 2876 destinandum.
791 2845 855 2874 sibi
868 2849 981 2874 contra
991 2844 1154 2874 debitores

183 2968 203 2991 1.
217 2968 258 2991 Gr.
276 2974 372 2995 supra,
384 2970 412 2989 n·
429 2966 496 2989 3535.

1238 1631 1277 1659 ad
1300 1631 1407 1660 forum
1435 1631 1580 1661 Ecclesic
1602 1632 1805 1670 pertinentes
1825 1634 1885 1662 sub
1909 1640 1997 1664 certa
2018 1636 2122 1665 forma
2141 1637 2244 1675 juris-

1237 1683 1381 1713 dictione
1407 1685 1592 1713 concessa¹.
1621 1685 1694 1714 Sed.
1718 1686 1802 1715 sicut
1826 1686 1921 1716 babet
1942 1697 2053 1717 eorum
2080 1689 2244 1719 inculcata

1238 1736 1382 1774 querela,
1402 1745 1467 1765 non
1490 1737 1595 1766 solum
1618 1738 1839 1776 nequiverunt
1859 1748 1951 1768 suam
1968 1740 2128 1770 hactenus
2146 1751 2243 1779 pecu-

1239 1789 1327 1818 niam
1347 1789 1517 1819 rehabere.
1541 1800 1654 1819 verum
1679 1792 1777 1820 etiam
1797 1793 1864 1830 jam
1887 1802 1943 1830 pro
1964 1802 2001 1822 ea
2020 1795 2243 1832 recuperanda

1240 1847 1283 1871 tot
1302 1847 1377 1871 sunt
1396 1843 1484 1880 passi
1503 1843 1632 1873 labores
1659 1849 1812 1882 tantaque
1835 1845 2050 1883 dampnorum
2073 1851 2103 1876 et
2124 1857 2244 1885 expen-

1239 1904 1350 1924 sarum
1378 1896 1583 1925 incommoda
1614 1897 1798 1927 subierunt.
1830 1899 1930 1936 quod.
1963 1900 2071 1929 affecti
2100 1901 2185 1930 tedio
2213 1906 2241 1931 et

1239 1948 1333 1986 quasi
1351 1948 1389 1977 de
1403 1949 1489 1987 juris
1504 1949 1627 1978 auxilio
1644 1950 1819 1987 desperati,
1838 1951 1887 1980 fas
1905 1957 2054 1989 reputant
2068 1953 2243 1990 quodcum-

1238 2010 1300 2039 que
1328 2002 1421 2029 nefas
1445 2001 1623 2031 adhibeant
1648 2002 1686 2031 ad
1711 2003 1946 2032 inveniendum
1974 2013 2072 2042 super
2095 2005 2154 2035 hoc
2179 2006 2242 2034 sibi

1238 2054 1420 2083 remedium
1438 2059 1645 2092 oportunum.
1672 2055 1928 2086 Considerantes
1952 2057 2053 2094 igitur
2076 2059 2161 2096 qnod
2183 2059 2242 2088 hac

1238 2107 1409 2136 occasione
1429 2107 1506 2136 talia
1525 2108 1606 2137 forte
1624 2108 1864 2145 contingerent.
1886 2118 1948 2147 que
1967 2118 2031 2138 non
2051 2117 2184 2148 possent
2204 2112 2243 2140 ad

1239 2165 1387 2189 nostrum
1405 2164 1435 2189 et
1451 2165 1544 2189 tuum
1561 2160 1804 2198 beneplacitum
1820 2162 2000 2197 emendari,
2017 2172 2053 2192 ex
2071 2164 2243 2194 affectione

1238 2216 1385 2250 paterna.
1417 2222 1480 2251 qua
1507 2217 1536 2242 te
1568 2213 1654 2242 inter
1681 2222 1774 2251 reges
1801 2219 1830 2243 et
1855 2214 2021 2253 principes
2043 2216 2242 2246 christianos

1238 2265 1347 2294 carius
1367 2265 1591 2303 amplexamur
1612 2271 1640 2295 et
1663 2266 1873 2296 securitatem
1898 2268 2049 2305 cupimus
2071 2269 2241 2298 hominum

1238 2318 1331 2355 regni
1348 2319 1406 2348 tui.
1426 2327 1461 2347 ac
1481 2328 1516 2347 ex
1538 2319 1644 2348 officio
1661 2319 1838 2357 apostolice
1856 2321 2038 2350 servitutis.
2052 2331 2116 2360 quo
2129 2331 2243 2351 sumus

1237 2371 1391 2401 omnibus
1403 2372 1435 2401 in
1448 2372 1579 2410 justitia
1589 2372 1859 2407 debitoi·es.tlicto
1868 2374 2242 2413 magistroinjunximus

1238 2429 1283 2459 ut.
1298 2425 1326 2454 si
1342 2425 1503 2454 ordinarii
1520 2425 1834 2462 crucesignatorum,
1852 2431 1915 2454 tam
1933 2426 2126 2456 clericorum
2144 2438 2241 2466 quam

1237 2476 1407 2506 laicorum.
1418 2477 1510 2516 juxta
1523 2477 1620 2506 officii
1634 2478 1685 2506 sui
1700 2478 1845 2507 debitum
1858 2478 1943 2507 infra
1960 2484 2100 2517 quatuor
2111 2489 2242 2509 menses

1238 2534 1307 2567 post
1325 2530 1541 2559 monitionem
1562 2530 1666 2568 ipsius
1683 2530 1849 2567 magistri.
1869 2540 1932 2559 non
1952 2532 2167 2569 compulerint
2187 2542 2241 2562 eos

1237 2582 1277 2611 ad
1307 2582 1569 2611 satisfactionem
1599 2582 1753 2611 debitam.
1784 2591 1884 2611 usura
1913 2589 2074 2613 cessante.
2105 2585 2241 2622 prefatis

1238 2635 1476 2664 mercatoribus
1493 2635 1760 2672 impendendam,
1776 2640 1893 2664 extunc
1912 2635 1980 2673 ipse
1994 2638 2240 2674 crucesignatos

1237 2687 1323 2725 quod
1340 2687 1390 2716 vel
1409 2696 1517 2717 coram
1543 2696 1579 2717 eo
1601 2687 1806 2716 satisfaciant
1830 2688 1967 2725 prefatis
1989 2689 2238 2725 mercatoribus,

1237 2745 1271 2769 ut
1289 2744 1453 2774 tenentur.
1476 2740 1536 2769 vel.
1556 2740 1583 2769 si
1600 2740 1788 2768 malnvrint.
1809 2749 1906 2778 super
1924 2740 1989 2770 hiis
2013 2750 2069 2778 per
2085 2751 2240 2778 procura-

1238 2797 1323 2822 tores
1360 2793 1495 2822 idoneos
1532 2793 1619 2821 infra
1653 2798 1890 2830 competentem
1928 2794 2105 2822 terminum
2143 2803 2238 2831 quem

1237 2846 1365 2875 duxerit
1376 2846 1598 2875 statuendum.
1611 2854 1682 2873 cum
1694 2845 1877 2874 rationibus
1893 2845 1962 2874 suis
1976 2846 2237 2883 ctp1·ocessibuS‚

1271 2963 1291 2986 1.
1307 2963 1349 2987 Cs.
1365 2970 1462 2992 snpra.
1478 2968 1505 2986 u⁴²
1521 2963 1589 2986 3534.
