2519 3518
167 292 225 323 set
1030 283 1216 320 mxOEME
1238 282 1398 320 Amen
2201 291 2259 321 582

170 357 266 388 vohis
278 357 403 396 pluries
417 357 566 387 districte
582 357 789 395 precepimus
800 361 846 392 ut,
860 357 1022 395 predictas
1039 365 1174 395 suspen-

173 410 278 441 sionis
301 414 332 441 et
351 410 521 440 interdicti
545 419 582 440 ac
602 411 952 441 excommunicationis
978 411 1173 445 sententias,

173 463 262 494 sicut.
288 463 533 493 rationabiliter
563 463 688 502 prolate
715 464 864 499 fuerant,
892 463 1034 501 singulis
1059 463 1174 492 diebus

170 516 350 546 dominicis
372 520 403 546 etz
425 515 555 545 festivis
581 515 808 554 sollempniter
830 516 1053 554 publicanteS,
1074 525 1111 546 ac
1126 516 1175 545 fa-

170 568 299 598 cientes
316 576 371 598 eas
391 577 497 606 nsque
515 568 556 597 ad
574 568 836 598 satisfactionem
853 569 1051 605 condignam
1068 568 1175 597 invio-

172 619 320 650 labiliter
344 620 525 655 observari,
549 620 677 650 fructus
702 629 720 650 a
746 625 890 659 tempore
917 621 1112 659 dejectionis
1139 629 1175 650 ex

173 673 286 703 eadem
305 672 430 711 capella
446 677 615 711 perceptos
630 673 832 703 subdiacono
850 673 914 711 ipsi
927 673 1070 708 restitui,
1091 677 1122 703 et
1138 673 1175 703 de

173 726 326 765 dampnis
346 731 377 756 et
395 726 548 764 expensis
572 726 602 756 ei
626 727 799 761 satisfieri,
819 727 904 756 sicut
919 727 1050 766 justitia
1070 727 1177 765 preci-

172 783 276 817 peret,
290 778 456 814 saceretis,
469 779 505 807 in
517 779 637 808 ceteris
646 779 739 817 juxta
751 779 949 809 directarum
962 779 1001 809 ad
1014 780 1178 817 prefatum

175 831 373 869 magistrum
396 832 438 861 H.
462 831 650 861 litterarum
668 832 928 871 continentiam,
952 832 1079 861 ratione
1103 840 1178 869 pre-

174 884 294 918 missa,
315 883 554 914 nichilominus
578 884 778 922 processuri.
805 884 869 914 Sed
891 884 997 913 dictus
1021 884 1178 914 Sat-esbe-

175 936 298 966 riensis
320 936 509 974 episcopus,
532 936 744 966 afflictionem
764 936 988 974 superaddens
1009 936 1128 966 afflicto
1148 940 1179 966 et

175 992 398 1027 contemptum
418 988 619 1027 contemptui
636 997 844 1023 coacervans,
862 989 987 1019 dictum
1005 989 1179 1019 subdiaco-

176 1049 257 1071 num
269 1050 429 1080 suamque
439 1041 601 1070 familiam
611 1050 668 1079 per
677 1041 850 1071 brachium
862 1041 1009 1071 seculare
1022 1041 1180 1071 carcerali

176 1094 256 1124 fecit
279 1094 427 1124 custodie
450 1094 653 1132 mancipari3
681 1099 712 1124 et
736 1094 812 1124 licet
837 1094 1010 1132 episcopus
1032 1094 1118 1132 ipse,
1140 1094 1180 1123 ob

175 1147 350 1185 premissa,
363 1156 420 1185 per
431 1147 555 1176 dictum
569 1147 766 1184 magistrum
782 1147 980 1177 Haimonem
993 1155 1180 1176 excommu-

177 1199 357 1229 nicationis
381 1199 547 1229 sententia
568 1199 746 1228 innodatus
763 1199 920 1229 existeret
941 1207 977 1228 ac
994 1207 1180 1229 excommu-

178 1252 308 1282 nicatus
325 1251 456 1290 publice
473 1252 663 1287 nuntiatus,
680 1255 806 1287 tamen,
829 1260 887 1281 sue
908 1251 1025 1281 salutis
1045 1250 1179 1286 oblitus,

178 1304 346 1334 celebrare
354 1303 406 1334 vel
414 1304 524 1342 potius
535 1303 741 1342 prophanare
753 1303 876 1338 divina,
888 1303 1039 1333 dedicare
1051 1303 1179 1338 altaria,

178 1357 311 1387 ordines
326 1362 357 1387 et
370 1356 596 1387 ecclesiastica
611 1356 773 1386 beneficia
785 1356 946 1391 conferre,
963 1360 994 1386 et
1009 1356 1043 1385 in
1058 1356 1182 1386 dictum

179 1410 420 1440 subdiaconum
445 1409 798 1439 excommunicationis
826 1409 1009 1439 sententias
1035 1409 1073 1439 de
1096 1409 1182 1438 facto

177 1462 387 1501 promulgare
406 1462 619 1500 presumpsit,
640 1462 675 1490 in
694 1461 881 1500 Apostolice
900 1461 994 1492 Sedis
1014 1466 1182 1500 contemp-

178 1520 249 1545 tum
268 1524 304 1545 ac
316 1514 495 1544 multorum
512 1514 699 1544 animarum
715 1514 926 1552 dispendium
942 1518 973 1544 et
990 1513 1182 1543 scandalum

177 1568 407 1607 plurimorum,
435 1576 472 1597 ex
495 1576 531 1597 eo
555 1567 621 1596 sibi
643 1567 682 1596 de
706 1571 795 1596 tante
816 1566 965 1605 nequitie
984 1566 1182 1604 impunitate

177 1620 362 1655 blanditus,
388 1619 485 1658 quod,
510 1619 711 1657 impediente
737 1619 999 1648 incarceratione
1023 1618 1180 1657 predicta,

178 1671 530 1704 excommunicationis
551 1675 582 1702 et
603 1671 773 1702 interdicti
796 1671 960 1701 sententie
982 1680 1045 1710 que
1063 1671 1103 1701 ob
1120 1671 1183 1701 hoc

177 1725 214 1755 in
233 1725 343 1763 ipsum
366 1725 561 1754 auctoritate
583 1724 763 1762 apostolica
784 1728 861 1754 sunt
880 1723 1021 1762 prolate,
1043 1733 1101 1762 per
1125 1733 1182 1754 vos

180 1787 246 1808 non
261 1782 440 1816 potuerunt
458 1777 620 1807 hactenus
640 1777 816 1816 publicari.
834 1777 980 1807 Tandem
1002 1786 1090 1812 vero,
1108 1786 1183 1808 cum

179 1831 316 1870 quidam
335 1831 375 1861 de
394 1830 525 1860 familia
546 1830 693 1869 ejusdem
712 1830 922 1866 subdiaconi,
940 1839 1059 1860 manus
1076 1830 1182 1868 ipsius

179 1883 411 1922 persequentis
427 1883 606 1921 effugiens,
624 1892 643 1912 a
662 1883 756 1913 vobis
772 1887 809 1913 ut
826 1892 865 1912 ea
879 1891 943 1921 que
960 1891 979 1912 a
994 1883 1080 1912 dicto
1096 1883 1184 1920 epis-

180 1944 260 1974 copo
276 1936 324 1966 sic
343 1936 478 1966 fuerant,
495 1939 702 1974 attemptata,
726 1939 883 1973 tanquam
900 1935 940 1964 ab
959 1935 1184 1965 excommuni-

175 1993 255 2020 cato
271 1993 472 2027 presumpta,
491 1988 652 2018 studeatis
669 1988 764 2018 irrita
776 1988 910 2026 penitus
926 1988 1092 2023 nuntiare,
1110 1997 1185 2018 cum

183 2041 345 2071 instantia
356 2040 567 2079 postulasset,
584 2044 614 2070 et
629 2049 687 2070 vos
701 2040 842 2070 eundem
859 2040 1048 2078 episcopum
1064 2040 1104 2070 ad
1117 2049 1186 2070 ves-

184 2098 268 2123 tram
287 2093 491 2132 presentiam
506 2093 703 2126 vocassetis,
724 2092 877 2122 indictos
897 2092 1136 2122 subdiaconum
1155 2096 1186 2122 et

182 2146 344 2176 familiam
367 2154 385 2174 a
403 2145 554 2183 captione
572 2149 603 2174 et
627 2144 789 2174 beneficia
807 2153 867 2174 sua
886 2153 903 2173 a
923 2145 1186 2182 sequestratione

184 2199 328 2228 faceret¹
344 2197 497 2232 liberari,
516 2201 562 2232 et,
582 2196 711 2226 litteras
727 2201 757 2226 et
773 2205 947 2234 processus
962 2196 997 2226 in
1014 2205 1114 2227 causa
1129 2197 1187 2226 ob-

184 2255 293 2281 tentos
324 2250 470 2288 predicta
496 2250 590 2288 juxta
618 2249 810 2279 mandatum
836 2253 985 2278 nostrum
1014 2249 1185 2285 exhibens,

185 2303 364 2334 terminum
381 2312 399 2331 a
414 2302 508 2332 vobis
524 2302 683 2339 reciperet
700 2301 975 2339 peremptorium,
996 2310 1060 2339 quo
1076 2306 1188 2331 nostro

185 2365 220 2386 se
233 2355 424 2393 conspectui
439 2357 655 2392 presentaret,
672 2358 702 2383 et
716 2353 934 2391 publicationi
948 2354 1188 2383 sententiarum

183 2417 249 2447 que
265 2408 300 2437 in
317 2408 426 2446 ipsum
444 2407 508 2436 late
526 2407 675 2441 fuerant,
694 2414 752 2444 pro
769 2414 806 2435 eo
825 2405 911 2444 quod
927 2405 1009 2435 alias
1026 2415 1060 2436 se
1077 2410 1189 2437 nostro

186 2460 377 2499 conspectui
388 2463 616 2497 representare
629 2458 745 2493 noluit,
759 2458 952 2488 interesset:
968 2458 1066 2494 idem,
1077 2463 1191 2489 contra

185 2522 243 2544 vos
254 2513 408 2551 nequiter
422 2511 635 2548 insurgendo,
651 2520 708 2549 per
721 2510 849 2540 litteras
863 2510 971 2548 regias
983 2519 1024 2541 ne
1039 2511 1074 2540 in
1091 2520 1191 2541 causa

186 2564 407 2604 procederetis
421 2563 546 2598 eadem,
563 2563 641 2593 fecit
658 2562 762 2592 artius
779 2562 942 2598 inhiberi;
960 2567 1091 2601 propter
1105 2564 1192 2602 quod

187 2627 278 2654 eum,
296 2622 327 2648 et
342 2626 456 2647 omnes
473 2616 555 2646 alios
571 2615 793 2654 predictorum
808 2615 996 2645 litterarum
1014 2620 1044 2645 et
1059 2625 1192 2654 proces-

190 2680 288 2701 suum
313 2670 515 2705 detentores,
540 2667 891 2698 excommunicationis
916 2667 1096 2703 sententia,
1123 2668 1192 2698 exi-

189 2728 286 2762 gente
310 2723 459 2762 justitia,
485 2721 683 2755 innodastis,
707 2724 802 2758 prout
823 2724 889 2749 tam
912 2720 948 2748 in
968 2720 1106 2756 vestris,
1131 2720 1193 2749 filii

189 2776 390 2807 subdiacone
403 2780 433 2805 et
447 2774 616 2809 canonice,
633 2778 664 2803 et
674 2772 825 2802 officialis
840 2772 898 2807 tui,
915 2772 1018 2802 frater
1029 2773 1190 2811 episcope,

187 2828 244 2858 cui
269 2836 367 2866 super
388 2827 448 2856 hoc
470 2825 682 2856 commiseras
706 2824 794 2854 vices
814 2828 905 2862 tuas,
929 2833 1027 2862 quam
1045 2824 1193 2863 ejusdem

223 2938 244 2963 1.
261 2941 310 2962 Ms.
328 2947 334 2962 :
352 2937 489 2962 faceretis.

1258 355 1402 393 episcopi
1425 360 1455 385 et
1478 355 1648 385 karissimi
1670 355 1704 384 in
1726 355 1858 385 Christo
1879 355 1938 384 filii
1964 357 2067 385 nostri
2091 380 2110 386 ..
2138 357 2258 395 Anglie

1257 409 1344 446 regis
1360 407 1512 443 illustris,
1532 408 1757 446 perspeximus
1773 407 1919 446 [litteris]
1936 409 2110 438 contineri.
2129 410 2205 445 Sed,
2221 410 2259 439 li-

1257 465 1306 490 cet
1324 460 1415 490 vobis
1428 469 1446 490 a
1462 460 1556 490 nobis
1570 460 1689 490 suisset.
1704 460 1890 499 injunctum
1907 466 1950 496 ut,
1967 461 2009 490 ad
2023 462 2258 493 conterendam

1258 513 1362 551 partis
1373 513 1508 543 adverse
1519 513 1729 551 proterviam,
1745 513 1945 543 invocaretis
1959 514 2118 544 auxilium
2130 515 2259 545 brachii

1258 565 1435 600 secularis,
1460 566 1538 604 quia
1561 570 1669 595 tamen
1699 566 1901 595 consuetudo
1928 566 2039 595 existit
2061 567 2095 596 in
2119 567 2258 605 Anglia,

1259 624 1293 648 ut
1315 628 1378 649 non
1401 619 1467 648 nisi
1493 618 1533 647 ad
1556 618 1746 647 mandatum
1767 618 2010 647 ordinariorum
2034 620 2260 650 tantummodo

1259 676 1371 701 contra
1390 671 1533 710 aliquem
1550 671 1703 709 procedat
1724 671 1869 708 potentia
1887 670 2015 700 brachii
2034 671 2210 707 secularis,
2228 675 2260 702 et

1259 724 1419 753 ordinarii
1434 723 1530 753 aliter
1546 733 1603 762 pro
1620 723 1701 758 suis,
1716 723 1812 753 aliter
1827 732 1884 762 pro
1896 723 2119 759 delegatorum
2135 724 2258 759 causis,

1260 777 1288 806 si
1307 786 1369 815 qne
1396 776 1573 814 aliquando
1595 776 1642 805 eis
1661 775 1848 813 dirigantur
1873 776 2035 806 sententie
2057 776 2258 815 exequende‚

1261 829 1327 859 sint
1348 828 1437 858 soliti
1463 828 1622 863 scribere,
1650 836 1709 857 nec
1732 827 1772 856 ab
1798 827 1855 857 illa
1880 828 2133 864 consuetudine,
2161 828 2262 859 etiam

1260 885 1398 918 urgente
1424 880 1632 914 necessitate,
1650 880 1845 909 recedatur:
1867 879 2026 909 hactenus
2050 880 2136 910 idem
2161 881 2263 918 M[ar-

1262 933 1364 972 tinus]
1382 942 1441 962 nec
1456 942 1513 970 per
1532 932 1772 961 invocationem
1795 931 1954 961 secularis
1977 932 2108 967 auxilii,
2127 942 2186 963 nec
2205 942 2264 971 per

1262 986 1464 1015 coactionem
1481 994 1619 1014 censure
1638 984 1876 1018 ecclesiastice,
1896 990 2008 1014 contra
2028 985 2151 1015 dictum
2175 986 2263 1024 epis-

1263 1047 1390 1076 copum,
1409 1037 1466 1076 qui
1483 1046 1519 1067 ex
1534 1037 1593 1066 hoc
1611 1041 1731 1075 aperte,
1751 1037 1862 1075 [quod]
1879 1046 1937 1066 nec
1957 1038 2061 1067 Deum
2078 1047 2137 1068 nec
2154 1038 2263 1068 homi-

1264 1100 1338 1121 nem
1356 1094 1556 1124 revereatur,
1575 1089 1728 1123 ostendit,
1745 1089 1850 1127 potuit
1864 1089 2029 1128 justitiam
2047 1090 2213 1127 obtinere,
2233 1094 2265 1122 et

1262 1143 1349 1173 idem
1367 1142 1647 1177 Saresberiensis,
1671 1141 1780 1171 taliter
1797 1141 1831 1170 in
1853 1151 1911 1171 sua
1930 1143 2136 1172 contumacia
2152 1152 2264 1181 perse-

1262 1204 1398 1229 verans,
1422 1203 1481 1224 nec
1500 1193 1669 1223 interdicti
1691 1202 1751 1223 nec
1770 1195 2119 1225 excommunicationis
2138 1196 2172 1224 in
2189 1204 2265 1226 eum

1263 1248 1388 1286 pluries
1404 1247 1529 1285 prolate
1548 1246 1712 1276 sententie
1734 1250 1823 1276 metu
1844 1246 1993 1284 compelli
2017 1248 2131 1285 potuit,
2152 1253 2188 1278 ut
2207 1257 2266 1287 per

1264 1309 1299 1331 se
1316 1300 1367 1330 vel
1387 1309 1444 1338 per
1460 1302 1705 1337 procuratorem
1722 1298 1878 1328 idoneum
1898 1304 2008 1329 nostro
2025 1309 2059 1329 se
2075 1301 2266 1339 conspectui

1262 1356 1480 1392 presentaret,
1493 1351 1702 1381 exhibiturus
1715 1351 1821 1380 eidem
1833 1351 1963 1389 justitie
1977 1352 2263 1390 complementum.

1263 1406 1346 1436 Cum
1374 1404 1477 1442 igitur
1504 1404 1538 1433 id
1567 1412 1632 1433 non
1663 1403 1827 1441 possimus
1853 1403 1977 1442 absque
2002 1404 2127 1434 offensa
2153 1404 2268 1435 divina

1263 1457 1405 1488 ulterius
1424 1456 1602 1491 sustinere,
1622 1456 1816 1485 mandamus
1835 1461 2009 1494 quatenus,
2028 1457 2267 1487 subdiaconum

1264 1515 1296 1541 et
1311 1510 1475 1540 familiam
1492 1518 1596 1543 suam,
1612 1508 1721 1538 taliter
1737 1513 1859 1547 captos,
1878 1509 2039 1540 facientes
2056 1511 2197 1548 pristine
2214 1520 2268 1542 re-

1255 1562 1359 1593 -stitui
1377 1561 1539 1597 libertati,
1558 1565 1599 1597 et,
1618 1570 1681 1590 non
1699 1560 1849 1591 obstante
1866 1561 2090 1599 prohibitione
2105 1563 2212 1601 regia,
2230 1564 2265 1594 in

1265 1619 1387 1645 statum
1409 1618 1601 1644 revocantes
1622 1613 1770 1643 debitum
1790 1614 1964 1652 quicquid,
1982 1619 2053 1652 post
2074 1615 2265 1654 hujusmodi

1265 1667 1448 1698 sententias
1465 1667 1499 1695 in
1516 1667 1625 1705 ipsum
1641 1666 1830 1704 episcopum
1846 1666 2086 1704 promulgatas,
2104 1668 2139 1697 in
2155 1669 2266 1708 preju-

1264 1721 1389 1750 dicium
1401 1719 1480 1749 dicti
1494 1719 1614 1749 actoris
1629 1723 1659 1749 et
1671 1718 1859 1757 Apostolice
1871 1719 1965 1749 Sedis
1980 1724 2213 1759 contemptum,
2227 1722 2267 1751 ab

1264 1773 1379 1803 eodem
1395 1772 1546 1810 episcopo
1562 1771 1759 1801 inveneritis
1775 1774 1897 1801 temere
1914 1775 2153 1810 attemptatum,
2169 1778 2211 1809 et,
2227 1782 2269 1804 ne

1265 1825 1304 1855 de
1321 1834 1381 1855 sua
1397 1823 1524 1853 malitia
1540 1823 1691 1853 videatur
1707 1823 1879 1853 comodum
1895 1828 2072 1861 reportare,
2091 1825 2197 1856 eidem
2213 1835 2266 1862 ne,

1266 1878 1313 1908 sic
1338 1876 1676 1907 excommunicatione
1697 1876 1835 1913 ligatus,
1858 1876 1981 1906 divinis
2007 1877 2213 1909 celebrandis
2237 1884 2269 1910 et

1266 1929 1457 1960 dedicandis
1485 1928 1662 1964 altaribus,
1693 1928 1867 1958 ordinibus
1897 1933 1928 1958 et
1956 1929 2128 1960 beneficiis
2155 1932 2268 1962 confe-

1266 1982 1378 2012 rendis
1395 1990 1428 2011 se
1447 1981 1643 2016 immisceat,
1661 1980 1748 2010 clero
1762 1989 1892 2019 quoque
1909 1981 2172 2013 Saresberiensis
2186 1984 2269 2013 civi-

1267 2036 1344 2065 tatis
1361 2040 1392 2065 et
1408 2034 1549 2064 diocesis
1566 2043 1606 2063 ne
1623 2033 1663 2063 ab
1679 2043 1726 2064 eo.
1741 2038 1816 2063 ante
1832 2033 2072 2064 absolutionem
2089 2035 2267 2072 obtentam,

1268 2092 1475 2119 sacramenta
1495 2087 1720 2117 ecclesiastica
1738 2087 1884 2124 recipere
1905 2086 1957 2116 vel
1976 2087 2006 2117 ei
2026 2089 2270 2120 communicare

1267 2146 1472 2181 presumant,
1490 2141 1629 2170 firmiter
1644 2139 1845 2169 inhibendo:
1861 2139 1970 2177 ipsum
1987 2140 2187 2179 episcopum,
2199 2142 2268 2180 qui,

1268 2193 1487 2233 peremptorie
1503 2192 1628 2231 pluries
1641 2193 1710 2231 jam
1727 2192 1858 2228 citatus,
1877 2201 1935 2222 nec
1952 2202 2009 2230 per
2024 2202 2058 2223 se
2076 2202 2135 2223 nec
2150 2203 2208 2232 per
2223 2204 2271 2225 re-

1269 2245 1457 2285 sponsalem
1472 2245 1628 2274 idoneum
1645 2244 1680 2273 in
1697 2244 1863 2282 presentia
1880 2249 1991 2274 nostra
2008 2245 2167 2276 hactenus
2184 2256 2273 2277 com-

1269 2308 1384 2338 parere
1407 2298 1550 2332 curavit,
1573 2302 1609 2327 ut
1631 2302 1703 2335 post
1726 2297 1916 2327 mandatum
1938 2303 2088 2327 nostrum
2108 2299 2196 2329 infra
2216 2309 2272 2330 sex

1270 2352 1435 2382 mensium
1452 2351 1607 2389 spatium,
1624 2341 1710 2389 quod
1726 2350 1790 2379 sibi
1807 2351 2063 2388 peremptorium
2081 2352 2271 2389 assignetis,

1270 2405 1305 2434 in
1326 2404 1458 2442 propria
1481 2411 1621 2441 persona
1647 2406 1758 2432 nostro
1784 2411 1818 2432 se
1843 2403 2033 2440 conspectui
2055 2409 2271 2441 representet,

1271 2457 1366 2487 nobis
1381 2457 1419 2486 de
1433 2461 1622 2494 contemptu
1637 2460 1667 2486 et
1682 2456 1767 2485 dicto
1782 2455 1982 2485 subdiacono
1997 2456 2034 2485 de
2049 2460 2093 2485 tot
2106 2458 2273 2494 pressuris

1272 2514 1303 2539 et
1318 2509 1567 2547 gravaminibus
1580 2517 1678 2546 super
1690 2507 1860 2546 premissis
1873 2507 2026 2537 omnibus
2040 2517 2272 2546 responsurus,

1272 2561 1386 2591 eadem
1416 2561 1627 2595 auctoritate,
1655 2559 1873 2598 appellatione
1902 2564 2041 2595 remota,
2069 2561 2208 2597 cogatis,
2237 2562 2274 2591 in

1272 2614 1494 2652 ceterisjuxta
1508 2617 1695 2642 nostrarum
1710 2612 1907 2641 directarum
1925 2611 1965 2640 ad
1980 2621 2036 2641 vos
2052 2613 2275 2650 predictarum

1273 2666 1512 2696 continentiam
1536 2665 1738 2698 litterarum,
1762 2664 1889 2693 ratione
1912 2664 2041 2701 previa,
2066 2666 2273 2702 processuri;

1274 2718 1376 2748 nullis
1392 2718 1514 2747 litteris
1530 2716 1738 2746 obstantibus
1757 2715 1830 2744 dolo
1846 2715 1896 2745 vel
1912 2715 2027 2745 fraude
2044 2725 2061 2745 a
2079 2716 2161 2746 Sede
2173 2718 2275 2755 Apos-

1274 2770 1373 2800 tolica
1388 2770 1573 2808 impetratis
1591 2768 1641 2798 vel
1658 2768 1768 2803 etiam,
1783 2767 1901 2797 haruin
1918 2772 2029 2797 tenore
2045 2769 2154 2803 tacito,
2169 2769 2276 2807 impe-

1274 2823 1412 2853 trandis.
1433 2822 1526 2859 Quod
1542 2822 1570 2851 si
1587 2829 1652 2851 non
1668 2829 1781 2849 omnes
1799 2824 1872 2854 etc.,
1891 2824 1925 2849 tu
1942 2829 1991 2855 ea,
2009 2821 2110 2850 frater
2125 2822 2276 2860 episcope

1276 2880 1335 2906 etc.
1360 2876 1435 2904 Dat.
1456 2875 1662 2908 Interamne,
1685 2873 1797 2902 XVIII
1815 2871 1972 2901 kalendas
1995 2872 2170 2909 februarii,
2189 2882 2278 2904 anno

1276 2927 1414 2958 decimo.
1435 2939 1448 2954 n
