2519 3518
79 319 135 350 281
915 307 1143 346 NEUVIEME
1164 308 1323 346 ANNI-313.
2099 313 2157 344 282

151 385 268 415 8002
639 383 770 415 Viterbe,
787 383 821 410 10
839 391 915 409 mars
930 382 1008 409 1236.
1231 381 1350 410 30⁰3
1712 382 1846 413 Viterbe,
1867 382 1901 409 10
1917 391 1992 409 mars
2005 382 2084 410 1236.

118 447 262 475 Eumdem
279 447 315 474 ad
330 447 428 473 sedem
451 446 666 473 Bituricensem
683 446 876 477 transferens,
893 444 918 470 ei
935 443 1080 470 adminis-

80 495 238 523 trationem
252 495 345 530 ipsius
357 494 496 521 eeclesiae
508 493 702 521 Bituricensis
713 493 1022 523 committit—(1³20.
1035 491 1079 523 18,

82 543 104 570 f.
120 542 172 570 116
187 545 223 575 r⁰;
240 551 309 570 ann.
327 543 384 575 IX,
401 551 426 570 c.
442 542 510 574 414;
526 556 556 560 -
576 541 707 569 Momm
727 540 810 574 1190,
833 542 852 567 i.
873 540 948 571 239.)

124 661 137 676 ιι
154 649 268 678 Eidem.
289 648 436 678 Ecclesia
460 647 661 678 Bituricensi
679 647 820 685 pastoris
838 646 960 676 solacio
979 645 1081 675 desti-

82 705 164 736 tuta,
174 701 285 730 dilecti
296 700 356 730 filii
371 723 391 729 ..
405 700 547 730 decanus
557 705 588 730 et
601 699 780 738 capitulum
792 698 1028 732 Bituricenscs‚
1042 697 1080 726 de

83 750 964 791 futuripontilicissubstitutionetractanteS,dilectum
977 749 1081 778 filium

83 805 278 843 magistrum
297 804 487 834 Albericum
503 804 652 840 Cornuti,
665 804 824 833 decanum
838 802 931 832 Beati
947 801 1081 831 Martini

82 857 297 891 Turonensis,
313 856 346 886 in
364 865 459 886 suum
480 856 762 894 archiepiscopum
784 854 965 892 elegerunt,
988 853 1081 882 nobis

83 909 256 939 humiliter
271 909 494 947 supplicantes
510 913 545 939 ut
564 909 757 939 electionem
772 907 960 947 hujusmodi
975 911 1081 936 aucto-

83 962 180 992 ritate
206 961 418 1000 dignaremur
447 961 624 999 apostolica
649 961 853 991 confirmare.
883 961 950 990 Nos
981 959 1080 993 enim,

84 1013 278 1045 electionem
295 1014 432 1044 eandem
449 1014 692 1047 examinantes,
710 1017 804 1051 prout
820 1012 986 1046 convenit,
1006 1011 1082 1040 dili-

84 1069 210 1104 genter,
239 1066 316 1104 quia
340 1075 412 1095 eam
437 1066 548 1095 minus
578 1065 734 1095 canonice
761 1065 987 1094 invenerimus
1010 1073 1081 1094 esse

84 1118 218 1153 factam,
246 1119 366 1156 ipsam,
397 1126 460 1147 non
485 1127 638 1156 persone,
665 1117 718 1146 cui
745 1116 909 1146 laudabile
935 1116 1082 1146 testimo-

84 1171 178 1200 nium
195 1170 396 1208 perhibetur.
415 1170 471 1199 sed
493 1170 664 1200 electionis
680 1169 771 1204 vitio,
788 1169 917 1207 justitia
937 1167 1083 1197 cassavi-

85 1232 158 1253 mus
175 1223 342 1261 exigente,
366 1222 556 1252 facultatem
577 1222 720 1260 eligendi
739 1222 894 1260 predictis
911 1221 1033 1250 decano
1052 1224 1083 1249 et

84 1275 228 1314 capitulo
241 1275 279 1305 de
294 1275 399 1313 gratia
414 1278 630 1305 reservantes.
650 1274 732 1305 Cum
749 1278 856 1303 autem
872 1273 973 1303 iidem
987 1273 1082 1302 deca-

86 1336 149 1358 nus
171 1332 202 1358 et
222 1327 401 1365 capitulum
431 1327 471 1357 ad
494 1327 699 1356 tractandum
723 1327 762 1356 de
783 1326 941 1356 electione
962 1325 1083 1355 iterum

85 1379 332 1414 convenissent,
352 1382 394 1413 et,
412 1378 496 1408 votis
511 1386 624 1408 eorum
640 1377 674 1406 in
690 1377 819 1407 diversa
835 1376 961 1411 divisis,
980 1376 1084 1414 major

85 1435 118 1461 et
131 1431 243 1461 sanior
260 1439 334 1469 pars
351 1430 497 1468 ipsorum
520 1429 714 1467 magistrum
739 1428 916 1466 elegissent
930 1428 1080 1462 eundem,

85 1484 250 1522 idemque,
268 1483 308 1512 ab
324 1483 372 1513 eis
388 1491 462 1513 cum
478 1482 638 1512 instantia
653 1481 850 1520 requisitus,
871 1480 1024 1511 electioni
1044 1480 1082 1510 de

86 1544 122 1566 se
143 1536 228 1566 facte
255 1534 416 1565 noluisset
441 1534 650 1573 aliquatenus
672 1533 858 1563 consentire
883 1543 889 1562 :
913 1542 982 1568 nos,
1009 1541 1082 1562 cum

85 1587 245 1618 fratribus
262 1587 384 1617 nostris
407 1595 504 1625 super
524 1586 590 1616 hiis
613 1585 850 1615 deliberatione
873 1585 985 1614 habita
1006 1585 1083 1614 dili-

87 1639 188 1678 genti,
199 1648 272 1670 cum
284 1648 341 1678 per
352 1643 502 1669 mutuum
514 1646 712 1669 consensum
724 1637 918 1675 eligentium
931 1641 962 1667 et
974 1637 1080 1672 electi,

85 1700 124 1722 eo
139 1700 205 1722 non
221 1691 464 1726 consentiente,
489 1699 696 1729 nequaquam
717 1690 889 1728 spirituale
913 1690 1082 1720 matrimo-

85 1744 179 1774 nium
199 1744 242 1774 sit
262 1748 480 1778 contractum,
498 1742 704 1773 attendentes
721 1742 806 1781 quod
825 1751 841 1772 a
859 1747 1002 1780 tempore
1021 1742 1083 1772 hu-

83 1796 229 1836 jusmodi
248 1795 420 1826 electionis
440 1795 571 1829 ultime,
596 1799 722 1824 tantum
744 1795 898 1832 temporis
924 1799 973 1824 est
994 1794 1084 1832 elap-

88 1857 172 1884 sum,
185 1848 272 1888 quod
287 1848 326 1878 ad
343 1856 402 1877 nos
419 1851 468 1877 est
484 1847 590 1885 ipsius
606 1846 743 1876 ecclesie
758 1847 904 1884 provisio
919 1847 1082 1881 devoluta,

86 1905 119 1931 et
135 1901 281 1931 volentes
299 1900 340 1934 ei,
358 1909 421 1938 que
438 1900 525 1929 inter
539 1899 712 1928 universas
733 1898 928 1936 metropoles
949 1899 1084 1936 speciali

88 1953 207 1991 gaudet
219 1949 392 1990 privilegio
407 1951 594 1989 dignitatis,
615 1950 653 1980 de
672 1950 729 1980 tali
746 1950 916 1988 providere
932 1959 1081 1988 persona,

86 2014 152 2044 que
167 2009 257 2035 tauto
275 2007 433 2041 congruat
447 2003 540 2033 oneri
556 2007 587 2033 et
605 2002 737 2037 honori,
756 2007 802 2037 te,
823 2012 921 2041 quem
939 2003 1085 2032 testimo-

89 2058 146 2088 nia
160 2057 338 2087 multorum
355 2056 417 2085 fide
429 2056 614 2093 dignorum,
627 2064 690 2093 que
706 2055 837 2093 quidem
852 2059 928 2084 sunt
943 2055 1085 2085 credibi-

88 2109 149 2145 lia,
167 2107 459 2139 commendabilem
471 2107 700 2142 reddiderunt,
715 2107 840 2145 prefate
855 2107 992 2137 ecclesie
1008 2116 1086 2137 con—

89 2162 251 2193 cessimus
265 2161 300 2190 in
312 2160 594 2198 archiepiscopum
605 2164 636 2190 et
649 2163 824 2197 pastorem,
838 2163 879 2195 et,
892 2160 1087 2190 transeundi

90 2215 132 2245 ad
142 2214 279 2245 eandem
288 2212 460 2243 ecclesiam
471 2212 530 2241 tibi
539 2211 707 2241 licentiam
717 2211 943 2247 concedentes,
956 2211 1087 2250 plenam

92 2267 154 2298 tibi
181 2265 514 2296 amministrationem
534 2264 679 2303 [ipsius],
709 2268 774 2294 tam
797 2264 830 2293 in
857 2264 1086 2302 spiritualibus

92 2328 191 2360 quam
213 2319 248 2348 in
269 2317 519 2356 temporalibus,
547 2317 698 2347 duximus
723 2317 1004 2351 committendam,
1030 2326 1087 2355 spe

91 2372 187 2402 nobis
210 2370 375 2409 proposita
398 2369 494 2409 quod,
516 2374 646 2400 auctore
670 2369 726 2399 illo
742 2370 810 2408 qui,
833 2369 914 2399 dans
934 2370 1085 2405 virtutes,

91 2424 217 2463 premia
235 2423 351 2453 tribuit
376 2427 405 2451 et
427 2422 565 2459 gratiam
584 2422 687 2459 gratie
713 2421 919 2460 superaddit.
943 2421 1087 2460 predicta

92 2475 232 2507 ecclesia
252 2473 308 2513 per
330 2473 502 2511 diligentie
525 2477 578 2503 tue
602 2473 747 2503 studium
770 2477 862 2511 grata
886 2473 919 2502 in
939 2474 1088 2512 utrisque

92 2526 250 2566 suscipiet
275 2527 490 2563 incrementa.
519 2525 604 2562 Quia
630 2534 706 2555 vero
731 2525 841 2555 divine
869 2525 1032 2555 vocationi
1058 2529 1089 2555 te

92 2581 185 2611 decet
197 2579 334 2618 obsequi
351 2582 549 2613 reverenter,
567 2577 807 2607 fraternitatem
824 2581 912 2606 tuam
924 2586 1088 2615 rogamus,

93 2640 265 2663 monemus
294 2635 325 2661 et
355 2630 526 2660 hortamur
557 2634 699 2662 attente.
730 2638 787 2668 per
823 2629 1000 2667 apostolica
1029 2630 1090 2659 tibi

95 2685 217 2722 scripta
234 2683 429 2713 mandantes
445 2687 619 2721 quatenus,
637 2681 723 2720 quod
743 2691 761 2711 a
782 2681 890 2717 nobis,
910 2682 976 2712 imo
992 2691 1009 2712 a
1026 2683 1091 2712 Do-

94 2736 185 2766 mino
208 2736 331 2766 factum
348 2739 408 2770 est,
434 2734 634 2773 amplectens
657 2734 828 2764 humiliter
848 2738 879 2764 et
901 2734 1026 2769 devote,
1051 2735 1092 2764 ad

96 2787 268 2818 ecclesiam
299 2787 434 2817 accedas
463 2787 619 2821 eandem,
649 2790 781 2816 acturus
805 2794 916 2816 curam
946 2786 1016 2824 ejus
1045 2787 1091 2816 ita

95 2839 236 2870 fideliter
251 2843 282 2869 et
294 2839 480 2877 prudenter,
498 2838 583 2877 quod
597 2838 728 2876 dignam
746 2839 812 2868 Deo
825 2838 940 2868 exinde
957 2838 1092 2869 reddere

97 2891 206 2922 valeas
223 2891 394 2921 rationem.
413 2892 486 2921 Dat.
503 2890 656 2925 Viterbii,
674 2891 719 2920 VI
735 2890 808 2920 idus
824 2890 944 2925 martii,
964 2890 1091 2928 pontifi-

97 2947 189 2974 catus
205 2943 310 2973 nostri
326 2952 411 2973 anno
429 2952 525 2973 nono.
546 2955 558 2969 »

1195 444 1312 470 Decano
1332 447 1360 471 et
1375 445 1504 478 capitulo
1525 444 1770 474 Bituricensibus,
1786 445 1821 471 de
1836 445 1936 471 eadem
1959 453 1988 471 re
2010 444 2155 476 scribens,

1162 492 1281 518 mandat
1305 497 1447 526 quatenus
1468 493 1522 527 ipsi
1544 497 1682 527 tanquam
1707 493 1781 527 patri
1807 496 1833 518 et
1860 493 1966 526 pastori
1987 493 2154 519 animarum

1160 548 1277 566 suarum
1298 540 1453 567 intendant
1471 544 1497 567 ct
1514 541 1673 567 exhibeant
1695 541 1788 567 eidem
1805 541 2001 567 obedientiam
2023 544 2051 566 et
2074 548 2157 566 reve-

1160 588 1285 614 rentiam
1309 588 1454 619 debitam:
1475 589 1605 622 alioquin
1627 588 1803 615 sententiam
1827 597 1912 622 quam
1935 588 2035 615 tulerit
2059 588 2088 614 in
2112 596 2157 614 re-

1161 635 1261 668 belles,
1276 639 1368 663 ratam
1384 637 1445 671 ipse
1457 646 1530 671 papa
1543 637 1659 664 habebit
1672 641 1699 664 et
1715 637 1799 664 tacis-t
1811 637 1969 664 observari.
1979 636 2155 670 —(Rzr‚.18,

1161 684 1488 717 t.1161·⁰;ann.1x‚‹:.
1507 685 1574 717 415;
1591 700 1620 703 —
1635 685 1766 712 Mensae
1782 684 1860 716 1190,
1883 686 1901 711 f.
1924 685 1999 715 2¹10.)

1204 796 1215 809 (ι
1237 807 1254 812 ..
1274 785 1385 813 ‹Iccano
1401 790 1425 813 e!
1445 786 1578 822 capitulo
1599 785 1848 814 Bituricensilms.
1869 783 2013 813 Ecclesia
2034 783 2158 813 Bituri-

1162 836 1252 866 censi
1272 840 1332 865 etc.
1351 854 1398 865 —.
1418 838 1486 866 Dat.
1507 842 1539 866 ut
1560 846 1669 875 supra.
1690 849 1702 862 n

1232 1018 1349 1047 :3004

1198 1081 1271 1108 Cum
1291 1082 1428 1115 magistro
1444 1083 1493 1108 W.
1510 1083 1546 1109 dc
1564 1082 1737 1113 Gluvernia,
1755 1081 1860 1108 clerico
1876 1082 1949 1112 renis
1970 1081 2109 1114 Angliae,
2126 1080 2157 1106 in

1720 1019 1851 1051 Vitcrbe,
1867 1019 1900 1045 1⁴2
1917 1027 1993 1045 mars
2008 1018 2086 1045 1236.

1163 1129 1246 1155 civili
1257 1129 1320 1162 jure
1332 1130 1500 1156 cathedram
1515 1130 1712 1163 magistralem
1727 1130 1907 1160 ascendenti,
1920 1129 2017 1161 genito
2030 1137 2064 1155 ex
2079 1137 2159 1162 pres-

1162 1176 1264 1211 bytero
1277 1180 1305 1204 et
1323 1179 1427 1209 soluta,
1443 1187 1528 1212 super
1543 1178 1658 1204 *tlet‘cctu
1673 1178 1817 1204 natalium
1834 1177 1994 1211 dispensat,
2014 1177 2055 1203 ita
2071 1176 2157 1210 quod,

1162 1225 1186 1251 si
1203 1225 1238 1251 ad
1255 1225 1448 1259 episcopalem
1469 1227 1606 1252 honorem
1621 1234 1686 1252 eum
1702 1225 1797 1251 vocari
1817 1225 1985 1258 contigerit,
2003 1225 2088 1251 illum
2109 1233 2160 1251 ne-

1163 1281 1308 1307 quaquam
1340 1273 1463 1307 recipiat
1497 1273 1604 1307 absque
1638 1273 1722 1300 Sedis
1754 1273 1938 1306 Apostr‘dicae
1970 1272 2101 1298 licentia.
2127 1286 2159 1290 —

1163 1321 1249 1351 (Bm.
1266 1321 1314 1353 18,
1334 1322 1354 1347 f.
1371 1321 1422 1348 116
1435 1325 1474 1353 r⁰;
1491 1330 1560 1348 ann.
1578 1321 1634 1353 IX,
1652 1330 1676 1347 c.
1691 1321 1766 1351 418.)

1205 1432 1218 1446 (t
1236 1421 1378 1457 Mayislro
1399 1422 1439 1449 W.
1457 1421 1490 1449 tle
1507 1421 1678 1454 Glovernia,
1694 1421 1802 1449 clerico
1817 1421 1977 1448 Ani-issimi
1994 1422 2025 1448 in
2043 1421 2162 1450 Christo

1161 1473 1223 1509 filii
1238 1475 1336 1502 nostri
1354 1495 1373 1501 ..
1389 1474 1497 1510 Anqlie
1516 1474 1593 1510 reyis
1615 1474 1757 1501 illustris.
1777 1473 1850 1502 Non
1868 1473 2003 1510 indigne
2021 1474 2160 1510 Aposto-

1162 1524 1226 1554 lica
1241 1542 1289 1554 —.
1307 1526 1380 1555 Dat.
1398 1525 1551 1559 Viterbii,
1566 1526 1634 1555 1111
1650 1525 1724 1555 idus
1740 1525 1862 1560 martii,
1881 1534 1967 1555 anno
1984 1534 2078 1555 nono.
2098 1538 2111 1551 r>

1233 1715 1351 1744 3005
1738 1716 1872 1749 Viterbe,
1889 1717 1905 1743 6
1921 1725 1998 1744 mars
2012 1717 2091 1744 1236.

1198 1779 1341 1813 Magistro
1351 1782 1378 1805 et
1392 1779 1531 1805 fratribus
1541 1779 1695 1813 hospitalis
1708 1779 1809 1805 Sancti
1819 1780 1948 1806 Tliomae
1959 1780 2098 1813 martyris
2107 1780 2162 1806 Ac-

1163 1828 1307 1859 eonensis,
1323 1830 1482 1853 memorata
1495 1827 1616 1861 epistola
1631 1836 1716 1861 supra
1731 1827 1785 1853 sub
1801 1836 1921 1853 numero
1932 1827 2000 1854 2914
2014 1830 2094 1859 (ann.
2108 1828 2160 1855 IX.

1164 1885 1189 1901 e.
1204 1875 1267 1907 368)
1281 1879 1390 1907 notata,
1404 1875 1440 1901 ad
1457 1875 1533 1909 ipsus
1547 1875 1668 1907 directa,
1684 1890 1715 1893 —
1731 1875 1798 1909 quia
1815 1884 1849 1901 ex
1866 1875 2070 1902 uniformitate
2085 1876 2161 1909 signi

1164 1926 1193 1951 et
1206 1924 1324 1951 habitus
1341 1924 1417 1951 inter
1430 1924 1507 1958 ipsos
1518 1927 1546 1951 et
1557 1924 1750 1958 Templarios.
1766 1924 1837 1957 ipsis
1851 1924 2032 1957 gestantibus
2046 1933 2161 1952 crucem

1164 1971 1284 1999 rubeam
1301 1972 1377 1998 sicut
1398 1971 1458 2003 illi,
1476 1972 1598 1998 materia
1618 1972 1750 1998 scandali
1770 1971 1976 2004 generabatur,
1997 1975 2025 1998 et
2045 1973 2161 2006 signum

1165 2020 1263 2047 baculi
1278 2019 1442 2054 pastoralis,
1457 2019 1532 2053 quod
1548 2027 1583 2046 ex
1600 2022 1680 2053 parte
1695 2019 1790 2046 erucis
1810 2019 2046 2053 protendebatur,
2064 2021 2163 2048 minus

1165 2070 1225 2094 erat
1242 2067 1390 2094 militibus
1401 2067 1435 2093 ad
1447 2067 1578 2093 ordinem
1595 2067 1723 2101 ipsorum
1739 2067 1863 2093 transire
1874 2067 2041 2094 volentibus
2054 2068 2163 2101 gratio-

1165 2124 1245 2148 sum,
1261 2130 1292 2134 -
1309 2115 1444 2142 mutandi
1465 2115 1580 2147 signum
1598 2115 1692 2141 crucis
1711 2123 1744 2141 ac
1766 2115 1892 2141 faciendi
1916 2115 1989 2142 illud
2006 2124 2041 2142 ex
2057 2115 2122 2142 albo
2135 2119 2164 2143 et

1165 2163 1254 2190 rubeo
1268 2163 1440 2197 bipertitum
1459 2166 1485 2189 et
1499 2163 1668 2189 removendi
1688 2162 1794 2189 exinde
1811 2163 2036 2196 protractionem
2054 2163 2163 2196 baculi,

1166 2221 1219 2239 nee
1235 2220 1292 2238 non
1306 2214 1338 2238 ut
1354 2211 1464 2237 milites
1481 2211 1562 2243 nigro
1576 2211 1677 2244 pallio,
1691 2213 1719 2237 et
1730 2210 1830 2237 cleriei
1841 2219 1875 2237 ac
1886 2211 2018 2237 conversi
2032 2211 2162 2244 ejusdem

1165 2261 1278 2287 ordinis
1297 2260 1332 2287 de
1347 2259 1493 2286 camelino
1509 2262 1616 2285 rosseto
1631 2259 1673 2285 uti
1691 2259 1813 2292 possint,
1830 2259 1963 2286 concedit
1980 2260 2162 2286 facultatem.

1167 2307 1392 2340 —(R2G.18,f.
1409 2307 1460 2333 116
1475 2310 1518 2338 νη
1533 2315 1602 2333 ann.
1620 2307 1672 2337 lx,
1689 2315 1713 2333 c.
1728 2307 1802 2337 417.)
1896 2299 1902 2302 “

1209 2419 1222 2434 α
1243 2430 1262 2436 ..
1280 2408 1426 2444 magistro
1444 2412 1470 2435 et
1486 2406 1636 2442 fratribus
1655 2406 1815 2443 hospitalis
1834 2406 1940 2436 Sancti
1958 2407 2064 2436 Thome
2080 2416 2166 2436 mar-

1169 2461 1238 2490 tiris
1252 2460 1442 2489 Acconensis.
1470 2458 1560 2488 Licet
1578 2458 1657 2487 olim
1679 2458 1879 2488 venerabilis
1897 2476 1945 2487 —.
1964 2459 2037 2488 Dat.
2057 2459 2167 2488 Viter-

1168 2512 1227 2546 hii,
1247 2513 1279 2542 ΙΙ
1297 2520 1400 2541 nonas
1419 2510 1540 2544 martii,
1559 2519 1645 2539 anno
1662 2519 1758 2540 nono.
1782 2522 1794 2535 n

1240 2693 1356 2722 300ss
1726 2692 1861 2720 Viterbe.
1876 2693 1905 2719 11
1925 2700 2001 2719 mars
2017 2692 2094 2719 1236.

1205 2755 1434 2789 Archiepiseopo
1455 2754 1627 2781 Sononensi.
1642 2754 1776 2787 episcopo
1795 2754 1932 2780 Trecensi
1952 2759 1978 2779 et
2002 2754 2083 2780 fratri
2108 2754 2166 2780 Ro-

1171 2804 1261 2835 berto,
1277 2803 1312 2830 de
1326 2803 1428 2829 ordine
1445 2802 1698 2829 Praedicator-um.
1722 2801 1840 2827 mandat
1862 2805 2004 2834 quatenus
2023 2809 2079 2827 non
2100 2809 2165 2835 per-

1171 2852 1293 2878 mittant
1307 2851 1570 2879 lldebrandiseum,
1587 2850 1680 2876 civem
1699 2852 1725 2875 et
1740 2855 1927 2875 mercatorem
1946 2849 2164 2877 Florentinum.

1171 2900 1221 2934 qui
1236 2899 1308 2926 olim
1325 2899 1355 2925 in
1372 2899 1494 2925 Francia
1511 2898 1649 2931 quosdam
1666 2897 1835 2923 tiam-«smum.
1848 2905 1916 2929 quos
1933 2897 2090 2922 catlwlifflxs
2106 2905 2167 2923 esse

1173 2947 1319 2979 credebat,
1333 2947 1477 2973 allocutus
1493 2949 1568 2973 erat.
1590 2954 1621 2971 ea
1642 2945 1791 2971 occasione
1813 2944 1848 2970 ab
1868 2944 2016 2977 ailquibus
2036 2944 2167 2972 indebite
