2519 3518
173 325 243 354 1201
1019 319 1241 355 notati-2311«)
1265 326 1424 356 Axxtctc.
2197 332 2272 361 1202

168 389 253 420 illud
276 391 348 421 sine
373 400 464 422 more
486 392 660 430 dispendio
687 391 906 430 personaliter
930 391 1123 422 accedentes
1148 394 1177 420 et

170 442 332 474 habentes
349 453 406 482 pre
422 444 527 474 oculis
549 444 656 474 solum
673 445 789 478 Deum,
808 445 837 474 ei
855 444 925 474 vice
947 448 1068 477 nostra,
1088 443 1176 473 omni

171 495 277 532 gratia
301 501 331 526 et
357 497 474 527 timore
497 497 700 536 postpositis,
726 497 928 527 visitationis
950 497 1094 527 officium
1116 496 1178 524 im-

170 549 338 586 pendatis,
357 549 608 584 nichilominus,
626 559 725 588 super
737 550 911 588 prescripti
927 549 1056 579 abbatis
1073 557 1179 578 exces-

171 601 276 636 sibus,
295 603 416 641 quibus
434 603 574 633 eundem
590 603 788 633 inveneritis
809 603 1017 638 infamatum,
1039 601 1179 631 sollicite

170 648 391 692 inquirentes,
411 656 584 693 corrigatis
605 661 636 686 et
654 656 840 686 reformetis
862 655 895 685 in
914 655 1027 685 codem
1048 663 1179 684 monas-

173 707 264 743 terio,
285 712 348 737 tam
365 708 400 737 in
417 709 523 746 capite
540 718 638 747 quam
657 709 691 738 in
709 708 877 738 membris.
896 717 959 747 que
976 707 1179 737 correctione

171 768 209 789 ac
231 760 467 790 reformatione
491 753 650 791 noveritis
673 761 834 799 indigere.
857 761 906 795 Et,
933 769 972 790 ne
994 759 1179 798 prosecutio

173 813 298 850 negotii
322 823 378 852 pro
402 814 532 844 defectu
552 823 771 852 expensarum
794 813 900 844 valeat
923 813 1095 847 retardari,
1120 813 1178 841 uni

173 864 224 894 vel
242 865 370 895 duobus
386 866 568 902 monachis,
590 876 671 905 quos
690 867 825 897 idoneos
846 875 917 896 esse
936 865 1106 899 noveritis,
1124 865 1180 895 de-

172 917 296 955 putatis
311 928 328 947 a
345 918 436 949 vobis
453 919 493 948 ad
508 918 699 958 hujusmodi
717 919 885 956 negotium
901 918 1178 957 prosequendum.

171 971 302 1000 faciatis
318 971 356 1002 de
373 971 469 1002 bonis
483 972 630 1011 ejusdem
646 972 839 1002 monasterii
854 972 888 1001 in
903 971 1056 1010 expensis
1071 979 1179 1001 neces-

173 1023 273 1053 sariis
306 1024 488 1062 provideri.
520 1025 787 1055 Contradictores
817 1042 866 1053 --.
898 1026 976 1054 Dat.
1012 1023 1176 1059 Laterani,

171 1076 203 1106 X
217 1075 377 1106 kalendas
390 1077 550 1116 januarii,
569 1086 655 1107 anno
672 1077 877 1107 duodecimo.
897 1090 910 1103 »

241 1255 359 1283 4699

206 1318 437 1352 Archiepiscopo
459 1318 652 1349 Mamistano,
676 1319 775 1345 abbati
802 1319 879 1345 Belli
901 1318 1031 1350 Montis,
1054 1318 1180 1352 Tripoli-

171 1368 258 1392 tanae
283 1366 434 1397 dioecesis,
462 1370 490 1393 et
521 1366 660 1399 magistro
683 1365 832 1400 Boniuffl,
861 1367 1069 1393 archidiacono
1091 1367 1180 1393 Vala-

170 1414 279 1445 niensi,
300 1414 447 1447 negotium
464 1414 617 1440 electionis
634 1414 669 1440 (le
686 1415 731 1443 P..
749 1415 859 1441 decano
879 1415 1076 1446 Antiocheno,
1099 1424 1114 1441 a
1132 1424 1180 1441 ca—

171 1463 265 1497 pitulo
286 1462 427 1489 ecclesiae
447 1463 706 1489 Bethleemitanae
726 1463 755 1489 in
778 1463 946 1497 episcopum
964 1464 1179 1490 Bethleemita—

169 1519 240 1537 num
259 1511 434 1543 celebratae,
459 1514 487 1537 et
500 1514 600 1545 postea
614 1520 629 1537 a
647 1511 815 1545 patriarcha
828 1511 1112 1545 Hierosolymitano,
1129 1512 1178 1545 qui

169 1559 262 1586 alium
284 1559 430 1592 quendam
453 1559 483 1585 i11
504 1559 673 1593 episcopum
692 1561 871 1593 praefecerat
894 1560 1016 1591 ibidem,
1038 1565 1178 1589 cassatae.

168 1607 402 1634 examinandum
416 1610 443 1634 et
458 1607 655 1634 decidendum
668 1608 842 1635 committit.
855 1608 1118 1640 —(R›21;.19,f.66
1128 1614 1178 1640 v03

168 1664 238 1683 ann.
256 1656 324 1688 XII,
341 1665 365 1682 c.
383 1656 457 1687 359.)

678 1257 799 1288 Latran‚
812 1257 846 1283 20
861 1257 1015 1283 decembre
1029 1256 1107 1283 1238.

211 1768 223 1783 «
253 1779 273 1785 ..
290 1758 513 1798 archiepiscopo
533 1757 753 1798 illrtmistan[o]‚
784 1781 801 1787 ..
833 1759 933 1787 abbati
957 1759 1032 1788 Belli
1056 1760 1175 1795 Montis,

171 1810 359 1846 Tripolitana
395 1810 533 1846 diocesis,
569 1816 595 1840 ec
631 1812 776 1849 ›magistr-o
801 1813 924 1846 Bonna,
960 1813 1179 1842 archidiacono

174 1863 359 1891 Valamimtsz'.
403 1862 552 1892 Ecclesia
582 1863 847 1894 Bethleemitana
877 1865 1018 1902 pastoris
1057 1865 1179 1895 solacio

169 1914 327 1944 destituta
344 1918 374 1944 et
395 1924 412 1944 a
429 1915 525 1945 nobis
547 1916 691 1954 eligendi
708 1917 810 1954 petita
831 1917 966 1947 licentia
983 1922 1014 1947 et
1033 1917 1175 1954 obtenta,

169 1967 350 2005 capitulum
374 1967 481 2005 ipsius
503 1968 654 2003 ecclesie,
676 1969 761 1998 sicut
785 1970 983 2008 accepimus,
1004 1970 1091 2000 diem
1115 1971 1178 2000 sibi

169 2020 210 2049 ad
226 2019 417 2057 eligendum
433 2020 638 2051 unanimiter
659 2022 878 2059 prefixerun13
899 2023 934 2051 in
956 2032 1021 2061 qua
1043 2032 1179 2061 presen—

170 2063 258 2102 tibus
279 2072 434 2102 omnibus
457 2073 514 2111 qui
536 2073 733 2104 debuerunt,
755 2074 929 2104 voluerunt
951 2080 980 2105 et
1002 2080 1177 2113 potuerunt

169 2125 338 2155 commode
355 2125 528 2161 interesse,
547 2126 702 2164 requisiti
719 2127 844 2164 pluries
861 2132 892 2157 et
907 2128 1025 2157 moniti
1042 2128 1178 2166 diligen-

170 2183 230 2212 ter,
250 2187 308 2215 per
326 2178 413 2207 viam
428 2178 583 2208 scrutinii
600 2180 826 2217 procedentes,
845 2186 1097 2218 assumpserunt
1114 2186 1178 2212 tres

170 2231 208 2260 de
224 2230 373 2268 ipsorum
389 2231 527 2269 collegio
543 2232 606 2261 fide
624 2232 753 2269 dignos,
771 2233 829 2271 qui
842 2238 968 2263 secreto
985 2238 1016 2263 et
1032 2234 1179 2271 singilla-

171 2284 230 2313 tim
251 2288 324 2313 vota
347 2283 497 2313 omnium
521 2289 760 2314 scrutarentur.
788 2286 855 2324 Ipsi
879 2295 965 2321 vero,
988 2287 1179 2318 secedentes

168 2337 204 2366 in
222 2341 359 2375 partem,
378 2336 462 2366 votis
479 2337 628 2367 omnium
644 2339 871 2376 perscrutatis,
888 2348 962 2369 mox
978 2348 1015 2369 ea
1031 2340 1179 2378 publica-

171 2396 257 2425 runt,
276 2395 371 2428 prout
384 2390 485 2420 moris
498 2395 529 2420 et
541 2391 628 2430 juris
645 2396 704 2427 est,
723 2392 758 2421 in
775 2393 954 2422 communi.
971 2393 1053 2423 Cum
1070 2399 1177 2424 autem

169 2443 300 2478 fuisset,
325 2443 488 2473 scrutinio
511 2443 689 2482 publicato,
710 2449 877 2483 repertum
900 2446 986 2484 quod
1007 2455 1121 2477 omnes
1145 2448 1179 2477 in

169 2496 345 2526 dilectum¹
363 2496 469 2525 filium
486 2498 535 2531 P.,
554 2497 715 2527 decanum
732 2498 989 2534 Antiochenum,
1007 2507 1180 2530 consense-

169 2553 255 2584 rant,
271 2549 381 2587 ipsum
397 2549 569 2587 elegerunt
585 2550 620 2579 in
637 2559 733 2580 suum
751 2551 941 2589 episcopum
956 2556 985 2581 et
1002 2557 1177 2590 pastorem,

169 2607 234 2632 tam
254 2602 448 2632 electionem
466 2611 566 2641 quam
580 2602 730 2639 electum,
750 2612 809 2633 nec
827 2613 892 2633 non
909 2609 940 2634 et
958 2604 1064 2642 ipsam
1081 2605 1180 2635 eccle-

168 2654 264 2690 siam,
296 2664 373 2685 voce
403 2655 443 2684 ad
471 2664 530 2685 nos
558 2655 789 2694 appellationis
821 2657 953 2692 emissa,
983 2658 1179 2695 protectioni

167 2708 347 2747 apostolice
381 2713 620 2747 supponentes.
657 2709 812 2740 Ceterum
844 2710 1046 2740 venerabilis
1077 2711 1180 2742 frater

167 2766 280 2792 noster
299 2785 318 2791 ..
341 2762 531 2800 patriarcha
554 2762 856 2799 Jerosolimitarms,
877 2772 1078 2802 quamquam
1103 2764 1178 2794 nul-

167 2814 233 2844 lam
254 2815 458 2844 ordinariam
479 2815 514 2844 in
537 2815 650 2846 eadem
672 2815 812 2845 ecclesia
831 2815 1102 2854 jurisdictionem
1119 2816 1178 2846 ha-

167 2867 245 2897 bere
269 2867 432 2903 credat-ur,
455 2871 568 2906 utpote
589 2877 652 2907 que
674 2868 715 2898 ad
737 2877 796 2898 nos
818 2867 908 2898 nullo
927 2868 1035 2898 medio
1057 2869 1179 2899 dieitur

203 2987 221 3010 l.
238 2989 286 3010 Ms.
305 2996 312 3010 :
327 2987 456 3013 dolatum,
474 2988 580 3017 change
596 2994 629 3011 en
647 2987 794 3011 delectum.

293 3037 479 3067 onaoomss
499 3044 544 3072 1x,
568 3048 586 3067 t.
606 3045 639 3068 11.

1260 391 1438 428 pertinere,
1463 392 1644 422 indebitam
1669 393 1733 422 sibi
1753 394 2022 432 jurisdictionem
2048 405 2212 434 usurpans
2238 401 2266 427 et

1261 442 1299 472 de
1327 443 1486 473 electione
1514 444 1703 483 hujusmodi
1727 445 1873 481 legitime
1901 455 1963 475 non
1991 456 2202 485 cognoscens.
2229 449 2268 479 de

1260 495 1358 530 facto,
1377 505 1449 525 cum
1472 496 1510 526 de
1527 497 1602 535 jure
1625 506 1688 526 non
1710 504 1830 535 posset,
1849 499 1974 536 prefato
1992 500 2115 529 decano
2132 501 2270 532 absente

1261 556 1320 577 nec
1337 549 1462 578 monito
1481 558 1540 578 nec
1563 549 1672 583 citato,
1691 549 1884 579 electionem
1903 552 2045 581 cassavit
2068 553 2216 583 earniert‘i.
2238 558 2267 583 et

1262 600 1426 638 quendam
1445 601 1478 630 in
1498 602 1687 640 episcopum
1708 603 1845 640 prefecit
1865 604 1998 638 ibidem,
2019 614 2075 642 pro
2099 614 2156 634 sue
2179 607 2268 635 arbi-

1262 653 1324 682 trio
1350 653 1540 684 voluntatis.
1559 655 1643 690 Quia
1666 664 1741 684 vero
1765 656 1859 685 nobis
1880 665 1943 685 non
1968 658 2114 686 constitit
2136 658 2174 687 de
2197 668 2268 696 pre-

1261 706 1386 741 missis,
1416 707 1611 737 mandanihs
1640 712 1815 746 quatenus.
1844 709 1871 737 si
1900 714 1948 739 est
1975 710 2029 745 ita,
2061 711 2182 739 voeatis
2211 711 2267 749 qui

1261 759 1387 789 fuerint
1412 760 1580 790 evocandi.
1606 761 1644 790 de
1668 761 1762 790 modo
1785 761 1968 796 electionis,
1995 763 2114 792 studiis
2141 763 2267 801 eligen-

1261 812 1343 841 tium
1359 817 1389 842 et
1403 813 1498 843 electi
1513 814 1640 843 meritis
1655 813 1795 844 sollicite
1810 814 2028 853 inquirentes,
2044 815 2070 845 si
2088 816 2268 853 predictam

1261 864 1455 895 electionem
1468 866 1664 896 inveneritis
1679 866 1716 895 de
1730 876 1870 904 persona
1883 867 2002 897 idonea
2016 868 2172 898 canonice
2187 869 2269 899 cele-

1262 917 1400 951 bratam,
1418 918 1535 955 ipsam,
1555 923 1661 947 amoto
1678 928 1695 948 a
1708 919 1866 957 jamdicta
1883 919 2021 949 ecclesia
2039 920 2096 949 illo
2117 930 2212 959 quem
2234 922 2267 950 in

1262 978 1299 999 ea
1326 970 1514 1008 patriarcha
1539 971 1695 1006 instituit,
1725 972 1919 1001 auctoritate
1945 972 2123 1010 apostolica
2149 975 2269 1003 contir-

1262 1027 1402 1055 mantes,
1423 1023 1554 1052 faciatis
1579 1024 1607 1053 ei
1633 1024 1856 1053 obedientiam
1880 1030 1909 1053 et
1932 1025 2150 1054 reverentiam
2176 1026 2268 1055 debi-

1263 1079 1328 1104 tam
1347 1084 1365 1104 a
1381 1075 1451 1105 suis
1469 1076 1611 1105 subditis
1635 1076 1784 1105 exhiberi
1810 1086 1845 1106 ac
1864 1086 1984 1106 munus
2004 1079 2267 1108 consecrationis

1262 1128 1425 1166 impendi.
1454 1128 1624 1166 Alioquin,
1655 1129 1693 1158 de
1723 1138 1877 1166 processu
1905 1130 2052 1168 ejusdem
2083 1131 2269 1168 patriarche

1262 1181 1401 1210 veritate
1425 1181 1619 1218 diligentius
1643 1181 1816 1220 inquisita,
1841 1182 1961 1219 ipsum.
1983 1182 2010 1211 si
2034 1192 2106 1211 eum
2132 1183 2270 1213 invene-

1262 1233 1336 1263 ritis
1354 1243 1425 1263 esse
1443 1234 1649 1270 canonicum,
1671 1234 1878 1272 approbetis;
1897 1235 1925 1263 si
1946 1244 2022 1264 vero
2043 1235 2136 1264 illum
2159 1236 2269 1265 minus

1262 1286 1459 1316 canonicum
1482 1295 1554 1316 esse
1576 1287 1773 1317 constiterit.
1796 1296 1833 1316 eo
1857 1286 2003 1324 legitime
2025 1288 2208 1325 reprobato.
2231 1298 2270 1317 ne

1263 1344 1442 1369 memorata
1465 1339 1616 1369 ecclesia.
1641 1339 1681 1369 ob
1707 1340 1913 1369 vacationem
1937 1340 2112 1369 diutinam.
2138 1350 2268 1377 gravent

1262 1392 1297 1421 in
1321 1392 1552 1430 spiritualibus
1575 1392 1626 1422 vel
1650 1392 1886 1430 temporalibus
1910 1393 2071 1422 sustineat
2097 1393 2268 1423 lesionem.

1263 1453 1318 1474 vos
1343 1445 1449 1475 eidem
1473 1445 1611 1475 ecclesie
1636 1446 1766 1475 faciatis
1789 1455 1845 1483 per
1864 1445 2058 1475 electionem
2078 1447 2269 1475 canonicarii

1263 1498 1445 1536 provideri3
1464 1498 1595 1536 proviso
1614 1508 1665 1533 ne,
1685 1498 1745 1528 sub
1767 1498 1866 1527 dubio
1890 1498 1958 1528 litis
1976 1504 2106 1528 eventu.
2132 1499 2272 1529 ecclesia

1263 1551 1452 1589 supradicta
1476 1551 1637 1581 bonorum
1662 1560 1796 1581 suorum
1819 1552 2029 1590 dispendium
2054 1553 2208 1590 patiatur.
2234 1554 2273 1582 Et

1263 1613 1314 1640 ne,
1339 1604 1379 1634 ob
1403 1605 1566 1635 defectum
1591 1614 1822 1643 expensarum.
1848 1614 1913 1634 non
1938 1605 1980 1634 sit
2002 1606 2056 1643 qui
2082 1605 2273 1644 hujusmodi

1263 1657 1431 1695 negotium
1450 1662 1680 1696 prosequatur,
1700 1657 1827 1687 duobus
1847 1657 1897 1687 vel
1919 1658 2025 1687 tribus
2045 1667 2081 1687 ex
2103 1658 2272 1687 canonicis

1263 1709 1347 1739 dicte
1365 1710 1513 1744 ecclesie,
1528 1719 1610 1748 quos
1627 1709 1740 1739 adhoc
1755 1709 1891 1739 idoneos
1904 1719 1975 1739 esse
1992 1711 2161 1746 noveritis,
2177 1720 2272 1748 nego<

1264 1762 1345 1792 tium
1366 1763 1475 1800 ipsum
1496 1763 1785 1801 prosequentibus.
1808 1763 1938 1792 faciatis
1958 1763 1996 1793 de
2015 1763 2110 1792 bonis
2134 1763 2272 1793 ecclesie

1262 1815 1295 1844 in
1327 1815 1480 1853 expensis
1502 1816 1701 1845 necessariis
1727 1816 1904 1853 provideri.
1931 1816 2197 1846 Contradictores
2220 1833 2268 1844 —.

1263 1869 1336 1897 Dat.
1360 1868 1531 1902 Laterani,
1564 1868 1648 1897 XIII
1675 1867 1834 1897 kalendas
1854 1868 2018 1906 januarii,
2045 1878 2131 1897 anno
2153 1868 2270 1897 duode-

1263 1921 1361 1950 cimo.
1384 1933 1396 1946 »

1333 2065 1458 2092 4500
1744 2066 1898 2097 Crenione,
1916 2067 1931 2091 Τ
1945 2066 2099 2091 decembre
2115 2066 2194 2092 1237.

1298 2128 1476 2155 Fridericus.
1492 2129 1690 2154 Romanorum
1705 2128 1875 2161 imperator,
1889 2128 2027 2161 Gregorio
2040 2128 2079 2154 tx
2096 2136 2188 2161 papae
2201 2127 2271 2154 seri-

1262 2176 1305 2203 bit
1319 2186 1348 2203 se
1362 2177 1574 2210 crucesignatis
1588 2176 1668 2209 regni
1685 2176 1837 2203 Fiant-iae.
1850 2176 1911 2210 qui.
1926 2176 1961 2202 ad
1976 2176 2069 2210 ipsius
2085 2177 2271 2210 imperatoris

1263 2225 1386 2252 monita.
1398 2225 1564 2259 passagium
1577 2234 1593 2251 a
1606 2225 1701 2259 primo
1711 2228 1835 2251 venturo
1848 2225 1925 2251 beati
1937 2225 2080 2252 Joliannis
2095 2222 2271 2259 [Baptistae]

1261 2282 1353 2308 usque
1367 2274 1404 2300 ad
1420 2274 1569 2307 sequentis
1588 2273 1659 2300 anni
1678 2271 1784 2300 festum
1801 2273 1992 2304 distulerant,
2009 2273 2179 2307 promisisse
2195 2273 2270 2306 quod

1261 2331 1308 2349 eos
1328 2322 1363 2348 <le
1377 2322 1580 2356 prorogatione
1594 2321 1721 2356 passagii
1736 2322 1813 2348 ultra
1830 2322 1991 2348 terminum
2005 2322 2207 2355 supi-aditi·tum
2226 2330 2271 2347 r··-

1261 2375 1381 2405 gaturus
1396 2380 1452 2397 non
1470 2372 1518 2398 sit.
1539 2371 1609 2405 quin
1628 2371 1724 2405 potius
1744 2379 1795 2405 per
1816 2379 1937 2404 regnum
1960 2371 2131 2397 transituris
2146 2371 2175 2396 in
2189 2370 2270 2396 omni

1262 2420 1386 2447 consilio
1409 2424 1435 2446 et
1457 2420 1570 2447 auxilio
1595 2420 1695 2446 adesse
1718 2420 1870 2451 intendat,
1897 2428 1952 2453 qua
1978 2420 2014 2445 de
2037 2428 2067 2445 re
2091 2419 2132 2445 eis
2157 2419 2271 2445 litteras·

1262 2469 1343 2495 bulla
1359 2477 1446 2495 aurea
1461 2469 1592 2495 munitas
1604 2468 1773 2495 indulserit.
1789 2483 1820 2486 —
1835 2469 1922 2499 (Rae.
1933 2468 1976 2499 19,
1988 2468 2007 2494 s.
2019 2468 2053 2494 67
2067 2471 2104 2499 r‘¹;
2119 2476 2189 2493 ann.
2202 2467 2270 2498 XII,

1261 2526 1285 2544 c.
1303 2517 1369 2548 360;
1390 2532 1421 2535 —
1438 2517 1713 2549 anOER-mem,
1731 2517 1836 2548 lthcsza
1854 2517 1977 2548 Imperii,
1999 2519 2019 2542 t.
2037 2516 2074 2547 V,
2092 2519 2120 2541 n⁰
2134 2515 2219 2545 229&
2237 2529 2271 2532 ——

1262 2566 1299 2592 cf.
1318 2566 1499 2592 RonENBt-:Rc
1514 2566 1583 2597 716;
1601 2580 1632 2583 -
1649 2566 1686 2591 cf.
1704 2572 1800 2597 supra,
1819 2574 1846 2590 n.
1865 2564 1933 2591 3934
1949 2569 1977 2590 et
1991 2564 2083 2595 3935.)

1305 2673 1318 2687 «
1336 2661 1444 2689 Littere
1458 2661 1651 2697 imperatoris
1665 2659 1704 2687 (ΜΖ
1716 2659 1782 2687 (lom
1791 2660 1877 2687 inum
1891 2667 2002 2696 papam
2015 2666 2106 2695 super
2118 2657 2268 2694 possasyio.

1262 2712 1480 2743 Sanctissimo
1501 2711 1533 2740 in
1557 2711 1689 2741 Christo
1706 2728 1754 2739 -.
1773 2710 1971 2740 Paternitati
1990 2714 2097 2739 vestre
2118 2708 2270 2738 volumus

1260 2782 1309 2794 -.
1329 2766 1402 2794 Dat.
1421 2764 1592 2798 Cremone,
1610 2764 1674 2793 VII
1693 2762 1914 2801 decembr[is],
1934 2762 1981 2791 XI
1996 2761 2192 2790 indictione.
2213 2772 2227 2786 »

1331 2922 1444 2950 4¹20!
1766 2921 1885 2951 Lati-an,
1900 2920 1933 2945 23
1947 2918 2101 2945 decembre
2116 2918 2195 2944 1238.

1297 2984 1441 3018 Episcopo
1457 2982 1636 3010 Terdonensi
1655 2982 1775 3008 mandat
1793 2984 1937 3015 quatenus
1959 2980 2106 3014 Aquensis
2128 2979 2269 3013 episcopi.

2117 3040 2147 3064 76
