2519 3518
124 297 180 327 617
981 291 1172 328 ONZIEME
1195 291 1352 328 ANNEE.
2152 301 2209 331 618

125 373 315 402 processum
339 364 543 403 aliquamdiu
567 365 747 399 extitisset.
771 370 801 395 et
824 374 898 395 eum
923 365 1127 404 postmodum

125 416 344 454 personaliter
358 417 536 451 citassetis,
558 417 643 447 idem
661 419 858 456 prepositus,
874 418 978 448 locum
998 419 1062 447 sihi
1082 423 1128 447 tu-

127 475 194 500 tum
222 479 285 500 non
315 479 387 500 esse
411 480 607 509 proponens.
634 471 673 501 ad
695 471 925 510 appellationis
954 472 1127 509 ditt‘ugium

126 523 328 559 convolavit3
349 528 379 554 et
403 533 475 553 cum
494 529 526 553 tu
545 529 575 553 et
593 524 691 554 iidem
711 524 834 561 college
854 525 916 558 tui,
937 525 1083 554 volentes
1100 525 1130 554 ei

127 577 259 607 auferre
288 577 462 607 materiam
493 577 719 613 malignandi,
751 577 853 607 aliurn
883 578 947 607 sihi
977 587 1130 607 securum

127 629 288 659 duxeritis
314 630 571 659 concedendum.
602 629 674 664 ille,
703 630 875 660 occasione
899 630 1130 668 appellationis

128 682 275 721 ejusdem
301 691 411 712 coram
437 682 530 712 vohis
558 682 732 720 procedere
757 683 939 720 denegans,
967 683 1131 713 malitiose

129 735 255 765 laborat
273 735 441 772 negotium
457 744 650 773 prorogare,
671 735 704 764 in
725 744 789 764 non
807 735 967 764 modicam
985 735 1130 774 ejusdem

130 787 268 818 ecclesie
292 787 469 822 lesionem,
492 797 554 826 que
570 788 638 826 jam
661 796 717 826 per
742 788 914 818 biennium
937 793 967 817 et
990 788 1132 826 amplius

130 841 272 879 pastoris
289 841 411 870 mansit
427 841 587 878 regimine
604 841 746 870 viduata.
767 842 872 879 Super
887 850 951 879 quo
968 841 1133 879 provideri

130 893 195 924 sihi
228 894 392 932 prefatum
423 893 602 931 capitulum
634 893 828 931 postulavit.
859 894 1033 931 presertim
1059 902 1131 922 cum

130 946 216 976 idem
233 946 420 984 prepositus
436 950 568 984 propter
579 946 743 976 desectum
758 946 896 976 scientie
914 946 952 975 ad
969 946 1133 984 episcopa-

129 998 193 1029 lem
209 999 367 1029 honorem
383 1007 449 1028 non
463 998 579 1028 debeat
592 999 788 1036 promoveri.
803 998 1019 1028 Attendentes
1031 999 1134 1035 igitur

132 1051 218 1090 quod
239 1051 387 1081 defectus
411 1052 481 1089 ipse
506 1050 603 1081 facile
631 1051 750 1089 poterit
774 1051 808 1080 in
835 1055 946 1080 nostra
966 1051 1133 1088 presentia

131 1104 354 1142 deprehendi,
384 1113 421 1134 ac
450 1104 600 1134 nolentes
627 1104 733 1142 ipsius
761 1103 898 1134 ecclesie
923 1103 1132 1141 dispendium

132 1156 275 1187 ulterius
291 1157 457 1187 sustinere
469 1180 476 1191 ,
499 1157 694 1186 mandamus
711 1160 875 1195 quatenus
894 1156 1034 1194 prefigas
1050 1156 1133 1185 utri-

131 1217 195 1247 que
216 1209 300 1247 parti
324 1209 502 1239 terminum
527 1209 784 1247 peremptorium
805 1208 944 1237 duorum
967 1208 1132 1238 mensium

131 1266 203 1300 post
233 1262 453 1299 receptionem
485 1262 704 1300 presentium,
734 1270 798 1299 quo
826 1261 912 1291 idem
946 1260 1132 1299 prepositus

132 1315 359 1353 personaliter.
385 1315 566 1353 capitulum
586 1324 663 1344 vero
687 1323 744 1352 per
766 1314 986 1344 sufficientem
1011 1318 1041 1343 et
1063 1314 1133 1343 ido-

132 1376 230 1398 neum
257 1371 502 1405 procuratorem
526 1376 598 1397 cum
621 1367 807 1396 rationibus
831 1367 902 1396 suis
924 1371 1132 1404 compareant

131 1429 241 1450 coram
258 1420 364 1455 nobis,
385 1419 505 1449 facturi
524 1424 555 1450 et
572 1420 736 1458 recepturi
757 1420 843 1458 quod
865 1419 943 1449 ordo
961 1419 1134 1448 dictaverit

132 1472 283 1502 rationis.
307 1472 400 1509 Quod
416 1477 525 1502 autem
543 1472 620 1502 inde
638 1473 773 1507 feceris,
797 1472 891 1502 nohis
912 1481 970 1510 per
986 1477 1059 1501 tuas
1078 1471 1134 1500 lit-

134 1529 220 1556 teras
240 1525 395 1555 intimare
412 1534 579 1563 procures.
603 1526 674 1555 Dat.
695 1525 850 1559 Viterbii,
869 1526 897 1554 V
914 1525 989 1554 idus
1006 1524 1131 1562 aprilis,

132 1587 220 1608 anno
235 1578 419 1608 undecimo.
441 1590 453 1604 n

203 1749 319 1777 359ss
697 1750 830 1779 Viterbe,
847 1751 876 1776 11
893 1751 969 1776 avril
983 1750 1062 1777 1237.

169 1811 312 1846 Episcopo
327 1812 467 1845 Trojano,
489 1820 543 1838 nee
563 1820 620 1838 non
640 1812 796 1838 abbatibus
818 1813 1014 1843 Ferrariensi,
1036 1813 1136 1839 Teati*

134 1869 198 1892 nae,
215 1869 264 1887 seu
281 1861 378 1895 potius
394 1861 554 1887 Teanensis
569 1865 574 1880 ¹
598 1861 754 1889 dioecesis.
772 1864 799 1887 et
821 1861 856 1887 de
872 1861 1001 1894 Ripalta.
1019 1861 1136 1887 Civita-

133 1909 225 1936 tensis
245 1909 397 1940 dioecesis,
417 1909 642 1943 inquisitionem
660 1909 821 1935 committit
843 1909 1007 1935 taciendam
1029 1909 1064 1935 de
1085 1917 1136 1935 ne-

134 1958 232 1984 fandis
256 1957 371 1985 actibus
392 1958 441 1991 qui
462 1958 597 1991 episcopo
624 1957 760 1991 Salpensi
784 1957 903 1983 crimini
925 1958 1080 1984 dabantur.
1104 1973 1135 1975 —

133 2007 220 2037 (Res.
237 2005 281 2035 18,
299 2007 318 2032 f.
336 2005 443 2037 2751·⁰;
461 2014 530 2032 ann.
546 2006 598 2033 xl.
616 2006 712 2035 c.17.)

177 2119 190 2133 «
212 2129 230 2135 ..
249 2107 381 2144 episcopo
404 2107 547 2143 Trojano,
569 2128 588 2134 ..
608 2107 800 2135 Ferrariensi
816 2111 842 2135 et
863 2129 882 2134 ..
900 2107 934 2134 (Ie
950 2108 1068 2144 Ripalta
1085 2107 1137 2136 ab-

135 2161 262 2191 batibus,
283 2159 403 2188 Teatine
418 2163 443 2187 et
455 2159 650 2188 civitatensis
661 2159 824 2187 diocesum.
839 2159 981 2188 Grandis
998 2159 1135 2189 infamia

137 2220 200 2250 que
216 2211 254 2241 de
271 2210 453 2241 venerabili
472 2211 574 2240 fratre
591 2215 703 2240 nostro
722 2234 740 2240 ..
760 2211 912 2249 Salpensi
929 2211 1080 2250 episcopo
1096 2212 1136 2241 ad

137 2273 207 2299 nos,
234 2263 485 2293 insinuantibus
512 2263 643 2293 dilectis
668 2263 747 2293 filiis
773 2263 916 2302 capitulo
945 2264 1133 2303 Salpen[si].

138 2316 298 2355 pervenit,
323 2325 382 2346 nos
407 2316 530 2345 moveri
551 2315 707 2353 compulit
731 2320 762 2345 et
783 2316 892 2346 dolere
914 2317 1031 2353 coegit.
1050 2318 1135 2347 Nam

136 2369 223 2399 idem
241 2387 290 2404 —,
311 2368 462 2407 symonie
479 2368 621 2407 aliisque
637 2368 750 2398 multis
767 2373 797 2398 et
814 2369 969 2406 gravibus
985 2370 1136 2399 crimini-

137 2422 198 2452 bus
215 2422 376 2456 irretitus,
401 2430 526 2452 cruces.
549 2421 669 2451 calices
693 2426 877 2459 argenteos,
900 2421 1002 2451 lihros
1022 2428 1051 2452 et
1071 2423 1135 2452 alia

138 2474 221 2504 hona
239 2474 408 2512 Salpensis
434 2474 572 2504 ecclesie
593 2474 772 2503 enormiter
793 2474 974 2512 dilapidare
999 2485 1035 2505 ac
1055 2476 1136 2506 alie-

138 2536 216 2557 nare
233 2536 439 2565 presumens,
458 2526 622 2565 quandam
636 2526 866 2562 concubinam,
884 2528 937 2556 cui
950 2529 1135 2558 necessaria

134 2580 176 2609 de
192 2580 288 2609 bonis
304 2580 410 2618 ipsius
428 2579 566 2609 ecclesie
589 2579 721 2608 exhibet
737 2580 916 2614 affluenter,
936 2581 1065 2618 publice
1081 2581 1137 2611 de-

138 2633 260 2666 tinens,
274 2632 433 2670 quasdam
445 2632 588 2661 infames
600 2640 769 2669 personas.
785 2632 851 2661 vita
869 2637 899 2662 et
915 2633 1061 2663 moribus
1074 2634 1137 2663 sibi

137 2694 244 2724 pares,
269 2690 300 2715 et
323 2685 408 2715 hona
433 2685 517 2714 dicte
539 2684 676 2714 ecclesie
705 2694 777 2714 cum
803 2686 1034 2715 meretricibus
1055 2687 1134 2722 suis,

138 2747 221 2776 quas
239 2747 338 2776 prope
353 2738 484 2767 domum
502 2737 720 2775 episcopalem
737 2737 900 2772 nutriunt,
917 2738 1137 2774 devastantes,

139 2790 173 2819 in
204 2798 368 2820 cameram
399 2794 430 2819 et
457 2789 619 2819 familiam
647 2798 740 2819 suam
764 2790 972 2828 impudenter
993 2791 1138 2821 admisit.

175 2907 194 2931 l.
213 2909 325 2931 Teatine
340 2911 379 2936 (π
396 2907 429 2931 de
445 2907 553 2937 Chieti),
570 2908 658 2937 quise
672 2908 700 2930 lit
713 2907 781 2931 dans
794 2907 931 2937 t'adresso,
946 2912 987 2931 ost
1001 2908 1055 2932 tri-s
1068 2910 1140 2932 vrai-

140 2951 364 2975 semblablement
378 2958 431 2975 une
446 2958 541 2975 erreur
556 2959 626 2982 pour
643 2954 797 2976 Teanensis
812 2953 853 2981 (=
868 2953 901 2977 de
917 2954 1028 2982 Teano).

1210 365 1375 399 Ceterum,
1397 366 1553 404 quosdam
1574 366 1710 396 clericos
1725 371 1755 396 et
1773 376 1873 396 unum
1887 367 2031 405 judicem
2049 368 2087 397 de
2105 368 2209 406 prodi-

1213 417 1299 446 tione
1318 418 1480 455 imperiali
1502 419 1684 456 justitiario
1705 419 1872 451 deserens.
1891 424 1921 449 et
1938 420 1970 449 id
1991 429 2047 458 per
2063 421 2209 450 duellum

1212 480 1245 499 se
1257 470 1633 508 offerensprobauit-um,
1650 472 1812 509 querulam
1826 472 2044 509 pontificalem
2060 473 2207 506 anulum,

1212 523 1338 560 gimpas
1358 527 1454 562 atque
1471 524 1565 561 pepla
1581 524 1746 560 deaurata,
1770 525 1890 563 quihus
1908 525 2034 555 nohiles
2054 525 2210 555 mulieres

1213 575 1359 612 regionis
1382 576 1473 605 illius
1498 577 1685 613 ymaginem
1707 577 1800 607 heate
1823 577 1971 614 Virginis
1999 578 2208 608 adornarant.

1213 628 1409 666 quibusdam
1431 629 1672 658 meretricibus.
1691 639 1753 667 que
1776 630 1808 658 in
1830 629 1959 659 choreis
1979 634 2007 659 et
2026 630 2211 660 inhonestis

1213 681 1300 710 ludis
1317 681 1398 719 ipsis
1417 682 1463 710 uti
1483 682 1611 719 publice
1630 691 1693 711 non
1712 687 1876 712 verentur,
1895 692 1951 720 pro
1967 692 2023 712 sua
2045 683 2211 713 voluntate

1213 734 1387 763 concessit.
1417 735 1552 772 Propter
1573 734 1657 772 quod
1685 734 1851 763 nonnulli.
1881 735 1951 773 ejus
1974 735 2120 773 exemplo
2145 745 2212 765 cor-

1214 787 1319 824 rupti.
1343 787 1706 817 assumuntmateriam
1727 787 1959 826 delinquendi.
1983 793 2013 818 et
2037 789 2152 818 exinde
2178 790 2211 818 in

1215 839 1331 877 populo
1351 839 1542 869 scandalum
1562 845 1748 877 generatur.
1769 841 1849 870 Cum
1870 841 1971 878 igitur
1990 840 2048 870 hec
2068 841 2212 880 relinqui

1215 901 1278 921 non
1297 892 1435 921 debeant
1453 893 1626 930 impunita,
1644 893 1839 922 mandamus
1861 898 2035 931 quatenus.
2055 894 2212 924 acceden-

1215 950 1263 974 tes
1282 945 1321 973 ad
1340 944 1445 973 locum
1468 949 1498 974 et
1522 945 1681 974 hahentes
1704 955 1759 983 pre
1776 945 1880 974 oculis
1903 946 2007 975 solum
2025 947 2140 976 Deum.
2161 947 2213 975 in-

1215 997 1356 1035 quiratis
1373 1006 1472 1034 super
1493 997 1665 1035 premissis
1687 997 1880 1034 diligentius
1899 998 2084 1033 veritatem,
2104 1003 2213 1037 etque

1215 1049 1431 1085 inveneritis,
1449 1049 1590 1079 fideliter
1607 1050 1794 1085 redigentes
1810 1051 1843 1079 in
1861 1050 2006 1088 scriptis,
2032 1051 2101 1088 ipsa
2119 1051 2214 1080 nohis

1216 1102 1276 1132 suh
1297 1102 1418 1140 sigillis
1444 1096 1761 1133 vestrisrcmittatis
1785 1103 1929 1133 inclusa.
1951 1108 1983 1132 ut
2002 1104 2215 1141 procedamus

1216 1156 1332 1185 exinde
1348 1161 1442 1193 prout
1459 1156 1638 1185 secundum
1650 1157 1752 1185 Deum
1768 1156 1948 1186 viderimus
1958 1157 2214 1194 procedendum

1216 1208 1405 1237 mandatum
1440 1213 1587 1237 nostrum
1617 1208 1725 1237 taliter
1751 1208 1921 1246 impleturi
1951 1208 2036 1247 [em.
2064 1218 2168 1247 usque
2196 1210 2216 1246 z]

1216 1261 1411 1290 mereamini
1439 1261 1674 1290 commendari.
1701 1261 1792 1297 Quod
1815 1261 1842 1290 si
1866 1270 1930 1290 non
1951 1270 2076 1291 omnes.
2106 1266 2140 1291 tu
2167 1271 2215 1292 ea.

1217 1315 1319 1343 frater
1344 1314 1506 1352 episcope.
1537 1319 1596 1343 etc.
1626 1315 1699 1343 Dat.
1726 1314 1880 1344 Vim-hii.
1911 1316 1960 1344 ΙΙΙ
1988 1315 2062 1344 idus
2090 1315 2215 1353 aprilis.

1217 1376 1303 1396 anno
1319 1367 1505 1397 undecimo.
1524 1379 1536 1392 n

1286 1533 1401 1560 359?
1782 1533 1914 1561 Viterbe.
1932 1535 1963 1560 11
1978 1534 2054 1561 avril
2069 1535 2147 1561 1237.

1251 1595 1481 1628 Archiepiseopo
1501 1595 1663 1626 Nazareno,
1685 1604 1738 1621 nec
1761 1604 1818 1621 non
1843 1597 1935 1622 eleeto
1960 1600 1987 1622 et
2011 1597 2218 1623 archidiacono

2107 1644 2219 1679 {Bulle-

1217 1691 1326 1718 mundo
1354 1690 1403 1725 Vl.
1434 1691 1568 1725 principe
1598 1691 1800 1724 Antiocheno,
1834 1692 2022 1724 insinuante,
2051 1694 2219 1727 pervenisse

1217 1738 1482 1774 C[onstantinum],
1500 1739 1632 1772 bajulum
1645 1740 1725 1772 regni
1739 1740 1910 1772 Armeniae,
1925 1741 2100 1767 auctoritate
2112 1741 2219 1775 prima-

1217 1788 1255 1814 tis
1279 1788 1449 1819 Armeniae,
1473 1789 1522 1821 qui
1544 1796 1557 1813 (ι
1585 1789 1745 1814 catholicos
1768 1796 1782 1813 »
1806 1792 2003 1822 nuncupatur.
2028 1788 2217 1824 [Isabella1n]‚

1217 1845 1336 1862 uxorem
1350 1836 1496 1870 quondam
1512 1835 1686 1871 Ph[ilippi].
1706 1837 1836 1869 ejusdem
1860 1837 1941 1870 regni
1960 1838 2046 1871 regis,
2064 1840 2218 1866 memorati

1217 1884 1397 1910 Antiocheni
1415 1885 1559 1918 principis
1580 1885 1727 1916 germani,
1749 1894 1780 1911 eo
1799 1886 1930 1913 vivente.
1950 1886 2077 1912 invitam
2099 1892 2126 1913 et
2143 1888 2218 1913 reni-

1218 1936 1329 1959 tentem
1345 1941 1394 1966 pro
1410 1933 1535 1965 viribus,
1551 1932 1723 1967 [Haytotii],
1741 1933 1833 1967 ipsius
1852 1932 2065 1968 Cffi‘vnstantinij
2082 1935 2152 1963 filio,
2172 1944 2219 1961 co-

1218 1982 1344 2015 pulasse,
1373 1982 1457 2010 licet.
1484 1990 1497 2007 (t
1522 1982 1703 2015 impediente
1722 1982 1808 2008 tertio
1827 1983 2093 2016 consanguinitatis
2116 1983 2217 2016 gradu,

1219 2038 1232 2055 n
1254 2030 1516 2056 matrimonialiter
1536 2030 1675 2063 conjungi
1695 2030 1897 2064 nequiverint:
1924 2034 1962 2062 et,
1988 2034 2139 2065 postquam
2168 2032 2218 2058 hu-

1217 1643 1444 1670 Sidoniensibus
1480 1643 1627 1675 significat
1669 1644 1705 1669 ad
1737 1644 1830 1677 ipsius
1865 1644 2066 1672 audientiam.

1219 2087 1232 2103 ))
1253 2079 1381 2112 jusmodi
1401 2079 1627 2105 contubernium
1645 2079 1807 2105 intervenit
1825 2088 1852 2107 n.
1879 2079 1991 2105 dictum
2019 2078 2217 2114 Ph[ilippum]

1218 2127 1254 2154 ab
1274 2128 1373 2154 eodem
1402 2127 1500 2161 bajulo
1526 2128 1615 2153 fuisse
1641 2127 1878 2161 proditionaliter
1908 2128 2113 2159 interfectum2
2142 2129 2219 2155 unde

1219 2176 1402 2210 praedictum
1426 2176 1589 2210 principem
1611 2176 1648 2202 ab
1666 2176 1728 2210 ipso
1749 2184 1822 2209 papa
1839 2184 1904 2202 cum
1926 2177 2019 2202 multa
2036 2185 2154 2210 precum
2172 2177 2218 2203 in-

1217 2225 1327 2252 stantia
1348 2226 1494 2259 postulare
1510 2228 1540 2251 nt
1559 2225 1626 2251 talis
1647 2225 1761 2258 copula,
1786 2224 1946 2250 mandante
1966 2224 2028 2258 ipso
2050 2233 2134 2258 papa,
2158 2226 2219 2252 (lis-

1216 2275 1364 2305 solvatur;
1389 2274 1430 2299 eis
1453 2273 1575 2299 mandat
1597 2276 1740 2306 quatenus
1763 2273 1797 2299 de
1819 2273 1873 2299 hae
1895 2281 1981 2299 causa
2003 2273 2166 2306 inquirant.
2187 2289 2218 2292 —

1217 2323 1303 2354 (ΗΕΘ.
1322 2322 1365 2354 18,
1381 2323 1400 2348 f.
1417 2322 1470 2348 275
1484 2326 1524 2350 ι·“;
1541 2330 1610 2347 ann.
1627 2321 1722 2353 X1,.c.
1738 2321 1794 2351 18.)

1259 2436 1270 2449 «
1297 2446 1316 2451 ..
1340 2424 1564 2460 archiepiscopo
1586 2421 1788 2461 ‚Yazarcn[o],
1813 2444 1834 2450 ..
1859 2423 1945 2451 electo
1962 2428 1988 2450 et
2014 2445 2034 2450 ..
2060 2424 2219 2452 archidia-

1217 2485 1289 2505 cono
1313 2476 1561 2513 sydoniensibus.
1589 2475 1639 2503 Ad
1665 2474 1868 2503 audientiam
1894 2479 2038 2504 nostram
2069 2493 2117 2503 —.
2144 2476 2217 2505 Dat.

1218 2529 1371 2558 Viterbii.
1394 2529 1442 2558 III
1459 2528 1533 2557 idus
1550 2527 1675 2565 aprilis.
1697 2536 1783 2556 anno
1801 2527 1985 2556 undecimo.
2007 2540 2018 2553 »

1291 2693 1408 2720 3598

1257 2756 1400 2790 Episcopo
1416 2754 1618 2782 olomucensi.
1636 2754 1684 2787 qui
1701 2753 1730 2779 in
1749 2752 1917 2786 patentibus
1932 2752 2039 2778 litteris
2051 2752 2086 2778 ad
2104 2753 2219 2778 uuiver-

1785 2691 1916 2718 Viterbe.
1933 2691 1966 2716 12
1979 2691 2054 2717 avril
2070 2691 2146 2717 1237.

1221 2813 1265 2831 sos
1282 2804 1394 2831 Christi
1410 2803 1508 2829 fideles
1524 2803 1601 2828 datis
1617 2802 1731 2827 dixerat
1755 2809 1807 2826 nec
1828 2801 1944 2826 beatum
1960 2801 2148 2826 Franciscum
2168 2809 2219 2826 nec

1222 2855 1389 2879 sanctorum
1404 2852 1532 2885 aliquem
1552 2859 1617 2876 cum
1635 2849 1824 2881 stigmatibus
1840 2857 1900 2874 esse
1914 2848 1944 2873 in
1961 2848 2082 2874 eeclesia
2100 2849 2152 2874 Dei
2169 2848 2219 2874 de-

1223 2901 1420 2935 pingendum,
1437 2905 1465 2925 et
1482 2907 1600 2933 peccare
1619 2898 1668 2931 qui
1687 2897 1865 2923 eontrarium
1883 2900 2006 2924 asserat.
2027 2905 2078 2921 nec
2095 2896 2139 2922 illi
2157 2902 2206 2922 tan

1224 2957 1310 2983 quam
1341 2948 1464 2975 inimico
1494 2947 1560 2973 fidei
1587 2946 1791 2973 credulitatem
1820 2944 1953 2970 adhiberi
1986 2945 2075 2970 ullam
2104 2944 2216 2971 debere.
