2423 3487
225 282 282 311 1823
946 276 1183 307 REGISTRES
1207 275 1261 303 DE
1284 268 1505 305 Gnssooins
1530 276 1587 305 tx.
2261 276 2316 306 134

226 348 394 380 inherens,
406 345 585 383 juramenti
602 344 762 380 religione
779 347 974 380 contempta,
989 341 1226 371 contumaciter

226 409 244 428 a
270 402 380 427 nostra
408 397 572 434 presentia
603 396 749 425 recessit.
782 395 876 425 Unde
905 404 981 423 nos.
1012 399 1077 423 tam
1104 397 1224 425 notam,

226 451 325 479 immo
352 449 528 482 notoriam,
557 449 693 486 predicti
718 448 868 485 Hugonis
885 449 906 477 ¹.
928 447 1068 484 duplicis
1090 445 1226 484 perjurii

226 506 318 532 reatu
342 501 460 535 notati,
478 500 638 529 malitiam
659 504 864 538 nequeuntes
887 500 1027 529 ulterius
1049 498 1109 527 sub
1128 497 1227 526 dissi-

226 554 406 584 mulatione
425 553 581 587 transire,
600 553 634 581 in
656 562 728 582 eum
749 553 829 582 etin
852 562 965 582 omnes
988 552 1021 580 in
1045 551 1104 579 hoc
1127 551 1227 580 adlte-

227 611 337 637 rentes
354 607 470 636 eidem,
489 605 839 634 1=xcom1nu11trationis
856 605 1054 634 sententiam
1074 603 1227 632 duximus

227 658 508 698 pronmlgandam,
525 658 554 687 ei
572 662 601 687 et
618 658 675 686 toti
692 657 816 687 familie
829 667 886 687 sue
900 656 1136 685 interdicentes
1153 664 1227 693 que-

227 712 304 741 libet
325 711 546 741 ecclesiastica
564 715 768 739 sacramenta
782 720 787 744 ς
806 710 851 739 ita
865 709 951 747 quod
966 718 1023 738 nec
1038 708 1114 746 ipsi,
1130 708 1228 737 etiam

228 764 262 793 in
285 764 398 793 mortis
420 763 569 797 articulo,
590 763 772 800 penitentia
791 762 965 796 tribuatur,
990 761 1055 790 nisi
1078 761 1169 799 prius
1192 760 1230 788 de

228 816 370 854 parendo
392 816 555 845 mandatis
579 816 701 844 nostris
722 815 873 844 idoneam
900 814 1081 852 prestiterit
1106 814 1232 842 cautio-

229 878 303 898 nem
320 873 347 897 et
369 868 568 898 satisfecerit
581 868 672 906 juxta
693 877 804 905 posse:
829 871 857 896 et
876 871 953 896 tunc
969 867 1085 900 etiam,
1108 866 1232 904 alisque

229 921 364 959 speciali
391 921 543 949 mandato
566 925 688 950 nostro.
717 921 751 949 in
779 920 1046 950 Christianorum
1069 920 1232 949 cimiterio

229 974 419 1004 nullatenus
437 973 631 1003 tumuletur:
653 973 769 1003 exinde
788 973 893 1011 ipsius
910 982 1055 1011 corpore.
1074 973 1101 1002 si
1120 976 1234 1001 contra

229 1027 352 1056 factum
377 1027 494 1060 suerit,
518 1026 736 1059 extrahendo,
756 1031 786 1055 et
809 1026 962 1064 prelatis,
987 1025 1181 1064 presbiteris
1204 1029 1234 1054 et

229 1080 360 1110 clericis
384 1079 457 1117 qui,
485 1084 598 1109 contra
622 1079 835 1109 interdictum
861 1079 1068 1118 hujusmodi,
1097 1087 1170 1108 eum
1195 1079 1235 1108 ad

231 1133 364 1172 aliquod
386 1133 606 1171 predictorum
631 1132 842 1167 admiserint,
861 1137 1051 1171 perpetuam
1073 1132 1112 1161 ab
1129 1132 1235 1161 officio

231 1191 262 1216 et
279 1186 439 1215 beneficio
456 1185 651 1223 privationis
671 1185 868 1215 sententiam
888 1185 1086 1214 incursui-is.
1108 1184 1156 1214 Ad
1176 1184 1236 1214 hec

233 1239 410 1268 statuimus
427 1243 461 1267 ut
480 1247 593 1267 omnes
616 1238 795 1273 sententie,
817 1238 955 1267 arbitria
974 1242 1004 1267 et
1021 1242 1143 1267 statuta
1160 1246 1234 1276 que,

233 1301 251 1321 a
270 1296 412 1329 tempore
429 1291 492 1321 late
512 1291 545 1319 in
565 1291 673 1328 ipsum
691 1291 1042 1320 exconununicationis
1059 1290 1235 1325 sententie,

233 1344 454 1383 promulgarit
482 1348 535 1373 aut
565 1344 599 1372 in
633 1348 798 1381 posterum
830 1344 959 1373 duxerit
985 1343 1235 1381 promulganda,

234 1398 301 1427 sint
323 1397 417 1426 irrita
440 1397 509 1434 ipso
532 1397 618 1435 jure.
645 1397 976 1426 Excommunicamus
1002 1397 1100 1426 etiam
1123 1405 1238 1426 omnes

230 1451 359 1489 judiees
372 1454 401 1479 et
419 1449 622 1484 tabellionesy
639 1449 694 1487 qui
710 1449 749 1478 ad
765 1449 957 1478 mandatum
970 1450 1040 1488 ejus
1055 1450 1238 1479 sententias

235 1503 432 1533 dictaverint
443 1502 494 1532 vel
506 1502 706 1532 confecerint
718 1502 950 1537 instrumenta,
963 1502 1239 1541 etofficiojudica-

235 1560 287 1586 tus
305 1560 335 1585 et
351 1555 584 1585 tabellionatus
602 1555 707 1584 sciant
725 1564 758 1584 se
772 1554 1010 1584 nichilominus
1025 1556 1094 1584 fore
1110 1555 1239 1593 privan-

237 1610 305 1638 dos.
317 1608 502 1638 Predictum
514 1617 643 1646 quoque
656 1603 849 1645 Hugonem²
860 1608 989 1643 castris,
1004 1607 1104 1643 villis,
1118 1608 1238 1643 feudis,

236 1661 408 1692 beneficiis
433 1665 461 1690 et
481 1661 634 1690 omnibus
657 1661 787 1700 [bonis]
806 1661 834 1690 si
858 1670 922 1699 qua
945 1666 1031 1691 tenet
1051 1671 1069 1691 a
1093 1663 1241 1691 Romana,

238 1720 269 1744 et
295 1714 369 1743 aliis
395 1714 555 1743 ecclesiis.
579 1713 629 1743 vel
656 1714 867 1743 monasteriis
894 1723 952 1743 seu
976 1714 1241 1753 quibuscumque

237 1767 318 1796 locis
342 1766 518 1804 religiosis,
544 1767 677 1796 omnino
702 1767 880 1804 privantes,
905 1771 936 1796 et
957 1776 1070 1797 omnesv
1088 1767 1164 1797 illos
1185 1768 1242 1806 qui

237 1820 289 1850 vel
303 1820 340 1850 de
354 1820 520 1858 sequendo
534 1820 652 1857 ipsum,
668 1821 795 1849 ratione
807 1820 996 1858 potestarie,
1010 1820 1060 1850 vel
1074 1820 1243 1850 fidelitatis

234 1873 421 1911 juramenta
439 1873 651 1910 prestiterunt
667 1874 783 1908 eidem,
798 1874 837 1902 ab
850 1874 996 1911 ipsorum
1013 1874 1243 1904 observatione

239 1926 473 1955 denuntiantes
496 1926 626 1963 penitus
651 1926 833 1960 absolutos,
859 1927 960 1956 donec
984 1927 1023 1956 ad
1051 1927 1243 1956 mandatum

239 1979 384 2009 Ecclesie
401 1984 594 2008 revertatur.
613 1988 686 2008 cum
703 1979 850 2008 divinam
865 1980 1084 2010 reverentiam
1102 1984 1131 2009 et
1149 1989 1245 2018 apos-

240 2032 336 2062 tolica
358 2037 509 2069 precepta
528 2032 783 2070 dampnabiliter
807 2033 1053 2071 contempnenti
1077 2033 1157 2063 fides
1180 2042 1243 2063 non

240 2085 353 2115 debeat
371 2084 554 2117 observari,
573 2085 758 2115 districtius
777 2085 969 2115 inhibemus
991 2094 1031 2115 ne
1052 2086 1086 2114 in
1104 2086 1245 2125 alicujus

240 2138 395 2167 civitatis.
414 2137 463 2167 rel
481 2138 592 2167 castri.
609 2142 664 2167 aut
679 2138 766 2173 ville,
786 2147 843 2167 seu
858 2139 1096 2177 cujuscumque
1109 2138 1173 2168 loci
1189 2148 1246 2177 po-

242 2194 391 2219 testatem
420 2190 469 2219 vel
496 2195 657 2219 rectorem
685 2191 722 2219 de
749 2195 856 2220 cetero
886 2191 1044 2228 eligatur,
1073 2192 1246 2221 statuendo

242 2243 327 2281 quod
351 2243 518 2277 electores,
542 2243 612 2281 ipso
635 2244 736 2278 facto,
761 2244 961 2273 sententiam
982 2245 1246 2274 exeommunica-

242 2296 342 2325 tionis
358 2296 540 2331 incurrant,
559 2300 589 2325 et
606 2296 696 2326 locus
713 2297 747 2325 in
765 2306 828 2334 quo
846 2300 996 2334 receptus
1012 2297 1125 2333 fucrit,
1143 2297 1248 2328 cccle-

243 2348 376 2378 siastico
400 2349 566 2386 sul‘tjaeeat
591 2349 777 2378 interdicto.
801 2350 845 2379 Ut
866 2349 968 2386 igitur
991 2349 1043 2378 vel
1066 2349 1112 2379 sie
1132 2350 1248 2380 saltem

243 2399 335 2429 illius
358 2401 459 2430 facies
478 2401 663 2438 ignominia
680 2400 884 2438 repleatur³,
911 2405 941 2431 et
965 2401 1022 2430 alii
1044 2402 1082 2431 de
1104 2406 1212 2432 cetero
1231 2412 1249 2432 a

245 2452 410 2482 similibus
445 2457 635 2488 arceantur,
669 2454 873 2483 fraternitati
901 2458 954 2484 tue
983 2463 1040 2492 per
1071 2455 1249 2493 apostolica

246 2505 391 2544 [scripta]
407 2506 555 2535 districte
569 2506 780 2544 precipiendo
793 2507 988 2536 mandamus
1001 2513 1164 2546 quatenus
1181 2518 1249 2547 pre-

245 2559 330 2588 dicta
348 2559 456 2588 omnia
475 2560 509 2588 in
532 2559 753 2598 Tudertin[a],
775 2560 963 2598 Perusin[a]
984 2565 1014 2590 et
1036 2561 1111 2591 aliis
1134 2562 1251 2591 civita-

248 2611 335 2641 tibus
367 2615 397 2641 et
425 2612 610 2642 diocesiltus
639 2612 760 2642 vicinis
791 2612 1018 2651 sollempniter
1045 2614 1192 2651 publices
1221 2619 1251 2644 et

247 2665 365 2701 facias,
386 2666 579 2695 auctoritate
599 2670 721 2701 nostra,
741 2666 892 2696 submoto
913 2666 1090 2705 cujuslibet
1107 2668 1251 2706 appella-

246 2717 347 2747 tionis
364 2722 394 2748 et
407 2718 610 2748 difficultatis
622 2718 802 2754 obstaculo,
816 2727 922 2757 usque
936 2719 976 2748 ad
990 2719 1252 2750 satisfactionem

281 2843 300 2866 1.
317 2843 391 2867 Pour
407 2846 558 2873 magelin&
574 2852 661 2875 voyez
680 2845 741 2875 plus
758 2845 832 2868 haut.

278 2886 300 2910 2.
318 2886 391 2909 Pour
407 2889 599 2917 Huyoliuum;
615 2896 702 2919 voyez
720 2889 780 2919 plus
797 2889 870 2913 haut.

279 2929 300 2954 3.
319 2930 360 2953 Cf.
378 2930 458 2954 PSAL.
476 2931 611 2961 LXXXII,
630 2932 665 2956 17.

1310 340 1507 377 condignam
1534 340 1773 370 inviolabiliter
1803 340 1982 370 observari.
2016 340 2089 369 Dat.
2117 340 2314 380 Fuligin[ii],

1310 394 1342 422 II
1360 402 1463 422 nonas
1479 393 1634 428 octobris,
1653 401 1739 421 anno
1756 401 1851 422 nono.
1874 404 1886 418 »

1345 516 1448 540 28⁰2.
1465 529 1491 533 —
1510 514 1542 539 In
1559 512 1685 539 eundem
1702 512 1821 538 modum
1837 532 1854 538 ..
1872 512 1990 544 episcopo
2008 512 2165 538 Tudertino.

1347 564 1450 588 2803.
1468 578 1495 582 —
1510 562 1542 588 111
1559 560 1684 587 eundem
1703 560 1821 586 niodum
1840 581 1857 586 ..
1875 561 1993 593 episcopo
2008 560 2171 586 Narniensi.

1385 753 1505 781 2804
1861 753 1993 787 Fotigno,
2010 754 2026 780 6
2041 753 2158 780 octobre
2171 754 2248 781 1235.

1348 815 1579 849 Archiepiseopo
1596 815 1715 847 Pisano,
1733 815 1793 849 qui,
1812 823 1864 841 nec
1878 815 1971 849 petita
1986 824 2039 842 nec
2055 815 2175 842 obtenta
2188 816 2320 850 licentia,

1316 864 1487 891 Sardiniam
1511 866 1653 898 tanquam
1676 864 1865 898 Apostolicae
1891 864 1976 891 Sedis
2003 865 2116 897 legatus
2142 864 2321 898 intraverat,

1315 912 1438 939 mandat
1455 914 1600 946 quatenus
1616 912 1651 938 de
1667 915 1762 939 cetero
1778 913 1948 939 nullatenus
1965 913 1995 938 in
2013 912 2153 939 Sardinia
2169 913 2324 947 legationis

1315 961 1444 988 officium
1473 964 1621 994 exerceat,
1648 961 1706 987 nisi
1731 970 1748 987 a
1773 961 1849 988 Sede
1871 961 2042 995 Apostolica
2067 961 2220 988 licentiam
2245 961 2323 989 obti-

1317 1010 1415 1036 nuerit
1431 1009 1600 1043 specialem.
1619 1024 1650 1027 —
1672 1010 1758 1041 (nm.
1776 1009 1820 1042 18,
1843 1010 1862 1036 f.
1879 1010 1913 1036 79
1931 1013 1969 1041 1‘⁰;
1991 1018 2059 1036 ann.
2083 1010 2140 1042 IX,
2158 1018 2182 1036 c.
2201 1009 2269 1042 256;
2291 1025 2324 1029 —

1318 1059 1475 1086 POTTHAST
1490 1057 1600 1089 10030.)

1361 1172 1374 1186 a
1406 1182 1425 1188 ..
1454 1160 1681 1197 archiepiscopo
1703 1160 1826 1188 Pisano.
1856 1159 1890 1189 si
1916 1162 1972 1188 tua
1995 1159 2150 1188 discretio
2175 1176 2223 1187 ——.
2252 1159 2325 1188 Dat.

1319 1211 1519 1250 Fuligin[ii],
1538 1213 1570 1242 ΙΙ
1589 1220 1692 1241 nonas
1709 1211 1864 1246 octobris,
1881 1220 1967 1241 anno
1987 1220 2084 1241 nono.
2105 1224 2117 1237 »

1394 1404 1516 1432 2805

1358 1467 1431 1501 Regi
1451 1467 1617 1499 Navarrae,
1640 1466 1742 1493 comiti
1765 1466 1957 1501 Campaniae,
1979 1466 2043 1500 qui,
2066 1465 2160 1493 crucis
2181 1467 2330 1500 assumpto

1322 1516 1489 1550 signaculo,
1508 1516 1539 1542 in
1556 1515 1662 1542 Terrae
1683 1516 1810 1542 Sanctae
1833 1523 2004 1542 succursum
2028 1516 2216 1549 proposuerat
2234 1516 2331 1541 trans-

1323 1566 1440 1596 fretare,
1455 1564 1590 1591 concedit
1611 1572 1646 1590 ne
1663 1563 1728 1598 quis
1746 1563 1777 1590 in
1792 1571 1946 1597 personam
1965 1564 2027 1597 ejus
2048 1562 2332 1590 excommunicatio-

1323 1613 1370 1640 nis
1386 1616 1413 1640 et
1430 1613 1460 1639 in
1475 1616 1583 1639 terram
1601 1612 1754 1639 interdicti
1769 1612 1932 1639 sententias
1945 1613 2043 1639 valeat
2057 1612 2251 1646 promulgare,
2265 1611 2332 1638 abs-

1324 1671 1379 1697 que
1402 1662 1542 1689 mandato
1569 1661 1654 1689 Sedis
1678 1662 1866 1696 Apostolicae
1891 1661 2028 1696 speciali,
2057 1662 2149 1688 donec
2175 1661 2210 1688 de
2238 1660 2332 1696 ipsius

1851 1404 1982 1438 Foligno,
1999 1403 2033 1430 10
2048 1403 2164 1430 octobre
2178 1403 2258 1430 1235.

1324 1712 1422 1739 reditu
1437 1713 1485 1738 vel
1506 1711 1588 1738 obitu
1611 1711 1776 1738 certissime
1797 1713 1997 1745 cognoscatur,
2021 1711 2091 1737 dum
2114 1713 2214 1738 tamen
2235 1717 2332 1737 eoram

1325 1760 1505 1794 Lingonensi
1520 1762 1548 1787 et
1562 1759 1724 1786 Parisiensi
1741 1759 1896 1793 episcopis,
1913 1759 2007 1794 ipsius
2018 1758 2210 1791 dioecesanis,
2224 1759 2272 1785 vel
2286 1766 2334 1785 eo-

1325 1818 1390 1836 rum
1407 1809 1513 1841 altero,
1531 1808 1569 1835 sit
1588 1811 1706 1842 paratus
1725 1808 1760 1834 de
1776 1808 1838 1842 ipso
1859 1808 2104 1842 conquerentibus
2119 1807 2267 1841 justitiam
2283 1814 2335 1834 ex-

1326 1857 1436 1884 hibere.
1451 1872 1482 1874 —
1495 1857 1581 1889 (Rae.
1595 1856 1638 1885 18.
1657 1857 1676 1883 f.
1691 1856 1725 1883 79
1737 1860 1776 1889 ¹²⁰³
1791 1865 1861 1883 ann.
1878 1856 1930 1889 IX,
1944 1865 1967 1882 c.
1983 1856 2050 1888 257;
2064 1871 2096 1874 —
2107 1856 2240 1883 MonEAu
2254 1855 2334 1889 1190,

1327 1907 1346 1932 f.
1364 1906 1438 1937 153.)

1369 2020 1381 2033 <‹
1415 2030 1434 2035 ..
1462 2008 1579 2036 illustri
1599 2007 1664 2043 rcqi
1686 2008 1840 2041 Navarra,
1867 2006 1972 2035 comiti
1995 2006 2172 2043 Campant'e.
2200 2004 2256 2034 Eis
2279 2003 2336 2043 qui

1328 2061 1423 2098 signo
1453 2078 1501 2089 κ.
1532 2061 1603 2089 Dat.
1638 2059 1841 2097 Fuligin[ii],
1875 2059 1921 2089 VI
1951 2058 2026 2088 idus
2059 2057 2217 2093 octobris,
2250 2065 2336 2087 anno

1329 2124 1426 2144 DOHO.
1448 2126 1459 2140 a

1402 2307 1522 2336 280ss
1861 2306 1993 2340 Foligno,
2007 2306 2042 2333 10
2056 2306 2172 2333 octobre
2187 2305 2265 2332 1235.

1367 2370 1410 2396 De
1424 2369 1562 2397 Cliiziaco
1576 2371 1602 2395 et
1619 2369 1717 2395 Vallis
1732 2369 1867 2395 Secretae
1881 2368 2036 2395 abbatibus
2050 2368 2085 2395 de
2103 2367 2204 2395 eadem
2221 2375 2251 2394 re
2266 2366 2339 2394 scri-

1332 2421 1414 2453 bens,
1428 2420 1550 2447 mandat
1566 2422 1720 2454 quatenus,
1733 2419 1786 2446 sub
1802 2419 1953 2453 praedicta
1968 2418 2150 2450 condicione,
2165 2417 2338 2451 sementim,

1332 2469 1357 2496 si
1383 2477 1464 2502 quas,
1489 2471 1590 2495 contra
1614 2468 1698 2495 illam
1726 2467 1959 2499 concessionem,
1983 2467 2014 2493 in
2039 2467 2175 2493 eumdem
2201 2466 2339 2493 comitem

1333 2519 1380 2544 vel
1395 2520 1503 2544 terram
1518 2517 1580 2551 ejus
1595 2516 1751 2550 contigerit
1764 2515 1954 2550 promulgari,
1965 2515 2142 2542 denuntient
2154 2515 2271 2550 penitus
2282 2522 2340 2542 non

1333 2569 1442 2593 tenere.
1458 2581 1489 2583 —
1505 2566 1592 2597 (Hm.
1607 2565 1650 2598 18,
1666 2566 1686 2591 f.
1698 2565 1781 2596 791·⁰;
1794 2573 1863 2591 ann.
1878 2565 1930 2596 tx,
1943 2572 1967 2590 c.
1979 2563 2045 2596 25&
2064 2579 2095 2582 —
2112 2564 2244 2592 MOREAU
2261 2562 2340 2596 1190,

1334 2615 1354 2641 f.
1372 2614 1447 2645 154.)

1377 2727 1389 2741 (ς
1416 2738 1435 2743 ..
1461 2715 1494 2744 de
1517 2715 1660 2745 Chiziaco
1681 2719 1707 2743 et
1730 2737 1749 2742 ..
1776 2715 1867 2744 Vallis
1885 2715 1999 2744 Secrete
2019 2715 2191 2749 abbatibus,
2207 2713 2344 2744 Suessio-

1335 2769 1438 2797 nensis
1453 2768 1586 2797 diocesis.
1608 2767 1691 2798 Cum
1713 2767 1908 2797 carissimus
1928 2767 1963 2796 in
1983 2784 2031 2796 ——.
2053 2767 2125 2796 Dat.
2144 2770 2180 2796 ut
2197 2775 2308 2805 supra.
2326 2777 2340 2793 n

1371 2878 1474 2914 25⁰⁷.
1492 2903 1520 2907 —
1536 2887 1568 2913 In
1583 2886 1709 2913 eundem
1724 2885 1844 2912 modum
1858 2906 1875 2912 ..
1889 2886 1981 2911 abbati
1993 2888 2017 2911 et
2034 2905 2051 2911 ..
2063 2886 2155 2918 priori
2169 2885 2266 2912 Sancti
2281 2885 2344 2912 Dio-

1336 2934 1405 2959 nisz'z'
1420 2935 1450 2959 in
1470 2935 1599 2967 Francia,
1616 2934 1781 2960 parisiensis
1793 2933 1918 2967 diocesis,
1937 2942 1987 2968 pro
2008 2934 2100 2962 nobili
2121 2934 2185 2962 viro
2202 2955 2219 2961 ..
2237 2933 2344 2961 comite
