2519 3518
154 312 210 343 697
1007 305 1196 343 oN'zutME
1219 306 1377 342 ANNEE.
2176 316 2233 346 698

155 379 241 409 veris
257 379 423 416 indigere,
445 379 604 409 concedas
621 379 668 409 eis
685 384 720 409 ut
736 384 905 409 assumant
926 389 1036 414 unam,
1057 388 1152 418 quarn

154 431 260 469 magis
277 431 448 469 elegerint,
465 432 503 462 de
523 432 740 470 religionibus
756 433 956 471 approbatis.
974 432 1153 462 secundum

155 484 260 522 ipsius
275 484 420 521 regulam
436 484 630 514 famulatum
645 485 791 514 debitum
806 485 945 515 Domino
958 484 1153 523 impensuri,

155 537 310 575 ipsosque
326 536 366 566 ad
381 537 644 567 observationem
660 537 765 576 ipsius
781 537 986 576 postmodum
1004 546 1061 575 per
1079 545 1156 566 cen—

155 598 265 619 suram
285 589 553 619 ecclesiasticam.
574 590 792 628 appellatione
810 594 948 624 remota,
967 588 1154 628 compellas.

156 643 229 672 Dat.
246 642 399 676 Viterbii,
416 643 460 672 vt
477 642 634 672 kalendas
649 642 737 681 julii,
756 651 842 672 anno
858 642 1042 672 undecimo.
1062 655 1074 668 »

229 826 346 854 3233

193 888 349 915 willelmo
365 888 486 920 Assalit,
503 888 553 914 w.
570 888 606 914 de
619 888 762 914 Arcliiaco
778 892 805 914 ct
821 888 926 914 Pontio
938 889 974 914 de
991 889 1093 919 Ponte,
1111 896 1156 914 ca-

158 937 273 963 nonicis
287 937 555 965 Xanctoncnsibus.
571 937 691 963 mandat
705 939 848 970 quatenus
861 937 1018 970 quamdam
1035 944 1154 970 pravam

158 986 400 1012 consuetudinem
424 988 452 1012 et
473 985 530 1019 juri
554 985 748 1015 contrariam,
774 994 828 1019 qua
850 986 963 1019 judices
986 985 1155 1012 monasterii

160 1036 286 1061 Sanctae
306 1034 420 1061 Mariae
441 1034 668 1063 Xanctonensis,
689 1034 802 1060 ordinis
823 1034 917 1060 sancti
942 1034 1106 1063 Benedicti.
1128 1036 1156 1060 et

158 1082 339 1116 prioratuum
352 1082 445 1109 cidem
460 1082 636 1109 monasterio
647 1082 856 1115 subjectorum,
870 1082 897 1108 in
911 1082 1006 1108 causis
1017 1082 1157 1108 civilibus

159 1131 311 1157 hominum
336 1133 428 1158 terrae
452 1131 592 1164 praedicti
619 1131 803 1161 monasterii,
828 1139 841 1156 «
866 1139 917 1156 nec
937 1134 1032 1164 partes
1054 1131 1089 1156 de
1109 1139 1157 1157 ca-

159 1187 172 1205 »
190 1179 324 1213 lumpnia
339 1179 368 1205 in
383 1179 477 1205 causis
493 1179 660 1212 hujusmodi
676 1187 727 1204 nec
743 1182 829 1205 testes
844 1182 997 1212 prestare»
1011 1178 1157 1205 faciebant

158 1236 172 1253 «
188 1228 388 1261 juramentum
407 1235 431 1258 »‚
450 1227 478 1253 in
496 1227 614 1254 irritum
632 1230 777 1253 revocent.
797 1241 826 1244 —
844 1227 929 1258 (usa.
948 1227 990 1253 18.
1009 1228 1028 1253 f.
1046 1226 1096 1253 303
1113 1229 1156 1257 v·;

157 1284 226 1302 ann.
246 1276 297 1307 XI,
314 1284 338 1302 c.
356 1276 429 1306 1⁴17.)

723 827 859 854 Viterbe.
875 827 909 853 ⁴25
924 827 987 860 juin
1005 827 1082 853 1237.

200 1388 212 1402 «
245 1377 388 1405 tt‘illelmo
408 1377 529 1405 Assalit.
556 1376 594 1404 W.
617 1376 651 1404 de
669 1376 816 1404 Archiaco
838 1380 863 1404 el
881 1376 986 1404 Pontio
1004 1375 1037 1403 de
1056 1376 1157 1408 Ponte,

157 1430 312 1458 canonicis
328 1429 592 1457 ,xanctonensibus
611 1427 770 1457 Homines
792 1431 877 1457 terre
898 1427 1090 1457 monasterii
1108 1445 1156 1456 -.

159 1481 232 1510 Dat.
251 1480 405 1515 Viterbii,
423 1481 486 1510 VII
502 1480 660 1510 kalendas
675 1479 763 1518 julii,
783 1488 869 1509 anno
884 1479 1068 1509 undecimo.
1092 1492 1104 1505 »

230 1671 348 1698 3264

196 1732 310 1765 Ottoni,
329 1732 431 1759 Sancti
448 1733 563 1759 Nicolai
583 1733 611 1758 in
629 1732 750 1760 Carcere
766 1733 903 1759 Tulliano
923 1733 1045 1760 diacono
1063 1734 1159 1760 cardi-

160 1781 232 1814 nali,
248 1781 435 1815 Apostolicae
457 1781 542 1807 Sedis
563 1782 671 1813 legato,
691 1781 812 1808 mandat
831 1785 974 1815 quatenus
992 1791 1157 1816 processum

737 1671 868 1701 Viterbe.
882 1671 916 1698 ‘22
930 1672 995 1705 juin
1010 1672 1087 1698 1237.

160 1829 265 1864 prioris
276 1830 312 1856 de
324 1831 471 1868 Boltonet
485 1830 546 1863 ejus
560 1830 747 1863 conjudicum
761 1830 790 1856 in
804 1839 890 1856 causa
902 1831 979 1857 inter
990 1831 1158 1865 episcopum

160 1878 411 1909 Lincolniensmn,
428 1886 462 1904 ex
477 1880 558 1911 parte
573 1886 641 1909 una,
658 1881 686 1904 et
702 1877 827 1911 priorem
846 1879 1015 1905 monasterii
1034 1881 1160 1905 Sanctae

165 1926 363 1953 Frideswidae
374 1948 380 1958 ,
409 1926 626 1952 Lincolniensis
652 1926 793 1952 dioecesis
805 1948 811 1955 ,
837 1926 873 1952 ab
898 1927 997 1953 eodem
1026 1928 1160 1961 episcopo

159 1979 301 2007 amotum,
316 1983 351 2001 ex
365 1976 467 2006 altera,
480 1977 590 2004 exorta,
607 1974 722 2000 irritum
740 1974 866 2006 nuntiet,
879 1978 906 2000 et
918 1975 1031 2001 eosdem
1047 1976 1159 2008 judices

159 2032 313 2058 suspensos
327 2024 486 2057 compellat
500 2027 531 2049 ut
545 2023 579 2049 ad
596 2023 688 2057 ipsius
705 2031 795 2057 papae.
813 2024 1006 2057 praesentiam
1026 2025 1158 2057 veniant,

161 2079 210 2106 pro
225 2072 338 2098 meritis
353 2071 507 2105 recepturi.
526 2086 557 2089 —
574 2071 718 2101 (l{1‹:‹;.18,
735 2072 753 2097 f.
769 2071 819 2097 303
834 2074 878 2101 v0:
893 2080 962 2098 ann.
979 2072 1030 2100 XI.
1045 2082 1069 2098 c.
1086 2073 1159 2104 148.)

203 2186 215 2200 ιι
242 2172 378 2212 Ο[ιιοηὶ],
405 2174 510 2202 Sancti
533 2173 651 2201 Nicolai
676 2173 707 2200 in
729 2172 851 2201 Carcere
875 2173 1016 2201 Tulliano
1035 2173 1160 2202 diacono

161 2226 328 2260 cardinali,
352 2225 516 2262 Apostolice
539 2225 623 2253 Sedis
647 2225 750 2261 leqato.
778 2225 822 2253 Ex
847 2229 938 2262 parte
962 2225 1160 2255 venerahilis

162 2278 275 2308 fratris
292 2277 395 2307 nostri
414 2300 433 2306 ..
453 2276 696 2307 Lincolniensis
717 2277 860 2314 episcopi
877 2277 940 2306 suit
959 2278 1159 2315 propositum

162 2339 272 2361 coram
296 2330 391 2360 nobis
410 2329 508 2368 quod.
532 2338 617 2364 cum,
638 2329 678 2358 ad
703 2329 876 2367 repetitum
894 2338 969 2367 sepe
985 2329 1160 2360 clamorem

162 2388 344 2414 conventus
360 2382 553 2412 monasterii
569 2383 687 2412 Sancte
704 2382 991 2416 F1·ideswide,sue
1007 2383 1159 2413 diocesis.

163 2437 201 2467 de
220 2436 463 2466 incontinentia
479 2439 508 2465 et
526 2434 601 2464 aliis
621 2434 809 2464 excessibus
829 2458 847 2463 ..
866 2435 985 2472 prioris
1002 2436 1159 2474 ejusdem.

163 2489 219 2528 qui
237 2489 274 2519 de
293 2488 405 2517 multis
424 2492 454 2517 et
471 2487 626 2525 gravibus
651 2487 757 2516 suerat
775 2487 966 2521 infamatus,
987 2488 1162 2526 diligenter

164 2542 348 2580 inquirens,
369 2541 477 2579 ipsum
494 2540 534 2570 al)
555 2540 662 2569 officio
685 2540 865 2577 prioratus,
887 2540 956 2569 suis
973 2540 1078 2578 culpis
1095 2541 1161 2570 exi-

163 2594 333 2632 gentibus,
363 2603 419 2632 per
444 2593 655 2622 diffinitivam
682 2592 880 2621 sententiam
911 2593 1102 2623 amovisset.
1133 2599 1162 2624 et

163 2647 228 2683 ille,
249 2655 433 2685 proponens
450 2655 484 2675 se
502 2645 541 2675 al)
558 2645 671 2675 eadem
687 2645 851 2674 sententia
868 2645 984 2675 Sedem
999 2645 1163 2684 Apostoli-

163 2709 235 2730 cam
263 2699 456 2737 appellasse,
485 2707 521 2728 ac
548 2697 672 2727 nullam
702 2697 828 2726 faciens
853 2697 892 2727 de
921 2697 1163 2727 incontinentia

165 2751 377 2782 mentionem,
399 2756 528 2781 nostras
547 2750 586 2780 ad
605 2773 624 2778 ..
643 2750 785 2788 priorem
803 2750 841 2779 de
858 2749 984 2779 Bolton.
1005 2754 1035 2779 et
1051 2750 1163 2789 conju-

164 2805 253 2835 dices
270 2813 358 2839 suos,
379 2803 597 2834 Ehoracensis
620 2802 777 2837 diocesis,
799 2802 1007 2840 impetrasset
1023 2802 1162 2833 litteras.

166 2857 373 2887 continentes
398 2861 444 2891 ut,
462 2856 496 2885 in
514 2855 746 2894 appellationis
767 2864 864 2885 causa
883 2855 1029 2893 legitime
1052 2864 1164 2893 proce-

166 2910 291 2945 dentes,
309 2910 542 2939 confirmarent
554 2908 605 2938 vel
623 2908 830 2938 infirmarent
847 2908 1057 2943 sententiam,
1070 2913 1165 2946 prout

166 2962 294 2996 iustitia
313 2962 465 2992 suaderet
492 2971 498 2990 :
523 2961 624 2991 iidem
649 2960 786 2996 iudices.
815 2970 878 2990 non
907 2961 1052 2990 contenti
1079 2961 1166 2999 quod

1238 379 1414 416 predictam
1431 381 1628 410 sententiam
1646 390 1813 419 perperam
1833 381 2053 411 infirmarunt.
2072 382 2127 411 sed
2144 391 2233 412 man—

1236 431 1302 460 dati
1329 432 1410 461 fines
1438 432 1675 463 nichilominus
1698 434 1907 463 excedentes.
1931 435 2231 473 ips11n1¹.t·01-r11pti

1237 493 1293 521 pcr
1320 484 1449 519 sordes,
1479 485 1512 514 in
1544 490 1674 514 centum
1705 491 1735 515 ct
1765 486 1981 524 quadraginta
2008 487 2145 518 marcis.
2177 496 2233 525 pro

1237 536 1388 574 dampnis
1408 541 1439 566 et
1461 537 1613 575 expensis
1639 547 1720 576 quas
1744 538 1828 567 idem
1850 543 1977 568 amotus
2004 538 2036 567 in
2058 539 2113 568 lin.-
2131 548 2163 568 se
2185 540 2233 569 ss:-

1237 589 1321 619 cisse
1344 590 1497 620 asseruit.
1516 590 1809 628 condeu‘ipnarunt.
1828 591 1888 619 sul·
1906 601 1987 628 pena
2004 592 2233 629 suspensionis

1238 646 1268 671 et
1290 643 1639 673 excommunicationis
1665 644 1877 682 injungentes
1901 644 2006 673 eidem
2025 649 2058 673 ut
2075 654 2129 673 cas
2146 650 2233 674 certo

1239 695 1378 724 termino
1396 695 1522 725 solvere
1543 701 1742 733 procuraret.
1764 697 1899 734 Propter
1918 697 2003 734 quod
2026 697 2065 725 ad
2089 702 2232 726 nostram

1238 746 1327 776 duxit
1348 747 1550 777 audientiam
1568 747 1809 785 appellandum.
1827 749 1933 784 Quare
1953 748 2014 777 suit
2031 754 2172 787 exparte
2189 750 2232 787 ip-

1239 799 1308 828 sius
1334 799 1477 837 episcopi
1503 799 1675 829 humiliter
1698 800 1895 837 postulatum
1923 810 1939 829 a
1963 801 2057 830 nobis
2084 806 2132 830 ut.
2159 810 2231 830 cum

1238 851 1316 880 dicti
1330 852 1458 890 jndices
1476 852 1745 891 malcjudicando
1762 854 1900 883 fecerint
1917 854 2006 883 litem
2023 863 2126 888 snam,
2146 855 2233 892 ipsos

1239 903 1278 932 ad
1292 904 1452 934 interesse
1472 905 1521 934 vel
1536 905 1569 934 in
1588 910 1746 943 quantuni
1765 906 1884 935 honum
1899 911 1929 936 et
1943 915 2062 944 equum
2081 907 2233 943 religioni

1235 956 1416 994 judicantis
1447 957 1553 986 visum
1583 958 1698 990 fuerit,
1733 959 1915 987 faceremus
1946 959 2050 988 eidem
2083 959 2234 997 episcopo

1239 1009 1485 1046 condempnari.
1502 1009 1643 1048 Ideoque
1661 1010 1854 1039 mandamus
1872 1016 2045 1049 quatenus.
2062 1011 2088 1040 si
2109 1016 2156 1041 est
2176 1012 2232 1042 ita.

1239 1069 1427 1098 processum
1458 1062 1634 1091 eorundem
1663 1062 1810 1100 judicum
1845 1062 1971 1091 nullum
2003 1072 2073 1093 esse
2104 1064 2235 1101 penitus

1242 1113 1408 1148 nuntians,
1435 1113 1522 1150 ipsos
1545 1123 1723 1151 suspensos
1744 1115 1856 1144 venire
1875 1115 1914 1143 ad
1938 1120 2081 1144 nostram
2103 1125 2236 1153 presen-

1241 1165 1319 1194 tiam
1332 1174 1388 1203 per
1399 1174 1571 1195 censuram
1587 1166 1856 1200 ecclesiasticam,
1870 1167 2087 1204 appellatione
2102 1173 2234 1203 remota,

1240 1216 1464 1256 co[mpcscas].
1498 1227 1555 1255 pro
1587 1219 1714 1247 meritis
1747 1223 1945 1256 recepturos.
1978 1220 2049 1248 Dat.
2083 1221 2235 1249 Viterbii.

1240 1271 1270 1299 X
1285 1270 1443 1300 kalendas
1456 1270 1544 1308 julii.
1563 1279 1649 1300 anno
1666 1271 1848 1301 undecimo.
1872 1284 1883 1297 n

1312 1446 1428 1474 3⁷65

1277 1507 1420 1541 Episcopo
1435 1508 1580 1539 Olor-ensi,
1598 1508 1696 1535 abbati
1719 1510 1810 1535 Casae
1831 1510 1895 1537 Dei.
1909 1511 2077 1537 Amxitana(¹
2089 1512 2239 1543 dioecesis,

1242 1559 1269 1582 et
1288 1556 1370 1582 fratri
1386 1556 1542 1582 XYillelmo
1555 1557 1692 1587 Arnaldi,
1709 1557 1744 1583 de.
1760 1557 1861 1583 ordine
1879 1558 2129 1591 l’raedicatcwum,
2145 1560 2240 1594 inqui-

1815 1449 1945 1481 vitet-ho,
1961 1449 1995 1475 26
2010 1450 2073 1482 juin
2092 1451 2168 1476 1237.

1242 1603 1323 1630 sitori
1343 1604 1553 1630 haereticorum
1570 1604 1599 1630 in
1615 1605 1747 1638 partibus
1761 1605 1944 1635 Tltolosanis,
1962 1607 2081 1633 mandat
2097 1614 2239 1641 quatenus

1242 1652 1271 1678 in
1290 1653 1404 1685 negotio
1427 1652 1631 1686 inquisitionis
1651 1653 1686 1678 ‹le
1705 1653 1871 1680 excessibus
1893 1655 2094 1682 Lascurrcnsis
2110 1657 2237 1691 episcopi

1243 1700 1404 1731 faciendae,
1427 1715 1458 1718 —
1479 1701 1554 1734 quod
1581 1701 1728 1733 negotium
1753 1705 1839 1728 antea
1865 1702 1953 1735 priori
1980 1705 2105 1729 Sanctae
2127 1704 2240 1731 Mariae

1242 1748 1405 1774 Deam-atae
1419 1748 1453 1774 de
1467 1749 1602 1777 Tliolosa,
1617 1753 1643 1774 ct
1661 1749 1877 1776 archidiaconis
1891 1750 1925 1776 de
1939 1751 2094 1778 Levitania
2111 1756 2137 1779 et
2155 1753 2240 1779 Basi-

1242 1797 1399 1829 liaquensi.
1414 1797 1583 1823 'sarriensis
1599 1797 1750 1829 dioecesis,
1769 1806 1889 1831 quorum
1906 1807 2069 1832 processum
2087 1801 2238 1833 Acgidius„

1243 1846 1417 1871 sanctorum
1433 1846 1555 1871 Cosmae
1569 1850 1595 1871 et
1610 1845 1750 1872 Damiani
1765 1846 1905 1872 diaconus
1920 1847 2090 1879 cardinalis,
2104 1849 2240 1876 irritave-

1241 1896 1302 1924 rat,
1319 1900 1336 1918 a
1353 1893 1426 1919 Sede
1442 1893 1610 1925 Apostolica
1628 1893 1818 1919 commissum
1837 1895 1946 1926 fuerat,
1970 1909 2000 1912 —
2023 1897 2190 1929 procedant.
2209 1912 2239 1915 —

1241 1941 1327 1971 (HEt-2.
1345 1940 1392 1972 18,
1410 1942 1429 1966 f.
1447 1940 1498 1966 303
1515 1945 1561 1971 v'';
1583 1949 1652 1966 anti.
1671 1941 1727 1972 XI,
1747 1950 1772 1967 c.
1790 1942 1857 1971 149:
1880 1957 1911 1960 —
1933 1945 1970 1968 cf.
1987 1951 2086 1976 supra,
2106 1948 2133 1970 11⁰
2149 1946 2240 1974 2881.)

1283 2053 1295 2067 «
1317 2064 1336 2069 ..
1354 2042 1484 2078 episcopo
1501 2042 1647 2071 olorensi.
1670 2064 1690 2070 ..
1712 2043 1811 2071 abbati
1836 2044 1905 2072 Casa
1927 2045 1986 2077 Dei,
2005 2047 2157 2074 Auxilane
2175 2047 2241 2075 (1ιό-

1241 2094 1324 2128 cesi&
1343 2099 1368 2122 et
1385 2095 1480 2129 fratri
1506 2093 1676 2132 11'[ill‹·!mo]
1698 2094 1864 2134 .trnal‹l[i].
1891 2096 1924 2124 (Ie
1942 2097 2047 2125 ordine
2071 2099 2241 2128 l'redimto-

1243 2155 1324 2181 runt,
1343 2147 1523 2183 inquisitori
1541 2147 1741 2175 hereticorum
1768 2149 1797 2176 ιίι
1820 2149 1959 2184 partious
1978 2150 2141 2179 Tolosanis.
2159 2151 2239 2181 Cuni

1242 2199 1321 2228 olim
1345 2198 1474 2228 dilectis
1499 2199 1578 2228 filiis
1600 2222 1620 2227 ..
1644 2199 1745 2237 priori
1771 2200 1888 2230 Sancte
1915 2201 2018 2231 Marie
2043 2203 2204 2233 Deaurate
2217 2207 2239 2234 ².

1242 2251 1413 2285 Tolosane,
1441 2256 1469 2281 ct
1497 2275 1513 2280 ..
1539 2252 1577 2281 de
1600 2252 1771 2281 Levitania
1790 2258 1821 2282 et
1843 2276 1861 2281 ..
1888 2254 2144 2292 Basiliaquensi.
2162 2257 2241 2286 Tar-

1244 2305 1368 2334 viensis
1391 2303 1601 2343 dioc[esum],
1633 2305 1876 2334 archidiaconis
1903 2307 2024 2336 nostris
2054 2307 2241 2338 dederimus

1243 2357 1363 2387 litteris
1386 2357 1421 2386 in
1446 2357 1610 2386 mandatis
1634 2362 1665 2386 ut
1685 2349 1766 2395 ipsi,
1791 2358 1829 2387 ad
1851 2358 2022 2388 ecclesiam
2040 2361 2242 2391 Lascurren-

1243 2418 1312 2439 sem
1328 2409 1546 2447 personaliter
1564 2410 1767 2440 accedentes.
1795 2420 1893 2448 super
1916 2412 2028 2441 multis
2052 2414 2240 2442 excessibus

1245 2462 1301 2500 qui
1317 2462 1355 2492 de
1372 2462 1553 2491 venerabili
1572 2463 1672 2492 fratre
1691 2468 1801 2492 nostro
1823 2487 1841 2491 ..
1860 2464 2010 2502 episcopo
2028 2465 2240 2495 Lascurrensi

1244 2515 1430 2552 Apostolice
1453 2515 1529 2545 Sedi
1555 2515 1685 2544 fuerant
1711 2517 1866 2549 nuntiati,
1892 2517 1919 2545 si
1946 2526 2044 2554 super
2071 2519 2241 2555 premissis

1245 2567 1439 2596 infamatum
1467 2567 1631 2604 prefatum
1658 2568 1845 2605 episcopum
1867 2569 2066 2598 invenirent.
2094 2571 2242 2608 inquire-

1246 2624 1318 2649 rent
1336 2629 1434 2658 super
1451 2619 1516 2648 hiis
1528 2621 1539 2640 ³
1555 2619 1685 2657 plenius
1703 2620 1885 2650 veritatem.
1904 2626 1933 2650 et
1951 2631 2013 2659 que
2031 2622 2068 2651 de
2087 2623 2156 2659 ipso
2173 2624 2242 2660 epi-

1245 2680 1342 2709 scopo
1366 2671 1566 2705 invenirent,
1595 2672 1689 2701 nobis
1711 2681 1766 2709 per
1790 2681 1866 2701 suas
1889 2672 2015 2702 litteras
2039 2673 2241 2703 intimarent.

1280 2789 1299 2813 1.
1317 2789 1337 2813 11
1354 2791 1411 2813 faut
1426 2789 1559 2812 entendre
1575 2798 1581 2810 ε
1600 2790 1692 2817 ipsum
1710 2790 1883 2818 episcopum.

1276 2833 1299 2857 2.
1314 2836 1362 2857 Ms.
1378 2833 1428 2856 :de
1443 2834 1538 2856 Aurat.

1278 2877 1300 2900 3.
1316 2877 1404 2908 Aprcs
1419 2884 1504 2906 super
1520 2878 1618 2900 multis
1634 2878 1793 2899 excessibus
1861 2878 1899 2900 les
1913 2877 1983 2900 deux
2000 2882 2068 2901 mots
2082 2886 2166 2907 super
2180 2882 2244 2904 hiis.

1248 2922 1404 2951 empruntes
1427 2921 1565 2951 peut-etre
1586 2920 1601 2942 ὲ
1621 2921 1646 2942 la
1667 2920 1742 2949 piece
1764 2920 1840 2947 issi.
1865 2922 2015 2950 paraissent
2037 2924 2187 2952 supertlus;
2212 2925 2245 2947 de

1249 2968 1339 2989 tontes
1355 2965 1464 2994 facous,
1480 2965 1504 2987 la
1522 2965 1618 2989 phrase
1634 2968 1674 2987 est
1691 2965 1740 2987 mal
1758 2965 1917 2988 construite.
