2519 3518
114 332 170 362 557
974 324 1160 361 DixiEME
1182 325 1341 361 ΑΝΝΕΕ
2149 326 2206 365 558

114 401 187 436 post
203 397 458 436 appellationem
475 397 515 427 ad
532 406 591 427 nos
613 397 855 435 interpositam,
874 397 912 427 de
938 397 1020 435 ipso,
1045 401 1122 427 tunc

114 450 410 486 excommunicato,
430 454 665 488 presumptam,
688 450 838 488 salsoque
861 454 1016 488 suggesto
1036 450 1123 488 qnod

115 503 369 534 archidiaconus
386 503 456 542 ipse
475 514 493 533 a
509 503 652 541 capitulo
669 503 806 533 ecclesie
823 504 948 542 pretate
965 503 1123 533 canonice

116 556 237 587 fuisset
256 556 391 592 electus,
411 560 442 586 et
459 556 544 595 quod
568 556 675 586 dictus
699 556 966 594 archiepiscopus
990 556 1122 585 electio-

116 618 191 639 nem
211 618 305 639 suam
321 610 516 639 confirmare
533 609 679 639 indebite
698 609 890 645 denegabat,
911 609 1043 639 nomine
1068 618 1122 639 ca-

115 662 214 701 pituli
239 662 377 692 ecclesie
401 661 587 699 supradicte
614 661 653 691 ad
677 661 816 691 eundem
838 661 1123 700 archiepiscopum

117 719 247 745 nostras
265 715 454 753 impetravit
472 714 612 749 litteras,
630 714 838 744 continentes
860 718 895 743 ut
914 714 1123 745 confirmaret

116 768 313 798 electionem
334 767 456 805 ipsius,
475 767 504 796 si
522 776 593 796 eam
610 766 775 796 inveniret
792 766 830 796 de
847 776 986 804 persona
1004 767 1123 796 idonea

117 821 276 850 canonice
295 820 510 855 celebratam,
531 819 714 849 venerabili
736 819 831 849 fratri
855 824 966 849 nostro
985 843 1004 848 ..
1024 820 1123 849 Gera-

116 873 289 913 pet[r]ensi
306 873 458 911 episcopo
482 882 540 911 per
561 872 644 902 alias
667 872 794 902 litteras
816 881 834 901 a
855 872 949 901 nobis
975 872 1123 910 injuncto

118 930 166 962 ut,
185 926 213 956 si
229 926 336 956 dictus
353 925 621 963 archiepiscopus
636 925 827 954 mandatnm
845 929 993 954 nostrum
1018 924 1122 962 negli-

120 983 211 1017 geret
228 978 418 1017 adimplere,
435 979 506 1016 ipse
519 978 553 1007 id
569 978 686 1016 exequi
703 982 907 1015 procurarem
924 987 1019 1016 aquo
1037 978 1124 1007 idem

119 1031 385 1067 archidiaconus,
410 1040 601 1070 quanquam
620 1031 749 1061 litteras
776 1035 904 1060 nostras
933 1031 1038 1060 eidem
1072 1040 1124 1060 ar-

119 1083 329 1122 chiepiscopo
345 1084 483 1114 minime
502 1083 712 1122 presentarit,
731 1083 844 1113 dicens
868 1083 1063 1113 electionem
1086 1083 1125 1113 de

119 1144 154 1166 se
169 1136 306 1171 factam,
325 1137 520 1166 auctoritate
537 1135 716 1174 apostolica
737 1136 978 1170 confirmatam,
998 1136 1125 1174 episco-

117 1192 231 1226 patum
261 1188 514 1227 Chyronensem
546 1197 604 1226 per
639 1188 829 1218 violentiam
870 1188 1053 1226 occupavit,
1095 1192 1126 1218 et

119 1241 279 1279 quosdam
295 1241 330 1270 111
347 1241 534 1276 canonicos,
553 1241 682 1279 aliquos
699 1250 774 1270 vero
797 1241 831 1270 in
854 1245 1050 1279 personatus
1073 1241 1126 1270 in-

117 1293 218 1322 trusit
234 1293 373 1323 ecclesie
395 1297 587 1323 memorate.
614 1293 652 1322 Et
675 1293 752 1322 licet
773 1293 880 1322 dictus
903 1293 1126 1331 archiepisco-

116 1354 178 1384 pus
194 1345 328 1375 irritum
346 1345 529 1375 decreverit
543 1349 573 1375 et
591 1345 691 1375 inane
715 1345 801 1384 quod
822 1345 860 1375 de
880 1345 962 1383 ipsis
984 1346 1125 1375 intrusis

117 1399 226 1429 fuerat
252 1398 300 1428 sic
322 1402 566 1436 presumptum,
587 1398 833 1436 condempnans
854 1407 908 1428 eos
930 1398 970 1428 ad
990 1399 1126 1428 restitu-

118 1452 242 1481 tionem
258 1452 427 1480 fructuum
439 1455 678 1489 perceptorum,
694 1455 723 1480 et
736 1452 1037 1486 excommunicans,
1049 1451 1078 1481 si
1091 1460 1126 1481 se

118 1504 415 1534 amministrationi
432 1504 580 1543 ejusdem
600 1504 738 1534 ecclesie
760 1504 998 1538 immiscerent,
1016 1504 1127 1533 nichi-

117 1557 263 1588 lominus
282 1561 391 1587 tamen
407 1556 458 1586 illi
475 1557 699 1595 episcopatum
714 1556 863 1586 detinent.
886 1557 1124 1595 supradictum,

117 1611 153 1640 in
169 1610 265 1641 bonis
289 1610 360 1649 ejus
382 1609 597 1648 prodigaliter
617 1610 842 1640 dehachando.
867 1610 1016 1649 Cumque
1038 1611 1127 1640 idem

117 1663 242 1694 electus
266 1672 365 1701 super
390 1663 458 1693 11115
484 1667 515 1693 et
541 1663 741 1702 quibusdam
764 1662 840 1693 aliis
868 1663 1019 1693 articulis
1037 1664 1078 1693 ad
1105 1687 1124 1692 ..

118 1716 353 1746 cancellarium
373 1720 404 1746 et
419 1716 596 1754 magistros
614 1716 762 1746 Odonem
780 1720 811 1746 et
827 1716 1051 1752 Fredericum,
1076 1725 1125 1746 ca-

117 1769 254 1799 nonicos
272 1768 669 1807 Constantinopolitanos,
691 1769 725 1798 in
742 1769 849 1798 forma
865 1769 1032 1799 communi
1049 1779 1126 1799 nos-

118 1826 186 1852 tras
201 1821 330 1852 litteras
346 1821 543 1859 impetrarit,
561 1821 674 1851 eodem
689 1821 887 1851 cancellario
901 1822 1126 1852 committente

120 1877 191 1906 suis
215 1876 444 1915 conjudicibus
467 1875 519 1905 vel
542 1884 655 1906 eorum
681 1876 777 1905 alteri
804 1876 893 1906 vices
918 1886 1011 1911 suas,
1041 1886 1126 1907 nnus

119 1938 245 1965 eorum,
264 1929 391 1967 reliquo
409 1928 575 1963 defuncto,
594 1929 628 1957 in
646 1928 777 1965 negotio
794 1937 859 1958 non
880 1930 1051 1967 processit,
1070 1930 1128 1959 sed

119 1982 160 2012 ad
177 1986 326 2012 nostrum
342 1981 426 2011 illud
441 1981 571 2011 remisit
588 1990 724 2010 examen
740 1981 873 2018 penitus
887 1982 1125 2012 indiscussum.

119 2036 229 2072 Quare
246 2035 342 2064 nobis
358 2035 445 2064 idem
460 2034 585 2064 electus
601 2034 774 2064 humiliter
788 2034 986 2072 supplicavit
1002 2039 1046 2070 ut,
1061 2040 1127 2065 tam

121 2097 220 2126 super
235 2087 297 2117 hoc
322 2096 420 2126 quam
446 2087 546 2117 etiam
570 2095 669 2124 super
693 2095 730 2116 eo
749 2087 836 2125 qnod
858 2087 981 2117 intrusi
1007 2088 1128 2126 prefati

119 2149 239 2170 manus
263 2141 452 2179 injecerunt
481 2140 516 2168 in
541 2140 670 2178 ipsum,
700 2139 761 2168 Dei
792 2139 908 2169 timore
931 2141 1126 2178 postposito,

122 2199 246 2225 temere
271 2194 450 2229 violentas,
476 2197 608 2231 propter
637 2192 725 2231 quod
748 2192 835 2222 idem
861 2193 1129 2232 archiepiscopus

120 2247 255 2278 eosdem
285 2246 586 2277 excommunicatos
619 2245 749 2284 publice
785 2245 972 2279 nuntiavit,
1007 2247 1072 2276 sihi
1100 2251 1131 2277 et

123 2300 335 2339 Chyronensi
366 2299 504 2329 ecclesie
532 2298 704 2337 providere
732 2302 870 2336 paterna
906 2298 1131 2331 sollicitudine

123 2361 329 2383 curaremus.
347 2352 491 2390 Ideoque
508 2350 704 2380 mandamus
720 2354 896 2389 quatenus,
914 2351 943 2381 si
969 2351 1007 2382 de
1027 2352 1132 2392 injec-

123 2405 213 2436 tione
221 2414 382 2435 manuum
397 2404 491 2434 vobis
508 2403 695 2433 constiterit
711 2402 865 2439 violenta,
885 2403 989 2434 dictos
1001 2405 1132 2436 sacrile-

123 2467 181 2497 gos
198 2461 272 2493 etc.‚
290 2466 396 2497 usque
415 2467 421 2486 :
443 2456 648 2486 absolvendi.
673 2456 778 2494 Super
797 2455 872 2486 aliis
895 2465 988 2492 vero,
1008 2459 1132 2489 vocatis

122 2511 182 2550 qui
203 2510 330 2541 fuerint
355 2509 514 2540 evocandi
536 2512 567 2539 et
589 2508 712 2538 auditis
736 2508 816 2538 hinc
839 2509 916 2538 inde
941 2511 1130 2548 propositis,

124 2572 259 2594 causam
276 2563 317 2593 ad
333 2572 392 2592 nos
409 2562 591 2592 remittatis
607 2561 812 2591 sufficienter
830 2561 1040 2598 instructam,
1058 2573 1134 2602 pre-

124 2617 264 2655 figentes
289 2616 441 2655 partibus
464 2615 644 2645 terminum
666 2614 925 2652 peremptorium
945 2621 1133 2654 competen-

124 2674 207 2705 tem,
233 2679 298 2709 quo
324 2673 436 2699 nostro
463 2677 498 2698 se
524 2666 715 2705 conspectui
737 2671 978 2704 representem,
995 2668 1132 2706 justam,

123 2726 259 2753 auctore
286 2721 439 2757 Domino,
468 2719 668 2751 sententiam
692 2723 875 2757 receptare.
900 2720 993 2756 Quod
1019 2721 1046 2750 si
1071 2721 1134 2751 for-

125 2783 187 2805 san
213 2774 348 2814 aliquod
373 2774 648 2813 impedimentum
670 2771 867 2807 occurrerit,
892 2773 1071 2810 quominus
1095 2775 1135 2804 ad

125 2827 382 2857 instruct-ionem
398 2826 546 2866 ejusdem
559 2833 657 2855 cause
671 2824 847 2863 procedere
860 2823 1010 2861 valeatis,
1029 2826 1135 2856 nichi-

125 2879 272 2910 lominus
296 2879 466 2918 prefigatis
490 2878 640 2917 partibus
671 2876 850 2907 terminum
876 2879 1135 2916 peremptorium

125 2937 377 2971 competentem,
398 2941 462 2971 quo
479 2931 519 2961 ad
535 2930 778 2970 procedendum
792 2929 826 2958 in
844 2937 943 2959 causa
958 2930 1042 2968 ipsa,
1059 2940 1135 2969 per-

125 2985 288 3016 sonaliter
303 2985 355 3016 vel
371 2994 430 3024 per
450 2988 680 3024 procuratores
706 2982 908 3012 sufficientes
934 2987 964 3012 et
985 2983 1132 3020 idoneos,

1205 403 1415 436 compareant
1438 408 1547 428 coram
1577 399 1688 434 nobis,
1718 400 1843 430 facture
1872 405 1901 429 ct
1926 406 2093 439 recepturo:
2120 401 2206 439 quod

1205 451 1378 480 dictaverit
1396 451 1474 480 ordo
1493 452 1594 490 juris,
1620 457 1650 482 et
1678 461 1728 486 nc,
1750 462 1905 490 processu
1928 454 2094 491 temporis,
2119 454 2205 492 jam-

1205 503 1292 533 dicto
1308 503 1411 533 electo
1428 504 1658 542 probationum
1684 506 1777 543 copia
1800 506 1946 535 fortuitis
1972 507 2104 536 casibus
2127 506 2206 535 sub-

1205 556 1366 591 trahatur,
1396 561 1494 586 tcstcs
1516 566 1612 587 senes
1640 562 1670 587 et
1696 557 1970 588 valetudinarios.
1998 559 2036 588 de
2066 568 2205 597 quorum

1206 613 1309 639 morte
1333 609 1381 639 vel
1406 609 1556 639 absentia
1577 610 1733 639 diuturna
1758 611 1903 645 timetur,
1933 620 2030 649 super
2056 611 2206 641 articulis

1206 671 1287 700 quos
1307 662 1399 692 vobis
1416 662 1476 691 sub
1496 662 1585 691 bulla
1601 667 1713 692 nostra
1735 663 1897 692 mittimus
1918 664 2128 695 itum-clusos.
2155 673 2207 693 rc-

1206 715 1315 752 cipere
1346 724 1381 743 ac
1412 715 1589 751 diligenter
1620 716 1808 745 examinare
1839 717 1976 746 curetis.
2013 717 2207 746 denuntiato

1206 768 1298 805 prius
1315 767 1410 797 alteri
1424 768 1509 805 parti
1526 772 1560 797 ut
1576 769 1755 806 receptioni
1775 769 1919 804 testium,
1939 770 1966 798 si
1990 769 2079 799 velit.
2104 770 2208 800 inter-

1206 820 1260 855 sit,
1279 825 1309 850 et
1325 830 1424 858 super
1439 821 1689 851 denuntiatione
1707 821 1753 850 sic
1770 822 1855 851 farta
1872 822 1987 851 confici
2006 823 2135 851 faciatis
2153 832 2208 860 pu-

1205 872 1327 901 blicum
1346 873 1615 902 instrumentum.
1632 874 1680 903 Ad
1697 873 1768 909 lior,
1791 874 1852 912 ipsi
1870 874 1972 903 electo
1993 884 2152 913 expensas
2169 875 2209 903 ad

1206 926 1469 963 prosecutionem
1497 926 1620 963 negotii
1647 927 1851 956 necessarias
1879 927 1916 955 de
1941 928 2035 956 bonis
2062 928 2208 966 ejusdem

1207 977 1345 1007 ecclesie
1362 978 1558 1007 ministrari.
1574 979 1736 1016 pendente
1753 980 1894 1017 negotio.
1914 980 2084 1010 facientes.
2100 981 2209 1018 provi-

1207 1030 1312 1060 deatis
1335 1031 1421 1068 quod
1444 1031 1531 1060 idem
1555 1031 1763 1069 episcopatus
1789 1032 1849 1061 sub
1873 1032 1971 1061 dubio
1995 1032 2064 1061 litis
2089 1037 2209 1063 eventu

1207 1084 1456 1121 dilapidationis
1480 1084 1690 1122 dispendium
1710 1094 1772 1114 non
1798 1085 1966 1121 incurrat,
1991 1086 2210 1116 contradicto-

1207 1145 1260 1165 res
1275 1140 1336 1165 etc.
1356 1137 1470 1166 Testes
1489 1140 1598 1166 autem
1621 1154 1667 1166 —.
1687 1138 1760 1166 Dat.
1776 1138 1976 1172 Interamne,
1996 1139 2045 1168 III
2066 1138 2141 1168 idus
2161 1138 2211 1168 fe·-

1207 1189 1347 1223 hruarii,
1366 1198 1452 1219 anno
1469 1190 1607 1219 decimo.
1628 1202 1640 1215 »

1279 1339 1397 1367 3498

1244 1401 1404 1434 Ludovico,
1417 1401 1477 1435 regi
1493 1402 1684 1435 Francorum,
1698 1403 1810 1436 petenti
1826 1404 1987 1430 committit
2002 1407 2033 1431 ut
2050 1405 2211 1431 terminum

1209 1450 1337 1484 passagii
1360 1450 1478 1476 comitis
1498 1450 1657 1476 Tholosani
1678 1459 1768 1484 usque
1786 1451 1823 1477 ad
1841 1452 1948 1478 festum
1972 1453 2048 1479 beati
2070 1454 2213 1481 Johannis

1209 1498 1363 1532 Baptistae
1383 1506 1506 1532 sequens
1524 1501 1588 1532 post
1610 1499 1778 1532 proximum
1802 1503 1950 1534 proroget,
1975 1502 2090 1528 noverit
2113 1505 2212 1528 tamen

1209 1547 1307 1581 ipsum
1322 1555 1428 1581 papam
1445 1547 1635 1580 inquisitores
1649 1547 1680 1574 in
1695 1548 1780 1574 terris
1796 1549 1927 1582 ejusdem
1942 1550 2059 1576 comitis
2074 1559 2130 1576 non
2148 1559 2214 1584 pro-

1208 1595 1321 1622 vidisse
1336 1604 1353 1621 a
1369 1603 1419 1621 suo
1435 1596 1528 1621 officio
1545 1597 1734 1629 amovendos,
1749 1597 1798 1623 sed
1815 1598 1868 1623 hoe
1883 1598 2031 1631 negotium
2050 1599 2213 1633 archiepis-

1209 1652 1279 1678 copo
1303 1643 1480 1676 Viennensi,
1504 1644 1692 1678 Apostolicae
1716 1645 1801 1671 Sedis
1824 1646 1918 1679 legato
1929 1667 1935 1678 ‚
1962 1647 2154 1673 conunisisse.
2182 1662 2212 1665 —

1208 1693 1295 1725 (Hm.
1310 1692 1354 1725 18,
1367 1693 1387 1718 f.
1404 1692 1456 1719 228
1470 1695 1509 1724 ΓΠ
1525 1700 1594 1719 ann.
1609 1693 1648 1726 X,
1661 1702 1685 1720 e.
1699 1694 1764 1726 359;
1778 1709 1809 1712 —
1821 1694 1954 1722 MOREAL'
1968 1696 2047 1728 1191,
2061 1697 2080 1722 f.
2095 1696 2163 1727 ’ΞΟΠ
2181 1711 2212 1714 -

1208 1741 1366 1770 POTTH‘AST
1379 1741 1476 1774 10295,
1490 1742 1560 1774 salso
1577 1744 1674 1772 ιἠιιιό,·
1693 1758 1723 1761 -
1738 1744 1776 1770 cf.
1790 1751 1886 1776 supra,
1904 1747 1933 1770 11ο
1948 1744 2040 1775 3126.)

1793 1341 1892 1374 Terni,
1909 1342 1924 1368 9
1941 1342 2049 1368 levrici·
2061 1342 2139 1369 1237.

1251 1849 1263 1863 <‹
1288 1837 1330 1872 L.,
1352 1837 1416 1873 regi
1436 1837 1625 1865 Francorum
1654 1837 1780 1871 illustri.
1809 1838 1854 1867 Ex
1882 1837 1983 1867 multe
2012 1838 2214 1867 sinceritatis

1208 1907 1256 1918 —.
1287 1889 1373 1919 Sane
1397 1888 1614 1918 sublimitatis
1639 1893 1693 1919 tue
1716 1889 1837 1919 litteris
1864 1900 1962 1928 super
1985 1892 2214 1928 prorogatione

1208 1942 1356 1980 passagii
1373 1941 1494 1970 nobilis
1509 1941 1570 1969 viri
1589 1965 1609 1970 ..
1626 1942 1757 1971 comitis
1773 1942 1962 1972 Tholosani.
1981 1948 2010 1973 et
2024 1944 2215 1973 amovendis

1209 1994 1370 2024 fratribus
1398 1994 1576 2024 Guillelmo
1600 1995 1748 2023 Arnandi
1770 1999 1800 2024 et
1825 1996 2010 2025 Bernardo.
2036 1997 2074 2025 de
2100 1997 2214 2027 ordine

1210 2048 1350 2077 fratrum
1363 2047 1622 2081 Predicatorum,
1637 2047 1676 2076 ah
1689 2048 1908 2086 inquisitione
1921 2048 2064 2079 heretice
2075 2050 2215 2087 pravita-

1211 2100 1265 2135 tis,
1284 2103 1442 2129 consueta
1459 2099 1664 2137 benignitate
1684 2100 1837 2138 receptis,
1860 2105 1890 2130 et
1910 2101 2090 2131 intellectis
2116 2102 2215 2131 etiam

1211 2152 1390 2190 diligenter
1408 2161 1470 2190 que
1487 2152 1624 2190 insuper
1640 2152 1780 2182 dilectus
1799 2153 1888 2183 filius
1911 2154 2070 2191 magister
2084 2154 2218 2184 Willel-

1212 2213 1298 2239 mus,
1315 2205 1494 2234 canonicus
1515 2205 1720 2243 Bajocensis,
1742 2206 1879 2235 nuntius
1896 2211 1983 2241 tuus,
2000 2207 2129 2246 adjecit,
2144 2217 2217 2238 con-

1214 2257 1434 2287 sideravimus
1453 2266 1515 2295 que
1533 2261 1563 2287 et
1586 2262 1710 2296 quanta
1730 2258 1887 2296 pericula,
1910 2264 2006 2296 prout
2030 2261 2129 2290 etiam
2152 2270 2217 2291 non

1212 2310 1344 2348 ignorat
1358 2309 1518 2340 celsitudo
1532 2311 1633 2348 regia,
1649 2311 1780 2349 negotio
1794 2312 1884 2350 pacis
1898 2317 1929 2341 et
1944 2312 2021 2342 fidei
2038 2322 2074 2343 ex
2090 2314 2219 2343 indulta

1214 2363 1280 2393 sibi
1303 2363 1462 2393 dilatione
1485 2362 1646 2393 hactenus
1668 2368 1745 2393 sunt
1765 2369 1887 2394 secuta.
1912 2366 1997 2395 Nam
2018 2366 2219 2396 venerabilis

1214 2416 1318 2446 frater
1343 2419 1455 2446 noster
1479 2438 1498 2444 ..
1523 2416 1696 2455 episcopus
1717 2421 1749 2447 et
1771 2417 1879 2447 clerus
1904 2418 2074 2454 Tolosani,
2098 2420 2218 2449 fratres

1215 2477 1346 2507 quoque
1362 2458 1591 2499 Predicatores
1607 2469 1708 2499 etiam
1728 2470 1766 2499 de
1783 2470 1915 2500 civitate
1931 2471 2046 2501 Tolose
2062 2481 2120 2510 per
2138 2481 2220 2502 eun-

1215 2521 1290 2552 dem
1314 2521 1467 2551 comitem
1493 2526 1570 2551 sunt
1594 2522 1740 2560 expulsi,
1767 2527 1798 2552 et
1825 2523 2001 2553 commissa
2025 2524 2091 2554 alia
2116 2525 2219 2555 multa

1215 2573 1313 2609 mala,
1328 2583 1390 2612 que
1407 2574 1541 2612 longum
1556 2579 1643 2604 esset
1654 2584 1713 2613 per
1727 2575 1859 2613 singula
1872 2585 2060 2613 recensere,
2074 2577 2119 2607 ita
2133 2577 2220 2616 quod

1215 2627 1251 2656 in
1269 2627 1419 2665 partibus
1433 2627 1630 2657 Tholosanis
1644 2632 1732 2657 terra
1749 2628 1835 2658 velut
1853 2629 1981 2659 deserta
1998 2629 2087 2667 luget
2105 2635 2135 2660 et
2151 2630 2219 2660 lan-

1216 2685 1303 2718 guet,
1321 2679 1428 2718 spinis
1444 2688 1516 2710 eam
1534 2679 1739 2718 replentibus
1756 2684 1786 2710 et
1802 2681 1930 2715 urticis,
1950 2682 2049 2711 variis
2068 2682 2219 2712 videlicet

1217 2732 1386 2762 erroribus
1416 2732 1523 2770 ipsam
1552 2731 1798 2762 involventibus
1830 2742 1913 2770 pene
1941 2737 2061 2768 tota1n;
2088 2739 2220 2772 propter

1217 2784 1304 2822 quod
1324 2788 1427 2814 totum
1446 2785 1615 2822 negotium
1632 2784 1728 2823 quasi
1744 2793 1879 2822 passum
1903 2789 1951 2814 est
1972 2786 2169 2821 recidivum,
2188 2791 2219 2816 et

1215 2836 1430 2866 vehementer
1448 2837 1584 2867 timetur
1600 2846 1640 2867 ne
1660 2837 1739 2866 fiant
1760 2837 1830 2876 ejus
1851 2837 2031 2867 novissima
2052 2838 2219 2876 prioribus

1217 2889 1370 2927 graviora
1382 2891 1403 2918 ¹.
1422 2890 1512 2919 Idem
1529 2898 1659 2928 quoque
1676 2898 1796 2925 comes,
1809 2894 1965 2928 tanquam
1982 2895 2132 2928 peccator
2150 2892 2218 2930 qui,

1250 2994 1271 3018 1.
1289 2993 1331 3020 Cf.
1348 2994 1415 3019 Luc.
1432 2994 1479 3024 Χῖ,
1493 2994 1532 3018 ἵΰ.
