2423 3487
275 274 331 303 259
992 267 1227 299 REGIsTREs
1250 266 1304 295 DE
1328 259 1548 297 GREGOIRE
1573 268 1629 296 ix.
2292 272 2347 304 260

276 339 480 369 Cistcrciensis
504 337 636 370 ordinis,
660 336 886 373 Vesprimiensis
902 335 1034 363 diocesis,
1058 334 1272 363 Sacrosancta

276 392 423 420 Romana
442 388 588 418 Ecclesia
603 405 650 416 —.
669 388 740 417 Dat.
764 387 920 422 Viterbii,
938 387 983 416 VI
1006 386 1079 415 idus
1097 382 1269 418 februarii,

275 450 361 471 anno
378 450 471 470 nono.
495 452 507 466 n

342 609 458 637 2953
801 607 932 639 Viterbe,
950 607 982 633 14
999 605 1197 633 fevrier1236.

308 670 416 697 Abbati
440 670 566 697 Sanctae
589 669 749 697 Columbae
773 669 950 695 Senonensis
976 668 1097 694 mandat-
1126 670 1269 701 quatenus

273 719 407 746 abbatem
425 718 595 744 monasterii
609 717 803 744 Floriacensis
825 717 860 742 ad
878 716 1112 742 observationem
1134 723 1270 749 quorum-

273 767 339 793 dam
354 769 545 797 statutorum,
562 768 735 799 potestatem
757 764 871 791 abbatis
891 763 1144 797 restringentium,
1166 771 1268 797 nuper,

273 810 401 848 tempore
417 822 471 847 quo
487 813 564 839 idem
579 812 789 839 monasterium
805 815 918 846 pastore
933 811 1162 844 destituebatur,
1177 811 1271 838 edito—

273 871 347 894 rum,
367 862 519 888 denuntiet
537 869 592 887 non
610 861 717 893 teneri,
737 864 765 887 et
780 861 810 887 in
827 860 927 887 eodem
944 860 1121 887 monasterio
1139 868 1271 886 camera-

273 911 348 937 rium
367 910 483 937 institui
504 909 603 936 faeiat.
621 924 652 928 -
669 910 754 940 (Bm.
770 909 813 941 18,
831 910 850 935 f.
866 908 917 935 106
931 911 975 940 v⁰;
993 916 1062 935 ann.
1080 909 1137 941 IX,
1155 917 1179 935 c.
1196 908 1270 939 377.)

313 1022 325 1036 α
347 1033 366 1038 ..
383 1010 483 1038 abbati
498 1010 606 1038 Sancte
623 1010 760 1038 Cobumbe
775 1009 966 1038 Senonensis.
983 1008 1131 1038 Dilectus
1147 1008 1236 1037 filius
1250 1031 1269 1037 ..

273 1062 372 1092 abhas
398 1061 590 1091 monasterii
615 1061 851 1095 Floriacensis,
879 1061 1004 1090 ordinis
1030 1060 1135 1090 sancti
1165 1061 1272 1090 Bene-

272 1114 365 1145 dicti.
384 1114 469 1152 quod
490 1114 529 1143 ad
544 1115 727 1143 Romanam
744 1113 924 1143 Ecclesiam
941 1113 1032 1142 nullo
1048 1113 1155 1142 medio
1170 1113 1272 1151 perti-

272 1170 340 1200 net,
368 1166 536 1204 proposuit
563 1175 672 1195 coram
702 1166 797 1195 nohis
822 1166 907 1204 quod
932 1174 1046 1203 nuper,
1071 1166 1272 1195 monasterio

272 1219 342 1256 ipso
365 1219 505 1256 pastoris
524 1219 684 1255 regimine
704 1219 875 1253 destituto,
895 1219 965 1256 ipse
985 1223 1015 1248 et
1038 1218 1095 1248 alii
1119 1218 1272 1248 monachi

272 1271 429 1309 ejusdem,
440 1271 585 1300 volentes
598 1271 702 1300 futuri
715 1271 842 1300 abbatis
853 1271 1053 1308 restringere
1064 1275 1269 1309 potestatem,

271 1332 368 1361 super
384 1323 534 1352 habendo
550 1323 730 1352 camerario
750 1327 780 1352 et
796 1323 966 1352 monachis
984 1323 1136 1352 villarum
1153 1323 1272 1352 consti—

271 1375 401 1404 tuendis
419 1375 608 1412 prepositis,
626 1375 733 1404 fecere
753 1379 875 1404 statuta
896 1384 953 1413 pro
971 1384 1028 1405 sue
1049 1375 1143 1405 libito
1159 1375 1271 1405 volun-

272 1427 358 1461 tatis,
375 1427 413 1455 ad
428 1436 465 1456 ea
479 1427 640 1456 servanda
652 1427 872 1465 astringentes
887 1436 921 1457 se
935 1427 1066 1457 vinculo
1077 1428 1270 1466 juramenti.

273 1479 377 1517 Super
395 1479 515 1517 quibus
537 1479 624 1509 idem
645 1479 745 1509 abbas
766 1480 931 1517 provideri
955 1489 970 1509 a
990 1481 1085 1510 nobis
1102 1481 1273 1511 humiliter

274 1531 464 1568 postulavit,
488 1532 662 1569 presertim
687 1540 761 1561 cum
785 1532 819 1561 in
846 1532 893 1561 eis
919 1541 1070 1570 expresse
1094 1533 1271 1564 auctoritas

273 1583 368 1613 Sedis
384 1583 570 1621 Apostolice
594 1584 636 1613 sit
658 1588 800 1621 excepta.
821 1584 903 1615 Cum
919 1585 1032 1622 igitur,
1050 1590 1185 1615 vacante
1203 1595 1273 1616 mo-

273 1635 429 1670 nasterio,
448 1635 527 1664 dicti
545 1635 697 1665 monachi
714 1636 838 1665 nullam
858 1637 1002 1666 faciendi
1019 1641 1141 1667 statuta
1156 1638 1273 1677 hujus-

272 1687 359 1717 modi
385 1687 563 1717 habuerint
584 1692 796 1725 potestatem,
817 1689 1012 1719 mandamus
1038 1694 1216 1728 quatenus,
1245 1691 1273 1720 si

273 1743 321 1769 est
344 1740 405 1775 ita,
430 1740 605 1769 denunties
624 1740 747 1769 dictum
772 1741 922 1771 abbatem
945 1741 985 1771 ad
1010 1742 1273 1773 observationem

273 1800 385 1822 eorum
412 1791 620 1830 aliquatenus
642 1801 706 1822 non
731 1793 851 1827 teneri,
876 1793 910 1822 in
936 1794 1049 1823 eodem
1073 1795 1273 1825 monasterio

273 1844 490 1873 camerarium
511 1844 657 1879 institui,
677 1845 857 1874 secundum
878 1849 1000 1875 statuta
1023 1855 1042 1876 a
1064 1847 1158 1877 nobis
1176 1856 1273 1886 super

272 1896 504 1925 reformatione
521 1896 626 1933 ipsius
642 1897 768 1926 ordinis
785 1897 886 1933 edita,
905 1899 1073 1934 faciendo;
1094 1900 1274 1930 contradic-

273 1952 358 1977 tores
384 1952 444 1977 etc.
474 1949 545 1977 Dat.
565 1948 722 1983 Viterbii,
747 1950 825 1979 XVI
849 1950 1007 1980 kalendas
1033 1951 1159 1987 martii,
1187 1961 1273 1982 anno

271 2008 369 2030 nono.
390 2012 402 2026 »

344 2169 462 2196 2954
808 2171 940 2205 Viterbe,
954 2172 987 2199 15
1001 2173 1109 2199 sevrier
1122 2174 1200 2200 1236.

308 2229 420 2262 Angelo
435 2230 563 2263 Aegidii,
578 2230 688 2257 vicario
707 2230 836 2258 Oderisii
850 2232 1013 2265 potestatis,
1029 2235 1056 2259 et
1072 2234 1222 2261 communi
1237 2234 1273 2261 de

274 2277 374 2311 Spello
401 2277 547 2310 significat
569 2286 598 2304 se
623 2279 794 2305 confirmare
825 2279 900 2312 quod
924 2280 1094 2313 Rainerius,
1121 2282 1272 2317 episcopus

273 2324 430 2356 Ostiensis,
446 2325 672 2359 praescripserat
687 2326 717 2352 in
741 2334 829 2353 causa
850 2327 927 2353 inter
947 2328 1024 2361 ipsos
1042 2332 1069 2355 ct
1090 2329 1272 2363 Fuliginates

273 2380 324 2406 pro
341 2381 410 2399 nece
426 2373 559 2399 Monaldi
578 2373 684 2400 militis
706 2377 734 2400 et
757 2375 859 2401 multis
884 2375 1002 2408 injuriis
1024 2380 1139 2408 exorta:
1162 2378 1272 2405 instru-

272 2423 371 2447 mento
387 2421 517 2454 ejusdem
535 2421 668 2448 Rainerii
684 2422 848 2449 sententiae
864 2423 917 2450 sub
933 2432 985 2450 sua
1000 2423 1081 2451 bulla
1098 2425 1217 2452 inserto.
1240 2441 1271 2445 —

273 2468 358 2500 (ΗΕΘ.
376 2468 420 2501 18,
440 2469 459 2495 f.
477 2469 528 2495 107
541 2472 579 2501 r‘’;
596 2477 664 2495 ann.
685 2470 737 2501 IX,
753 2478 777 2496 c.
795 2470 860 2502 378;
878 2485 909 2489 -
926 2471 1082 2499 Pommsw
1097 2473 1206 2505 10095.)

314 2580 326 2594 u
344 2569 455 2605 Anyelo
472 2569 587 2606 Εφίάίἰ,
607 2571 726 2599 vicario
746 2570 875 2599 Oderisii
889 2573 1054 2608 potestatis,
1072 2578 1097 2601 et
1115 2576 1273 2604 communi

271 2620 305 2649 de
320 2621 427 2657 Spello.
440 2621 545 2651 Justis
557 2621 739 2659 petentium
754 2626 814 2651 etc.
829 2639 877 2651 —.
894 2624 965 2652 Dat.
979 2624 1131 2660 Viterbii,
1147 2626 1208 2656 XV
1218 2627 1272 2657 ka-

270 2671 385 2702 lendas
402 2673 522 2709 martii,
543 2682 629 2703 anno
645 2682 740 2703 nono.
763 2686 776 2700 n

308 2840 464 2876 [Rainerii,
479 2842 625 2870 Ostiensis
646 2846 674 2870 et
694 2844 888 2871 Velletrensis
907 2845 1052 2879 episcopi,
1069 2848 1215 2875 sententia
1231 2849 1272 2876 sio

272 2888 380 2922 incipit
395 2892 423 2916 et
438 2890 548 2917 desinit
566 2889 584 2924 :]

1422 331 1568 367 [2955]
1628 332 1760 366 Viterbe‚
1776 332 1973 366 snut-Siste,
1990 333 2023 360 18
2036 333 2189 362 decembre
2201 336 2277 365 1235.

1393 444 1406 459 α
1427 433 1465 462 In
1483 432 1615 462 nomine
1631 432 1776 462 Domini.
1789 433 1907 463 Amen.
1923 433 2018 463 Anno
2034 433 2180 472 ejusdem
2194 444 2212 465 a
2226 436 2347 468 Nativi-

1355 496 1367 510 »
1392 488 1458 514 tate
1474 484 1724 520 M⁰CC⁰XXXV‚
1743 484 1925 515 indictione
1946 486 2060 520 V1111,
2079 486 2131 516 die
2145 487 2244 519 XIIII
2261 498 2346 521 men-

1354 548 1366 562 »
1392 536 1438 566 sis
1454 536 1637 566 decembris
1654 541 1804 571 exeunte,
1819 541 1963 575 tempore
1980 537 2185 569 dominorum
2201 540 2348 580 Gregorii

1354 600 1366 614 n
1391 597 1472 626 pape
1488 590 1587 618 VIIII
1604 593 1634 618 et
1656 589 1864 627 Fred[erici],
1889 591 2113 620 Romanorum
2130 591 2343 632 imperatoris,

1353 652 1365 666 n
1390 641 1544 670 dominus
1562 641 1782 678 Rain[erius],
1806 641 1972 672 Ostiensis
1995 647 2026 672 et
2045 643 2259 675 Velletrensis
2278 646 2346 685 epi-

1353 705 1365 719 »
1391 702 1508 731 scopus
1521 711 1569 722 —.
1582 695 1700 724 Actum
1717 694 1871 729 Viterbii,
1890 695 1976 732 apud
1990 695 2146 726 Sanctum
2162 697 2287 728 Sixtum
2297 715 2345 729 —-.

1352 758 1365 772 n
1387 747 1454 783 Ego
1471 746 1619 776 Andreas
1636 746 1675 776 de
1691 747 1824 776 Becton.
1844 763 1883 768 -—
1897 747 2080 786 subscripsi
2095 752 2126 778 et
2141 749 2313 787 publicavi.
2331 762 2346 778 ι»

1423 930 1539 958 2958
1885 929 2017 963 Viterbe,
2034 930 2067 957 18
2081 931 2187 958 sevrier
2201 932 2277 960 1236.

1387 991 1572 1023 Alexandro,
1590 991 1724 1025 episeopo
1738 991 1948 1024 Coventrensi,
1970 991 2116 1026 significat
2129 1001 2158 1019 se
2171 992 2347 1022 Coventren-

1352 1048 1413 1067 sem
1428 1040 1582 1067 ecclesiam
1597 1040 1651 1067 sub
1664 1040 1742 1067 beati
1759 1040 1841 1070 Petri
1854 1042 1883 1067 et
1896 1048 1948 1067 sua
1961 1041 2140 1074 protectione
2155 1041 2306 1077 suscipere,
2319 1045 2348 1071 et

1353 1088 1415 1122 ejus
1431 1088 1516 1120 bona,
1534 1096 1607 1122 quae
1620 1088 1799 1114 nominatim
1811 1091 1952 1121 recenset,
1970 1089 2149 1116 confirmare.
2163 1104 2195 1112 -=
2209 1090 2292 1121 (Rso.
2304 1090 2346 1124 18.

1353 1136 1439 1163 f.107
1453 1140 1490 1168 r⁰;
1507 1144 1577 1163 ann.
1593 1136 1651 1169 IX,
1667 1144 1692 1163 c.
1709 1136 1784 1168 379.)

1395 1249 1406 1262 α
1427 1237 1610 1271 Alexandro,
1629 1238 1763 1274 episcopo
1781 1237 1986 1271 Covenz-rensi,
2004 1238 2125 1274 ejusque
2139 1239 2350 1269 successoribus

1353 1291 1498 1319 canonice
1512 1289 1741 1323 substituendis,
1758 1290 1791 1318 in
1805 1294 1998 1327 perpetuum.
2016 1290 2054 1319 In
2076 1289 2233 1320 eminenti
2247 1290 2348 1329 Apos-

1353 1341 1450 1372 tolice
1466 1359 1514 1370 —.
1538 1342 1714 1378 Quocirca,
1733 1341 1935 1371 venerabilis
1953 1341 1987 1370 in
2006 1341 2137 1372 Christo
2156 1342 2266 1378 frater,
2285 1342 2349 1374 tuis

1350 1394 1451 1433 justis
1475 1393 1755 1432 postulationibus
1781 1393 1960 1423 clementer
1976 1394 2164 1430 annuimus,
2183 1398 2213 1425 et
2227 1395 2350 1426 Coven-

1354 1451 1499 1477 trensem
1524 1446 1709 1481 ecclesiam,
1728 1446 1792 1482 cui,
1811 1447 1879 1476 Deo
1896 1451 2039 1482 auctore,
2056 1455 2187 1485 preesse
2203 1447 2349 1478 dinosce-

1353 1499 1415 1535 ris,
1437 1499 1497 1529 sub
1515 1499 1603 1528 beati
1622 1498 1712 1529 Petri
1731 1503 1762 1529 et
1781 1502 1894 1529 nostra
1911 1499 2112 1537 protectione
2131 1498 2348 1539 su[scipimus]

1354 1556 1385 1582 et
1402 1552 1567 1590 presentis
1584 1552 1698 1589 scripti
1714 1551 1888 1590 privilegio
1899 1555 1911 1572 ²
1927 1551 2167 1582 communimus
2181 1562 2187 1588 ;
2207 1555 2350 1582 statuen—

1354 1609 1403 1635 tes
1434 1608 1470 1634 ut
1502 1613 1729 1643 quascumque
1757 1604 2002 1642 possessiones,
2037 1613 2240 1643 quecumque
2267 1604 2351 1635 bona

1355 1657 1468 1687 eadem
1485 1657 1625 1687 ecclesia
1641 1657 1923 1695 inpresentiarum
1941 1657 2030 1696 juste
2046 1665 2083 1686 ac
2104 1656 2258 1687 canonice
2277 1665 2350 1695 pos-

1355 1710 1439 1739 sidet
1455 1713 1511 1739 aut
1527 1709 1561 1738 in
1576 1710 1727 1739 futurum
1741 1713 1815 1745 etc.,
1828 1718 1934 1748 usque
1947 1719 1953 1738 ε
1967 1709 2061 1739 firma
2071 1709 2132 1739 tibi
2143 1709 2272 1748 tuisque
2283 1716 2350 1739 suc-

1355 1762 1542 1792 cessoribus
1559 1766 1590 1792 et
1605 1761 1734 1791 illibata
1752 1766 1979 1800 permaneant.
2003 1763 2042 1792 In
2061 1761 2181 1801 quibus
2198 1761 2258 1792 hec
2276 1769 2350 1800 pro-

1354 1814 1436 1852 priis
1452 1814 1606 1844 duximus
1624 1814 1795 1844 vocabulis
1816 1815 2028 1852 exprimenda
2045 1824 2052 1843 ε
2069 1814 2176 1844 locum
2193 1813 2300 1852 ipsum
2315 1813 2351 1843 in

1355 1876 1418 1905 quo
1434 1867 1562 1904 prefata
1578 1866 1718 1896 ecclesia
1734 1867 1799 1896 sita
1814 1871 1874 1902 est,
1889 1875 1964 1896 cum
1979 1866 2132 1896 omnibus
2146 1864 2351 1904 pertinentiis

1354 1919 1424 1949 suis
1435 1929 1440 1953 3
1455 1923 1588 1948 centum
1600 1928 1730 1957 quoque
1743 1918 1880 1949 libratas
1895 1923 1992 1955 terre,
2005 1918 2158 1949 videlicet
2168 1916 2349 1953 Hardewic,

1354 1972 1562 2006 Huntonam,
1577 1971 1835 2007 Druimerston.,
1852 1972 2063 2009 NVaspreton.
2075 1971 2097 2006 ⁸,
2117 1971 2240 2006 Scam.;
2257 1969 2352 1999 dimi-

1355 2023 1447 2053 dium
1463 2032 1582 2053 census
1599 2023 1790 2059 Coventrei,
1809 2028 1839 2054 et
1862 2023 2036 2054 ecclesiam
2051 2024 2169 2054 Sancte
2183 2021 2351 2052 Trinitatis

1356 2076 1504 2115 ejusdem
1519 2076 1597 2112 loci;
1614 2076 1841 2106 molendinum
1853 2077 2024 2113 Olleston.,
2042 2080 2072 2106 et
2086 2075 2221 2114 triginta
2233 2074 2350 2106 solidos

1354 2129 1389 2158 in
1406 2129 1565 2164 Winew.,
1577 2138 1640 2168 que
1659 2129 1838 2159 Laurentio
1853 2129 1957 2168 priori
1973 2132 2004 2159 et
2021 2128 2191 2158 monachis
2209 2126 2351 2167 ejusdem

1353 2180 1435 2216 loci,
1454 2181 1559 2211 artius
1579 2185 1609 2212 et
1630 2181 1822 2220 religiosius
1839 2181 1936 2211 solito
1952 2181 2037 2210 inibi
2052 2181 2192 2211 Domino
2208 2179 2351 2210 servien-

1354 2232 1461 2268 tibus,
1479 2233 1519 2263 ad
1540 2234 1735 2263 servandam
1752 2233 1947 2271 religionem
1964 2238 1995 2264 et
2009 2232 2266 2271 hospitalitatem
2282 2238 2352 2262 sec-

1354 2285 1504 2321 tandam,
1530 2285 1614 2316 bone
1644 2286 1802 2316 memorie
1835 2309 1854 2314 ..
1885 2286 2097 2324 predecessor
2125 2289 2201 2315 tuus
2229 2283 2351 2314 intuitu

1354 2338 1494 2367 contulit
1519 2338 1667 2376 pietatis,
1689 2342 1720 2368 et
1741 2338 1880 2368 consilio
1905 2338 1989 2368 bone
2014 2332 2171 2368 memorie
2191 2334 2348 2370 Alherici,

1354 2390 1520 2420 Ostiensis
1547 2391 1692 2429 episcopi
1709 2392 1730 2426 ⁴,
1757 2395 1835 2420 tunc
1858 2389 2045 2428 Apostolice
2068 2390 2161 2420 Sedis
2186 2387 2301 2426 legati,
2321 2389 2352 2417 et

1353 2442 1586 2480 religiosorum
1602 2443 1830 2481 episcoporum
1847 2447 1878 2473 et
1894 2443 2049 2472 abbatum
2065 2441 2209 2480 regionis
2222 2438 2349 2478 Angue,

1354 2494 1517 2524 dictorum
1539 2495 1776 2525 monachorum
1796 2495 1913 2525 usibus
1937 2494 2115 2533 deputavit.
2133 2493 2214 2533 [Que
2231 2489 2350 2529 omnia]

1353 2546 1479 2584 prefate
1496 2547 1634 2577 ecclesie
1651 2547 1788 2586 ejusque
1805 2546 2033 2581 servitoribus,
2051 2545 2091 2575 ad
2107 2543 2268 2582 exemplar
2282 2541 2351 2573 feli-

1354 2598 1401 2628 cis
1423 2599 1661 2629 recordationis
1681 2599 1869 2629 Innocentii
1888 2603 1918 2629 et
1936 2598 2030 2628 Lucii
2047 2599 2068 2633 ⁵,
2088 2597 2352 2636 predecessorum

1386 2728 1407 2752 1.
1425 2728 1479 2753 Sur
1491 2729 1516 2752 le
1533 2729 1627 2753 chiffre
1641 2729 1674 2753 de
1689 2729 1869 2757 l'indication,
1886 2729 1920 2753 cf.
1937 2736 2033 2758 supra,
2050 2732 2078 2752 η’
2092 2727 2160 2752 2925.

1384 2772 1407 2807 2¹.
1424 2774 1473 2797 Ms.
1489 2781 1495 2796 .·
1510 2772 1541 2803 pi.

1385 2815 1407 2840 3.
1425 2816 1498 2839 Pour
1518 2819 1693 2846 Waspmon.

1384 2859 1406 2882 ¹1.
1424 2859 1542 2889 Alberic,
1557 2860 1661 2890 eveque
1676 2860 1780 2884 d'Ostio
1797 2861 1830 2884 de
1847 2861 1905 2885 1138
1921 2861 1936 2884 ὲ,
1953 2859 2019 2884 1148.

1386 2903 1407 2926 5.
1423 2903 1556 2927 Innocent
1572 2904 1595 2928 11
1612 2907 1638 2928 et
1654 2904 1756 2928 Lucius
1771 2905 1804 2935 11,
1822 2904 2043 2935 contemporains
2057 2903 2090 2926 de
2102 2901 2224 2931 l'eveque
2240 2898 2350 2927 d'Ostie.
