2519 3518
172 269 229 299 945
848 265 853 270 ’
1032 261 1223 298 οΝΖιΕΜΕ
1247 268 1404 298 ANNEE.
2206 269 2264 298 946

174 336 275 366 cende
291 336 514 374 obligationis,
539 336 624 365 sicut
641 335 740 365 etiam
757 343 816 365 nec
833 335 986 366 tollende,
1004 334 1176 373 presertim

175 397 249 418 cum
266 389 351 418 bona
372 389 452 418 fides
471 393 502 418 et
515 389 626 427 justus
649 388 775 422 titulus,
795 388 867 417 sine
886 387 1008 426 quibus
1028 387 1060 416 in
1081 386 1178 416 rebus

174 441 410 472 ecelesiasticis
432 450 496 471 non
520 441 624 470 currit
650 441 860 478 prescriptio,
890 449 953 470 non
979 440 1176 478 probentur:

175 499 244 524 tum
263 494 362 524 etiam
383 494 462 533 quia
484 494 518 523 in
542 494 754 523 institutione
771 493 943 523 Benedicti
965 493 1103 521 dicitur-¹
1123 501 1179 530 per

173 547 449 578 Cautuariensem
469 547 754 585 archiepiscopum
777 547 976 584 interrupta:
995 554 1093 584 quem
1114 554 1176 574 non

175 600 315 630 electum
339 609 357 629 a
382 600 486 632 vobis,
509 600 565 630 sed
592 600 703 629 datum
728 599 768 628 ab
797 599 910 629 eodem
933 599 1180 636 archiepiscopo

175 652 328 681 dicimini
349 652 525 690 recepisse,
552 656 646 690 prout
665 656 856 690 procurator
874 652 979 690 ipsius
997 650 1180 688 archiepis-

175 705 248 743 copi
274 714 330 743 per
352 705 511 744 quosdam
537 710 636 735 testes
665 705 759 734 nisus
787 709 835 734 est
859 705 1083 742 comprobare.
1113 705 1180 734 Nec

177 759 342 797 possessio
358 768 456 797 quam
473 758 630 796 probasse
647 758 819 787 videmini.
838 757 930 787 vobis
948 757 1088 795 prodest.
1107 765 1179 786 cum

176 812 211 841 in
228 811 388 842 electione
405 820 467 850 que
485 811 601 841 ultimo
617 812 703 841 facta
721 815 770 841 est
788 811 826 840 de
843 811 998 844 Hem-ico,
1017 814 1045 839 et
1063 810 1182 839 confir-

176 864 322 894 matione
337 864 579 902 archiepiscopi
597 864 786 897 subsecuta,
805 868 944 902 utraque
967 873 1042 901 pars
1061 871 1182 892 renun-

178 917 269 947 tiarit
284 926 436 955 expresse
450 917 519 956 juri
536 917 622 955 quod
638 917 703 946 sibi
722 926 758 946 ex
777 917 825 945 eis
841 917 949 946 fuerat
969 916 1181 954 acquisitum.

177 971 263 1000 sicut
282 970 428 1000 exhibite
443 970 478 999 in
493 970 618 1008 judicio
635 969 714 999 dicti
731 969 971 1007 archiepiscopi
987 969 1096 998 littere
1110 977 1184 997 con-

178 1023 339 1053 tinebant.
364 1023 510 1052 Rursum
532 1026 631 1052 testes
654 1022 694 1051 ad
710 1022 910 1060 probandam
928 1021 1100 1051 electionis
1117 1021 1184 1049 sor-

178 1084 263 1105 mam
279 1075 431 1105 inductos
448 1085 466 1105 a
482 1075 586 1110 vobis,
606 1075 734 1104 ratione
751 1074 996 1104 contrarietatis
1007 1073 1183 1111 reprobare

179 1128 274 1158 nisus
302 1132 351 1158 est
379 1127 466 1157 idem
494 1127 735 1165 archiepiscopi
762 1131 964 1165 procurator.
992 1126 1081 1164 quia,
1110 1134 1183 1155 cum

179 1180 278 1210 unica
295 1184 422 1210 tantum
440 1180 559 1210 fuisset
586 1179 714 1213 electio,
738 1179 872 1218 quidam
896 1179 1041 1217 ipsorum
1060 1187 1131 1208 eam
1149 1178 1182 1206 in

178 1232 530 1271 capellainfirmitorii‚
541 1232 715 1270 etquidam
731 1232 851 1261 factam
869 1232 904 1260 in
920 1231 1064 1269 capitulo
1076 1236 1185 1260 astru-

179 1290 306 1316 xerunt.
332 1286 437 1323 Super
457 1284 692 1315 declarationis
709 1293 785 1314 vero
804 1285 947 1322 negotio,
971 1283 1062 1313 litem
1088 1288 1184 1321 negat

179 1348 254 1376 pars
271 1337 511 1376 archiepiscopi
527 1341 754 1373 contestatam,
775 1346 861 1370 cum,
876 1337 961 1366 sieut
973 1337 1104 1370 asserit,
1120 1345 1184 1365 non

179 1391 219 1420 ad
235 1391 431 1429 petitionem
447 1399 643 1428 responsum
659 1390 772 1425 suerit,
791 1390 848 1419 sed
866 1389 906 1419 ad
926 1398 1072 1418 causam.
1090 1389 1186 1419 Unde

179 1444 287 1473 dictus
301 1443 540 1480 archiepiscopi
555 1447 747 1480 procurator
761 1442 955 1472 electionem
971 1442 1108 1471 eandem
1122 1450 1185 1471 non

179 1496 451 1529 confirmandam,
481 1495 536 1525 sed
558 1495 792 1524 infirmandam
818 1495 927 1533 potius
951 1495 1131 1525 asserebat.
1156 1499 1185 1524 et

178 1549 218 1579 de
235 1548 366 1585 negotio
380 1548 615 1577 declarationis
632 1556 669 1577 ex
683 1548 813 1585 integro
829 1547 1106 1584 cognoscendum.
1124 1547 1187 1577 Sed

179 1602 220 1631 ad
241 1601 302 1631 hec
324 1601 387 1631 fuit.
412 1610 450 1631 ex
478 1605 569 1639 parte
595 1605 703 1630 vestra
732 1600 842 1630 taliter
870 1600 1076 1638 replicatum,
1101 1600 1188 1639 quod

180 1654 364 1693 predictum
387 1654 592 1691 Alex[andri]
614 1653 825 1692 privilegium
845 1653 909 1683 fuit
931 1662 988 1691 per
1013 1653 1091 1683 falsi
1109 1662 1188 1691 sug-

179 1707 361 1746 gestionem
381 1707 564 1741 obtentum,
589 1716 663 1736 cum
687 1707 790 1736 multo
815 1712 890 1737 ante
913 1707 997 1736 illud
1020 1707 1187 1737 Roffensis

178 1761 387 1799 episcopatus
405 1760 508 1790 fuerit
524 1759 724 1789 constitutus
737 1764 767 1789 et
781 1759 911 1789 dotatus
927 1760 1084 1789 munifice
1101 1768 1119 1788 a
1135 1768 1188 1788 re-

178 1813 275 1851 gibus
294 1812 414 1850 Anglie
431 1813 488 1851 qui
507 1821 564 1850 pro
582 1817 726 1850 tempore
743 1813 934 1847 extiterunt,
951 1813 1036 1842 sicut
1055 1817 1119 1841 tam
1130 1821 1188 1850 per

179 1866 267 1896 Bede
293 1866 465 1904 ystoriam,
494 1874 558 1904 que
583 1865 724 1895 celebris
748 1865 889 1895 habetur
911 1875 969 1904 per
996 1870 1095 1895 totam
1119 1866 1188 1894 An-

179 1918 291 1956 gliam,
313 1928 411 1957 quam
435 1928 492 1956 per
509 1919 657 1956 ipsorum
682 1927 797 1956 regum
821 1918 995 1956 privilegia
1021 1918 1186 1948 edocetur.

179 1972 249 2001 Nec
270 1971 304 2000 in
322 1980 359 2001 eo
378 1972 413 2001 fit
430 1971 555 2001 mentio
571 1971 610 2001 de
628 1972 754 2009 prefato
771 1971 946 2009 privilegio
963 1971 1112 2005 Adriani.
1135 1971 1187 2000 cui

181 2033 245 2054 non
266 2029 313 2055 est
331 2034 388 2062 per
405 2024 601 2063 jamdictum
626 2024 831 2061 Alex[andri]
855 2023 1066 2062 privilegium
1094 2024 1188 2053 dero-

181 2082 304 2116 gatum.
323 2078 411 2116 quia,
439 2078 500 2107 etsi
526 2078 565 2108 de
584 2078 659 2116 jure
682 2078 861 2107 communi.
885 2077 939 2107 cui
965 2086 1021 2115 per
1046 2076 1188 2115 speciale

180 2130 393 2169 privilegium
423 2131 610 2167 derogatur,
642 2139 706 2159 non
738 2130 781 2159 sit·
808 2130 842 2159 in
870 2130 982 2159 eodem
1015 2129 1189 2168 privilegio

181 2184 306 2214 mentio
323 2183 485 2218 facienda,
502 2192 576 2212 cum
593 2183 626 2212 in
643 2187 772 2221 pectore
789 2192 848 2212 suo
861 2183 981 2212 habeat
994 2182 1189 2221 omniajura

181 2235 347 2274 princeps,
366 2245 495 2274 semper
513 2240 621 2265 tamen
642 2235 737 2265 debet
758 2236 791 2264 in
812 2244 849 2265 eo
868 2235 940 2265 fieri
963 2235 1087 2265 mentio
1107 2235 1189 2264 alte-

182 2289 253 2318 rius
271 2288 439 2326 privilegii
464 2288 631 2326 specialis,
655 2297 728 2317 cum
754 2289 924 2318 Romanus
946 2288 1097 2317 Pontifex
1120 2297 1190 2317 om-

182 2341 275 2371 nium
291 2341 417 2380 jurium
435 2341 539 2379 possit
556 2341 678 2370 habere
700 2341 905 2375 memoriam,
924 2349 988 2370 non
1006 2341 1166 2370 factorum
1183 2351 1188 2374 ;

182 2403 243 2424 nec
261 2394 361 2424 etiam
378 2404 435 2432 per
451 2394 550 2424 verba
567 2395 601 2423 in
616 2403 652 2424 eo
670 2394 775 2432 posita
796 2393 912 2424 electio
931 2394 994 2432 ipsi
1011 2393 1189 2432 archiepis-

182 2456 273 2486 copo,
292 2447 350 2477 sed
366 2447 534 2476 institutio
551 2447 672 2485 potius.
696 2447 728 2476 id
745 2451 791 2476 est
810 2446 1028 2476 confirmatio.
1047 2451 1095 2476 est
1112 2455 1190 2475 con-

182 2509 286 2534 cessa.
314 2509 388 2530 cum
414 2499 531 2529 electio
559 2499 598 2529 ab
624 2499 836 2529 institutione
861 2499 1002 2528 differat.
1035 2504 1062 2528 et
1092 2499 1190 2529 verbo

182 2553 406 2582 institutionis
433 2557 569 2582 utantur
597 2561 740 2582 canones
765 2561 823 2590 pro
848 2552 1098 2581 confirmatione
1123 2552 1190 2581 fre-

183 2610 341 2645 quenter;
360 2614 423 2644 que
450 2605 550 2635 etiam
569 2614 633 2634 non
656 2605 824 2634 causative
847 2605 904 2634 sed
922 2603 1191 2634 conditionaliter

183 2658 293 2697 potius
320 2663 397 2688 sunt
427 2658 580 2692 tenenda.
609 2657 642 2686 id
672 2662 736 2692 est,
766 2657 794 2687 si
824 2657 961 2696 antiqua
988 2656 1190 2686 consuet-udo

183 2710 437 2742 Cantuariensis
451 2709 590 2740 ecclesie
607 2710 682 2739 talis
696 2710 760 2739 fuit
777 2714 806 2740 et
827 2709 1076 2748 predecessores
1098 2708 1191 2738 illius

183 2763 425 2801 archiepiscopi
446 2762 607 2792 hactenus
626 2763 673 2792 sic
690 2764 858 2797 fecerunt;
877 2763 915 2792 de
932 2772 997 2801 qua
1013 2766 1191 2792 consuetu-

184 2815 261 2846 dine
285 2815 336 2845 vel
361 2815 448 2854 quod
472 2815 722 2853 predecessores
749 2816 795 2845 ita
818 2815 969 2845 fecerint.
997 2823 1062 2844 non
1087 2819 1137 2844 est
1156 2814 1190 2843 in

219 2935 239 2958 1.
255 2934 468 2958 sous-entendu
486 2940 491 2957 :
508 2936 689 2963 prescriptio.

309 2984 495 3015 onec—‚onze
514 2991 560 3016 ix,
583 2996 601 3014 t.
622 2992 654 3015 u.

1258 333 1383 370 judicio
1407 334 1490 363 facta
1518 334 1609 363 fides.
1642 344 1713 363 cum
1742 335 1922 363 verisimile
1951 343 2013 364 non
2036 335 2151 364 existat
2176 334 2261 373 quod

1262 386 1346 414 idem
1373 386 1569 416 Alexander,
1595 387 1705 425 quide
1724 387 1860 416 veritate
1885 396 2027 425 precum.
2054 386 2262 425 presentibus

1263 437 1421 475 partibus.
1441 447 1504 468 non
1521 439 1684 474 cognovit.
1703 444 1731 467 et
1745 439 1795 468 cui
1810 440 1923 468 merita
1936 448 2033 468 cause
2047 448 2110 468 non
2129 440 2263 469 suerunt

1262 490 1445 519 assertione
1463 491 1603 528 partium
1621 492 1792 529 panfsacta.
1809 491 1873 520 alia
1887 492 1983 521 verba
1999 492 2143 529 posuerit
2159 501 2264 521 asser-

1263 542 1337 571 tive.
1358 542 1420 571 Sed
1439 547 1469 571 et
1495 543 1626 580 scriptis
1650 542 1795 581 illisque
1815 548 1964 580 excerpta
1986 543 2023 573 de
2043 544 2190 582 antiquis
2207 553 2263 572 vo-

1263 594 1446 624 luminibus
1469 601 1674 629 asseruntur,
1698 596 1907 634 aliquatenus
1933 606 1995 625 non
2019 601 2065 626 est
2083 596 2235 625 standum
2255 606 2262 624 :

1264 652 1332 676 tum
1349 648 1427 686 quia
1443 648 1481 677 de
1498 649 1644 686 ipsorum
1662 649 1798 690 verita-te
1822 658 1884 677 non
1909 654 2052 678 constat:
2078 653 2145 678 tum
2164 649 2263 678 etiam

1263 700 1341 738 quia
1355 700 1501 738 exemplo
1519 701 1740 738 perniciosum
1759 707 1806 730 cst
1826 707 1858 729 ut
1876 702 1905 731 ei
1923 702 2083 739 scripture
2100 701 2263 733 credatur,

1264 763 1327 792 qua
1355 754 1585 792 unusquisque
1616 754 1680 783 sibi
1711 754 1882 792 fislflssione
1914 755 2043 792 propria
2070 755 2263 784 constituit¹

1264 806 1463 836 debitorem:
1484 807 1605 845 quibus
1631 807 1659 835 si
1685 807 1783 836 etiam
1807 807 1889 836 alias
1913 807 2066 836 standum
2083 812 2181 841 esset.
2200 816 2264 837 non

1266 864 1374 888 tamen
1389 868 1446 897 per
1459 868 1497 888 ea
1513 858 1629 889 electio
1647 859 1812 888 Rom-usis
1830 860 1973 897 episcopi
1991 860 2076 888 sacta
2091 870 2146 897 per
2161 860 2266 888 archi-

1266 912 1454 949 episcopum
1474 911 1676 949 probaretur.
1694 912 1760 941 Nec
1778 917 1824 941 est
1843 921 1954 941 verum
1975 912 2060 950 quod
2078 922 2094 940 a
2113 918 2201 950 parte
2219 912 2267 941 al-

1267 969 1333 993 tera
1353 963 1525 1001 allegatur,
1549 964 1701 993 videlicet
1722 965 1807 1002 quod
1837 974 1872 993 ex
1898 974 1995 993 cursu
2020 965 2175 1002 temporis
2193 965 2267 994 nul-

1266 1016 1331 1045 lum
1346 1017 1400 1054 jus
1419 1016 1451 1044 in
1476 1015 1694 1045 electionibus
1722 1016 1922 1045 vendicetur.
1944 1026 2015 1045 cum
2045 1017 2077 1044 in
2104 1016 2152 1045 eis
2178 1016 2268 1045 sufli-

1266 1069 1329 1097 ciat
1342 1074 1375 1097 ut
1387 1073 1514 1106 tempus
1527 1068 1567 1097 ad
1578 1069 1849 1106 prescriptionem
1862 1068 2042 1105 legitimam
2059 1069 2267 1106 producatur.

1266 1122 1334 1150 Nec
1354 1121 1490 1159 juvatur
1508 1121 1578 1150 suis
1596 1121 1735 1150 testibus
1752 1130 1826 1158 pars
1844 1121 1991 1149 adversa.
2019 1130 2091 1149 cum
2119 1130 2174 1158 per
2195 1121 2268 1150 illos

1268 1173 1372 1203 nichil
1397 1173 1552 1211 probetur
1572 1174 1716 1211 penitus,
1744 1178 1854 1211 utpote
1877 1174 1910 1202 in
1937 1174 2006 1202 suis
2029 1173 2270 1202 assertionibus

1268 1226 1455 1263 singulares
1464 1229 1485 1254 2.
1507 1226 1725 1256 Renuntiatio
1742 1234 1872 1264 quoque
1889 1234 1906 1254 a
1924 1231 2013 1263 parte
2031 1225 2271 1263 archiepiscopi

1268 1279 1409 1317 allegata
1426 1278 1552 1308 nullum
1570 1278 1663 1307 vobis
1678 1278 1896 1317 prejudicium
1915 1278 2070 1307 afferebat
2087 1288 2093 1306 2
2110 1283 2177 1307 tum
2194 1278 2273 1316 quia

1269 1332 1390 1361 litteris
1406 1331 1552 1370 ejusdem
1571 1331 1811 1368 archiepiscopi
1829 1339 1892 1359 non
1911 1336 1957 1360 est
1976 1330 2055 1360 fides
2073 1330 2105 1359 in
2126 1335 2272 1359 vestrum

1269 1385 1489 1424 prejudicium
1506 1383 1708 1417 adhibenda;
1728 1388 1795 1412 tum
1813 1383 1890 1421 quia
1918 1383 1992 1412 talis
2012 1384 2225 1413 renuntiatio.
2245 1383 2274 1412 si

1269 1438 1474 1476 probaretur,
1493 1437 1592 1467 etiam
1618 1436 1749 1466 vacanti
1774 1441 1848 1465 tunc
1871 1436 2009 1466 ecclesie
2034 1445 2096 1465 non
2115 1436 2272 1465 nocebat:

1258 1496 1337 1519 .tum
1355 1490 1433 1529 quia
1450 1489 1654 1527 possessioni
1671 1489 1763 1527 prius
1778 1488 1890 1518 habite
1908 1489 1941 1517 in
1959 1488 2118 1518 electione
2135 1489 2273 1518 duorum

1270 1544 1497 1581 episcoporum
1509 1542 1655 1580 proximo
1665 1542 1906 1571 decedentium.
1917 1541 2044 1570 nullum
2056 1542 2275 1579 prejudicium

1271 1596 1465 1634 parabat111·;
1485 1600 1554 1624 tum
1571 1595 1670 1624 etiam
1687 1595 1776 1633 quia.
1795 1603 1869 1623 cum
1886 1594 1971 1623 idem
1991 1594 2271 1632 archiepiscopus.

1270 1647 1495 1678 confirmando
1528 1647 1725 1677 Heni-icum.
1758 1646 1880 1676 directe
1915 1647 2144 1684 protestationi
2175 1656 2272 1685 quam

1271 1702 1405 1735 fecerat,
1431 1701 1589 1734 obviaret,
1616 1700 1701 1728 sacta
1722 1708 1795 1728 eum
1820 1699 2011 1737 protestatio
2037 1708 2099 1729 non
2126 1699 2270 1737 juvabat.

1271 1755 1339 1784 Nec
1366 1758 1459 1783 nocet
1480 1753 1656 1782 diversitas
1681 1761 1778 1790 quam
1806 1752 1838 1780 in
1867 1751 2006 1781 testibus
2024 1752 2142 1781 vestris
2162 1757 2274 1781 notare

1271 1807 1374 1837 voluit
1397 1816 1472 1844 pars
1489 1806 1637 1835 adversa.
1658 1814 1730 1834 cum
1750 1814 1812 1834 non
1831 1804 1994 1842 deponant
2011 1804 2049 1833 de
2071 1805 2182 1833 eodem
2200 1809 2273 1834 actu

1272 1865 1301 1889 et
1318 1859 1428 1893 unico,
1447 1859 1503 1888 sed
1519 1858 1672 1887 diversis.
1686 1858 1763 1896 quia
1778 1858 2058 1894 compromissarii
2072 1857 2165 1885 illum
2177 1866 2273 1895 quem

1271 1918 1397 1942 secreto
1414 1913 1501 1941 inter
1518 1921 1551 1941 se
1568 1912 1602 1940 in
1620 1910 1745 1948 capella
1762 1911 1852 1948 prius
1870 1909 2046 1947 elegerant,
2068 1910 2273 1947 postmodum

1270 1966 1306 1994 in
1322 1964 1465 2003 capitulo
1479 1964 1706 2001 sollempniter
1720 1963 1906 2000 elegerunt:
1923 1972 2020 2000 quam
2034 1962 2273 2000 solle[1n]pnen]

1272 2018 1466 2048 electionem
1480 2016 1736 2055 publicationem
1750 2015 1882 2054 quidam
1897 2015 2030 2044 testium
2044 2015 2272 2044 nominarunt:

1272 2080 1331 2100 nec
1347 2079 1450 2100 unum
1468 2069 1595 2107 reliquo
1607 2069 1811 2098 adversatur.
1828 2068 1917 2105 quia.
1931 2076 2003 2096 cum
2022 2067 2165 2104 eligendi
2182 2073 2273 2096 actus

1271 2124 1312 2153 sit
1329 2122 1504 2157 iterabilis.
1524 2128 1699 2159 utrumque
1713 2121 1817 2159 potuit
1834 2120 1915 2150 bene
1933 2129 2016 2149 esse.
2031 2125 2060 2150 et
2074 2120 2145 2149 lieri
2159 2120 2276 2150 electio

1271 2177 1324 2206 hic
1341 2181 1371 2206 et
1388 2175 1453 2204 ibi:
1471 2175 1505 2204 in
1523 2184 1588 2213 quo
1603 2174 1630 2203 si
1643 2179 1741 2203 testes
1757 2173 1948 2203 viderentur
1961 2173 2060 2202 etiam
2074 2173 2271 2208 discordare,

1271 2230 1415 2267 benigna
1441 2228 1714 2266 interpretatione
1743 2232 1853 2256 essent
1879 2226 1919 2255 ad
1944 2226 2151 2255 concordiam
2178 2225 2275 2255 redu-

1271 2282 1384 2317 cendi;
1402 2282 1459 2320 qui
1476 2281 1504 2310 si
1521 2281 1619 2310 etiam
1636 2276 1747 2309 reduci
1763 2279 1801 2308 ad
1816 2278 2024 2308 concordiam
2037 2287 2100 2307 non
2117 2278 2274 2308 valerent.

1271 2336 1349 2375 quia
1367 2335 1476 2374 plures
1493 2335 1532 2364 ad
1551 2334 1751 2372 probandam
1777 2332 1970 2362 electionem
1998 2332 2116 2360 factam
2136 2331 2169 2359 in
2186 2331 2276 2369 capi-

1272 2389 1339 2418 tulo
1355 2389 1569 2418 inducuntur.
1588 2387 1668 2416 fides
1683 2387 1829 2424 ipsorum
1846 2385 2035 2414 testimonio
2050 2389 2097 2413 est
2113 2384 2273 2413 habenda.

1272 2442 1426 2472 Ceterum
1449 2449 1547 2478 super
1574 2438 1808 2468 declarationis
1835 2438 1976 2472 negotio,
2011 2437 2158 2473 negando
2184 2436 2274 2465 litem

1273 2498 1487 2524 contestatam
1516 2493 1592 2529 fuge
1619 2492 1778 2530 presidio.
1808 2500 1881 2528 pars
1912 2490 2014 2519 altera
2041 2498 2104 2518 non
2128 2490 2272 2527 juvatur.

1272 2556 1346 2577 cum
1363 2556 1420 2585 per
1437 2546 1660 2576 narrationem
1674 2544 1751 2573 facti
1765 2549 1793 2573 et
1808 2543 2100 2572 contradictionem
2115 2542 2274 2579 objectam

1274 2609 1332 2630 seu
1356 2599 1606 2638 responsionem
1630 2602 1775 2627 secutam
1804 2596 1865 2625 rite
1893 2595 2089 2624 contestatio
2115 2594 2183 2622 litis
2206 2595 2272 2622 liat.

1274 2653 1414 2682 maxime
1439 2661 1513 2681 cum
1538 2660 1595 2689 per
1620 2649 1842 2679 narrationem
1868 2653 1897 2677 et
1927 2647 2172 2684 responsionem
2198 2645 2273 2674 hinc

1306 2798 1328 2821 1.
1346 2797 1494 2821 L'ecriture
1511 2796 1546 2819 du
1564 2795 1667 2818 seuitlet
1684 2793 1727 2816 332
1744 2798 1766 2815 r*
1785 2797 1826 2815 est
1847 2793 1927 2814 d'une
1945 2792 2047 2814 lecture
2070 2794 2186 2812 souvent
2203 2789 2273 2811 diffi-

1274 2843 1335 2870 cile,
1352 2842 1454 2871 pai-fois
1477 2840 1626 2863 douteuse.
1647 2845 1693 2868 par
1713 2838 1784 2860 suite
1806 2836 1838 2858 de
1858 2836 1958 2858 l'usure
1982 2834 2017 2856 du
2038 2834 2202 2864 parchemin,
2218 2833 2273 2862 qui,

1275 2893 1308 2909 cn
1325 2889 1414 2914 outre,
1431 2889 1471 2907 est
1488 2883 1592 2906 macule
1609 2889 1642 2905 en
1659 2882 1729 2904 deux
1745 2880 1877 2903 endroits.

1305 2930 1330 2952 2.
1349 2929 1385 2952 La
1401 2929 1481 2952 finale
1495 2928 1528 2951 de
1545 2934 1575 2950 ce
1592 2931 1646 2949 mot
1663 2930 1703 2948 est
1720 2925 1863 2947 douteuse.

2125 2978 2154 3000 w
