2519 3518
68 331 122 362 161
903 319 1132 358 NEUVIEME
1154 319 1311 355 Anxnn.
2094 330 2148 359 162

67 396 200 424 mandet.
219 411 249 415 —
267 397 353 428 (Rno.
370 396 419 429 18,
437 398 456 423 f.
473 397 508 424 69
527 400 564 429 r⁰;
581 406 649 424 ann.
668 397 720 430 IX,
737 406 762 424 c.
779 397 847 428 222;
865 411 895 414 —
912 396 950 421 cf.
973 394 1068 420 Paes-

69 451 153 472 surri
168 444 235 471 5941
253 446 280 470 ct
295 443 388 476 6239.)

110 555 123 570 α
151 565 170 571 ..
196 543 296 571 abbati
319 544 425 572 Sancti
450 544 526 574 Celsi
547 543 813 582 illcdiolfflncnsiffl.
839 543 920 573 Cum
947 541 1067 570 dudum

66 594 152 625 bone
178 595 334 625 memorie
361 596 400 625 ll.
424 604 523 634 papa,
550 596 760 634 predecessor
788 599 908 629 noster,
936 603 1068 623 causam

70 656 134 686 que
155 647 344 677 vertebatur
365 648 450 677 inter
474 671 493 676 ..
514 647 664 677 abbatem
689 648 799 677 Sancti
822 647 926 676 Silani
949 646 987 675 ‹le
1004 647 1069 675 lto-

68 699 269 739 magnan[o],
288 709 324 729 ex
342 704 432 738 parte
448 710 524 733 nna,
544 705 571 729 ct
590 709 761 729 commune
778 700 1012 730 Vercellaruni.
1032 708 1068 728 ex

68 751 145 786 alia,
165 761 262 790 super
275 752 425 790 dampnis
438 752 478 781 ab
490 752 602 782 eodem
615 752 780 781 communi
797 751 1068 781 111‹›11:·st‹.·ri0s110

68 803 187 838 illatis,
210 803 391 833 venerabili
416 804 511 833 fratri
531 809 641 833 nostro
660 827 678 832 ..
699 804 851 841 Papiensi
869 804 1020 841 episcopo
1039 808 1068 832 et

69 855 205 894 collegis
218 856 287 885 suis
301 857 428 886 duXerit
443 857 721 892 committendam,
739 861 769 886 et¹
786 857 846 894 ipsi
860 856 1067 885 dillinitivam

67 917 126 946 pro
145 917 181 938 eo
202 909 400 938 sententiam
420 909 674 947 promulgarint,
699 908 821 938 dictmn
843 917 1015 937 comnmne
1035 907 1066 936 in

69 961 197 990 duobus
224 961 359 991 milibus
385 966 415 991 et
440 962 595 991 trecentis
619 961 713 991 libris
742 961 965 999 imperialium
991 969 1068 990 con-

68 1012 275 1051 dempnando
303 1023 309 1042 :
338 1013 418 1052 ipsi,
449 1013 565 1044 Sedent
595 1013 815 1052 Apostolicam
848 1013 1065 1051 appellantes,

68 1065 299 1103 appellationis
336 1075 469 1095 cansam
510 1065 628 1095 dilecto
670 1066 736 1095 tilio
777 1089 796 1094 ..
835 1065 1067 1095 archidiacono

67 1117 308 1148 Mediolanensi
347 1123 378 1148 et
409 1118 637 1157 conjudicibus
671 1118 740 1147 suis
777 1118 948 1147 obtinuere
983 1127 1066 1147 com-

65 1169 172 1205 mitti,
202 1170 270 1208 qui.
300 1175 459 1209 qnantum
487 1171 528 1200 ad
554 1170 643 1200 mille
672 1175 834 1200 trecentas
861 1170 962 1199 libras
987 1179 1065 1199 ean-

64 1221 138 1251 dem
158 1223 356 1252 sententiani
379 1224 629 1257 confirmantes,
651 1222 946 1260 promintiaverunt
964 1222 997 1250 in
1014 1231 1065 1251 re-

64 1275 171 1309 siduo,
184 1275 333 1305 videlicet
345 1276 434 1305 mille
450 1276 554 1311 libris,
572 1275 674 1305 fuisse
688 1275 1062 1313 perperamjudicatum3

64 1336 84 1356 a
104 1328 225 1366 quibus
243 1328 326 1357 idem
345 1328 456 1361 abbas,
479 1328 585 1366 quoad
604 1327 691 1357 hunc
715 1327 906 1359 articulum,
926 1327 1064 1364 appella-

63 1379 123 1414 vit,
141 1384 231 1417 parte
249 1380 326 1409 dicti
346 1380 547 1414 cummunis,
567 1384 731 1418 quatenus
751 1379 928 1417 predictam
946 1379 1065 1407 contir-

63 1436 197 1461 marunt
215 1432 429 1465 sententiam,
448 1431 643 1470 appellante.
671 1431 941 1461 Procuratoribus
964 1431 1065 1467 igitur

60 1484 205 1522 partiinn
227 1484 261 1513 in
277 1483 355 1513 dicti
374 1484 616 1522 predecessoris
640 1484 743 1513 nostri
759 1483 925 1522 presentia
942 1483 1065 1513 consti-

64 1536 156 1571 tutis,
176 1540 314 1574 uterque
331 1546 404 1566 cum
421 1537 582 1566 instantia
598 1536 691 1574 petiit
705 1536 783 1565 dicti
797 1535 1022 1565 archidiaconi
1035 1539 1065 1565 et

62 1588 271 1627 conjudicum
289 1589 360 1628 ejus
377 1589 575 1619 sententiam
595 1589 801 1623 confirmari,
825 1593 988 1627 quatenus
1006 1597 1064 1626 pro

61 1641 134 1681 ejus
151 1645 242 1680 parte
259 1642 366 1671 fuerat
381 1642 598 1680 promulgata,
615 1646 646 1672 et
662 1646 825 1680 quatenus
841 1645 953 1671 contra
973 1641 1064 1671 illam

60 1693 270 1732 promulgata
291 1694 454 1729 extiterat,
472 1694 645 1723 infirmari.
665 1694 771 1728 Unde,
790 1703 863 1723 curn
875 1694 982 1723 dictus
994 1703 1064 1732 pre-

60 1746 225 1781 decessor,
244 1747 321 1785 quia
339 1747 403 1776 sibi
420 1747 458 1777 de
474 1747 579 1785 ipsius
597 1747 761 1777 sententie
775 1747 902 1777 meritis
914 1751 1064 1776 constare

61 1808 127 1830 non
146 1799 252 1838 potuit
267 1809 324 1838 per
343 1800 486 1835 eosdem,
504 1800 587 1829 bone
602 1799 759 1829 memorie
778 1823 796 1828 ..
812 1799 959 1830 Cumano
977 1800 1063 1838 epis-

62 1860 142 1890 copo
166 1856 197 1882 et
220 1852 337 1881 dilecto
358 1852 427 1882 filio
448 1852 649 1890 ..preposito
672 1852 711 1882 de
732 1852 974 1887 Rondenaria¹,
998 1852 1062 1882 Cu-

58 1913 157 1934 mane
186 1904 346 1940 diocesis,
379 1908 409 1934 et
441 1927 459 1933 ..
493 1905 771 1943 archipresbitero
798 1905 1063 1934 Decumanoruin

62 1956 340 1996 Mediolan[ensi],
360 1957 398 1986 de
414 1957 562 1995 ipsorum
575 1961 824 1995 procuratorum
841 1965 995 1991 assensu,
1014 1957 1064 1985 di-

59 2009 183 2039 rexerit
201 2009 322 2047 scripta
346 2018 416 2045 sua,
439 2013 484 2045 ut,
505 2009 544 2039 de
565 2009 730 2039 sententia
752 2009 824 2047 ipsa
842 2009 989 2046 legitime
1010 2017 1064 2038 co-

61 2065 270 2099 gnoscentes,
287 2061 505 2100 appellatione
519 2066 644 2091 remota
660 2061 892 2091 confirmarent
904 2061 954 2091 vel
970 2061 1064 2090 infir-

60 2117 191 2144 marent
215 2114 372 2150 eandem,
400 2114 486 2144 sicut
513 2114 551 2144 de
571 2114 645 2153 jure
673 2114 828 2144 existeret
851 2113 1062 2143 faciendum:

59 2166 162 2196 iidem
181 2166 368 2205 prepositus
385 2170 416 2196 et
432 2165 704 2204 archipresbiter,
723 2174 759 2195 ac
776 2165 951 2196 Lanterius
967 2166 1064 2196 Scae-

61 2218 266 2254 cabarocius,
282 2219 471 2248 ordinarius
490 2218 761 2253 Mediolanensis,
779 2218 960 2256 cognitioni
976 2219 1064 2258 ejus-

60 2271 135 2302 dem
154 2271 329 2306 sententie,
346 2271 417 2301 loco
430 2271 580 2310 jamdicti
596 2270 736 2301 Cumani
755 2271 911 2309 episcopi,
928 2271 1064 2301 interim

63 2323 188 2354 sublati
203 2323 242 2354 de
258 2323 378 2359 medio,
397 2332 415 2353 a
431 2322 513 2354 Sede
529 2322 717 2361 Apostolica
735 2323 967 2361 subi-ogratus,
987 2332 1064 2354 sen-

58 2376 197 2408 tentiam
213 2377 394 2415 supradicti
412 2376 638 2406 archidiaconi
654 2379 685 2406 et
701 2376 771 2415 ejus
787 2376 996 2414 conjudicum
1011 2377 1063 2406 fir-

57 2433 206 2465 marunt,
231 2433 392 2468 quantum
409 2429 450 2458 ad
465 2428 555 2459 mille
573 2437 609 2458 ac
625 2432 757 2458 centum
773 2432 804 2458 et
821 2429 1063 2468 quinquaginta

55 2481 172 2517 libras,
189 2481 224 2511 in
242 2481 376 2512 residuo
396 2490 490 2517 vero,
509 2481 600 2511 mille
617 2485 748 2511 centum
765 2489 801 2511 ac
820 2481 1063 2520 quinquaginta

58 2534 156 2565 libris
170 2534 334 2570 videlicet,
357 2534 587 2569 infirma1·unt;
611 2542 712 2572 quare
734 2533 797 2563 fuit
819 2542 856 2563 ex
874 2538 966 2572 parte
983 2535 1062 2565 dicti

58 2588 244 2618 communis
270 2587 310 2620 ad
332 2591 480 2617 nostram
503 2586 706 2617 audientiam
731 2586 942 2625 appellatum.
966 2587 1062 2618 Cete-

58 2648 150 2676 rum,
182 2649 257 2670 cum
285 2648 345 2670 nos
373 2639 582 2678 post-modum
609 2662 628 2668 ..
655 2639 766 2669 abbati
794 2639 906 2669 Sancti
933 2639 1062 2670 Juliani

57 2693 195 2732 suisque
221 2692 356 2731 collegis
381 2692 600 2723 direxerimus
622 2692 744 2730 scripta
768 2697 896 2728 nostra,
918 2697 964 2728 ut,
987 2701 1062 2723 cum

56 2746 297 2776 monasterium
315 2746 425 2784 ipsum
442 2754 480 2776 ex
496 2745 671 2775 sententiis
687 2754 746 2783 per
761 2745 987 2783 supradictum
1003 2746 1061 2776 Pa-

57 2798 210 2837 piensem
222 2798 410 2837 episcopum
425 2802 456 2828 et
475 2807 552 2828 suos
568 2798 757 2837 conjudices
771 2807 829 2836 pro
842 2797 929 2828 dicto
944 2797 1061 2829 abbate

50 2851 208 2891 prolatis,
235 2851 382 2882 nondum
408 2851 574 2882 mandatis
595 2850 798 2887 executioni,
823 2850 952 2880 nullum
974 2854 1061 2881 esset

87 2969 110 2994 1.
125 2971 186 2999 8ὶε;
200 2970 262 3000 plus
277 2970 335 2994 loin
349 2971 538 2994 Bondenario.

175 3020 361 3052 onneomn
378 3027 430 3056 1x,
448 3030 467 3052 t.
486 3027 522 3051 11.

1151 392 1354 420 commodum
1373 398 1599 422 consecutum.
1621 394 1724 431 ipsam
1746 394 1959 424 sententiam.
1978 395 2061 424 sicut
2075 396 2149 433 jus-

1151 447 1217 471 tum
1231 449 1328 477 esset,
1346 445 1498 484 sul·[lato]
1519 445 1749 483 appellationis
1765 445 1944 476 obstaculo.
1963 447 2147 477 exarationi

1151 496 1354 527 mandarent,
1367 498 1913 535 contradictores—compvsccendo
1928 509 1933 527 :
1949 498 2031 528 idem
2047 499 2148 529 abbas

1151 548 1267 586 suique
1288 549 1493 587 conjudices,
1521 550 1717 579 suntvntiam
1743 552 1973 579 contu-mantus
1998 552 2146 580 eandem.

1151 604 1274 637 partem
1294 601 1428 630 altu-rain
1453 602 1484 630 in
1505 602 1783 640 vigintiquinque
1803 603 2144 640 librisimperialium,

1150 662 1364 690 expensarum
1391 655 1539 683 nomine.
1558 654 1855 691 condempnarnnt.
1875 655 1907 683 in
1927 678 1946 683 ..
1965 656 2145 685 s1·in·1i‹·un=

1150 709 1180 733 et
1199 728 1218 733 ..
1237 710 1430 742 potestatem
1447 706 1715 745 Vin-celtvnstesp
1740 707 1851 736 eodem
1874 708 2038 736 connnnni
2062 708 2147 738 dicte

1151 758 1313 787 sententie
1332 768 1445 795 parere
1463 758 1603 793 nolente,
1626 759 1823 787 sententiam
1841 760 2147 790 excentumnicatio-

1151 809 1217 844 nis,
1249 810 1398 847 exigente
1421 811 1562 849 justitia.
1593 811 1843 848 pronmlgando:
1873 835 1891 840 ..
1917 812 2147 843 arcliitliacono

1151 862 1346 891 Novar-iensi
1368 868 1397 892 et
1421 864 1648 902 conjudicibus
1673 864 1776 901 ipsius
1797 864 1931 893 eanclem
1949 865 2147 894 sententiam

1150 915 1438 944 contirnn‘mtibus.
1466 916 1586 953 quibus
1613 916 1836 945 executionem
1863 917 1966 954 ipsius
1994 917 2146 946 duximus

1150 967 1432 998 committendani.
1451 978 1486 996 at·
1501 967 1785 1005 promulgantibus
1804 969 1835 997 in
1861 953 2051 1006 potestatem
2069 978 2147 998 ean-

1149 1018 1221 1047 dem
1250 1022 1280 1048 et
1309 1019 1517 1049 consiliarios
1543 1020 1612 1058 ejus
1637 1021 2000 1055 excoinmnnicationis,
2030 1027 2059 1051 et
2087 1022 2146 1059 [in]

1150 1075 1247 1099 totam
1262 1071 1428 1100 civitatem
1443 1072 1608 1101 interdicti
1627 1073 1821 1101 sententias.
1836 1073 1966 1111 justitia
1984 1074 2145 1108 exissent-2

1149 1123 1282 1157 Verum,
1298 1132 1370 1152 cum
1385 1133 1443 1153 nec
1458 1124 1504 1153 si·-
1519 1130 1719 1153 memoratns
1733 1125 1844 1154 abbas.
1860 1125 2017 1160 fatigatus
2034 1126 2146 1155 multis

1148 1175 1316 1205 laboribus
1334 1181 1363 1205 et
1381 1177 1544 1214 expensis,
1565 1186 1601 1206 vx
1621 1178 1745 1215 prefata
1763 1178 1937 1212 sententia.
1956 1183 2085 1216 propter
2099 1179 2146 1208 al-

1150 1228 1252 1257 terius
1269 1228 1371 1266 partis
1387 1230 1638 1260 contumaciamv
1661 1230 1791 1268 assequi
1807 1231 2009 1259 commodum
2027 1233 2146 1269 potuis-

1148 1284 1207 1315 set,
1228 1280 1290 1309 sibi
1309 1281 1403 1318 petiit
1422 1290 1519 1319 super
1539 1281 1599 1311 hoc,
1620 1282 1805 1319 Apostolice
1829 1282 1923 1311 Sedis
1943 1283 2146 1320 providenti-i

1147 1332 1330 1362 subveniri.
1347 1332 1494 1371 Cumque
1513 1342 1569 1363 nos
1585 1333 1649 1371 ipsi
1666 1334 1775 1363 abbati
1791 1338 1819 1363 et
1840 1335 1980 1364 lvorino.
1997 1345 2146 1372 procura-

1149 1385 1210 1414 tori
1233 1385 1393 1414 dictorum
1414 1386 1585 1422 potestatis
1608 1390 1639 1415 et¹
1661 1386 1864 1421 eommunis,
1885 1387 1918 1415 in
1941 1392 2051 1416 nostra
2075 1397 2147 1425 pre-

1147 1437 1255 1467 sentia
1279 1438 1482 1471 constitutis,
1506 1438 1662 1467 dilectum
1685 1439 1789 1467 lilium
1813 1444 1959 1468 nostrum
1989 1440 2147 1477 s[t1nt›at-

1146 1489 1246 1528 dum],
1273 1489 1360 1518 tituli
1388 1490 1499 1520 Sancti
1526 1491 1695 1520 Laurentii
1724 1491 1756 1519 in
1782 1491 1907 1520 Lucina
1928 1492 2146 1529 presbiterum

1146 1541 1362 1577 cardinalem,
1394 1543 1655 1572 concesserimus
1683 1543 1880 1578 auditorem,
1916 1544 2007 1581 petiit
2040 1544 2146 1574 dictus

1146 1594 1247 1624 abbas
1264 1594 1485 1632 supradictam
1501 1595 1711 1629 sententiam,
1725 1595 1759 1624 in
1778 1595 1868 1625 inille
1886 1596 2049 1626 videlicet.
2068 1606 2145 1626 cen-

1146 1651 1216 1676 tu1n
1234 1647 1528 1685 etquinquaginta
1540 1647 1646 1682 libris,
1668 1657 1686 1677 a
1701 1648 1798 1677 dictis
1818 1649 1982 1686 preposito
1999 1649 2037 1679 de
2059 1650 2148 1679 lton-

1145 1699 1302 1729 denario¹
1319 1703 1349 1729 et
1365 1699 1435 1729 suis
1451 1699 1679 1738 conjudicibus
1693 1700 1930 1736 confirmatam,
1947 1702 2143 1731 sententiam

1145 1761 1275 1790 quoque
1300 1761 1317 1781 a
1339 1753 1530 1782 memoratis
1555 1752 1672 1782 abbate
1693 1753 1805 1783 Sancti
1830 1753 1957 1784 ,Iuliani
1983 1759 2012 1784 et
2040 1755 2144 1792 ipsius

1145 1804 1291 1842 collegis,
1309 1804 1347 1834 de
1364 1804 1482 1842 viginti
1505 1809 1535 1834 et
1556 1805 1702 1843 quinque
1728 1805 1822 1835 libris
1846 1806 2085 1844 imperialium.
2110 1808 2145 1836 in

1145 1856 1266 1895 quibus
1286 1856 1351 1886 sibi
1372 1866 1430 1895 pro
1446 1857 1598 1895 expensis
1621 1857 1903 1896 condenipnarunt
1922 1863 2045 1896 partem
2064 1858 2145 1888 alte-

1145 1918 1226 1944 ram,
1243 1909 1494 1947 promulgatam,
1509 1909 1658 1938 mandari
1672 1910 1868 1945 executioni,
1885 1920 1942 1940 nec
1960 1920 2023 1940 non
2041 1911 2145 1941 dictas

1145 1962 1495 1991 excommunicationis
1517 1967 1548 1991 ct
1574 1962 1742 1992 interdicti
1766 1964 1948 1992 sententias
1974 1973 2078 2002 usque
2105 1964 2145 1993 ad

1145 2014 1406 2045 satisfactionem
1446 2014 1640 2052 condignam
1684 2015 1922 2045 inviolabiliter
1961 2017 2142 2046 observari.

1143 2068 1259 2097 Dictus
1277 2076 1353 2096 vero
1369 2072 1559 2105 procurator
1571 2068 1739 2105 proposuit
1755 2077 1792 2097 ex
1808 2068 1945 2098 adverso
1959 2069 2055 2107 quod,
2069 2078 2144 2099 cum

1145 2120 1350 2159 supradictos
1366 2119 1633 2150 archidiaconum
1648 2120 1927 2151 Mediolanensem
1937 2126 1967 2151 et
1977 2121 2058 2151 alios
2071 2131 2143 2151 esse

1141 2173 1270 2212 judices
1295 2181 1361 2202 non
1386 2177 1566 2208 constaret,
1591 2173 1657 2203 nisi
1683 2173 1936 2203 ostenderentur
1960 2183 2059 2212 super
2083 2174 2143 2204 hoc

1144 2226 1253 2256 littere
1273 2225 1449 2264 apostolice
1465 2225 1600 2261 hullate,
1617 2234 1653 2255 ac
1672 2226 1710 2256 de
1726 2226 1792 2256 hiis
1809 2227 1865 2265 qui
1883 2227 2013 2257 fuerant
2031 2227 2070 2257 ab
2089 2236 2144 2257 eo-

1144 2288 1219 2309 rum
1235 2279 1402 2317 aliquibus
1419 2278 1634 2316 subdelegati‚
1647 2287 1704 2317 per
1719 2279 1942 2309 ostensionem
1958 2279 2143 2310 litterarum

1145 2331 1426 2369 subdelegationis
1457 2330 1509 2361 vel
1543 2331 1765 2361 excusationis
1794 2331 1888 2361 fieret
1915 2332 2013 2370 plena
2043 2332 2141 2362 fides.

1144 2384 1257 2415 dicens
1288 2383 1527 2414 nichilominus
1555 2389 1782 2424 procuratores
1814 2383 1865 2414 vel
1896 2384 2040 2414 sindicos
2077 2393 2142 2414 nou

1143 2437 1259 2473 fuisse,
1278 2437 1335 2475 qui
1350 2437 1386 2465 in
1407 2436 1582 2466 sententiis
1604 2441 1831 2475 procuratores
1847 2436 1899 2466 vel
1915 2437 2037 2466 sindici
2053 2437 2140 2467 dice-

1143 2490 1274 2525 bantur,
1285 2494 1416 2528 propter
1430 2489 1605 2519 hecetalia
1621 2498 1685 2518 non
1702 2489 1988 2519 erantexecutioni
1999 2489 2141 2527 predicte

1143 2542 1307 2572 sententie
1318 2541 1553 2572 deniandande.
1572 2542 1694 2571 Verum
1710 2541 1798 2571 idem
1813 2541 2002 2575 cardjnalis,
2019 2541 2140 2571 auditis

1142 2595 1220 2624 hinc
1238 2594 1316 2624 inde
1331 2594 1508 2633 propositis
1531 2598 1562 2624 et
1584 2603 1681 2624 cause
1699 2593 1827 2624 meritis
1845 2593 1975 2631 plenius
1991 2593 2142 2623 intellec-

1144 2647 1202 2681 tis,
1219 2646 1387 2676 mandavit
1403 2647 1547 2684 prefatas
1563 2645 1760 2680 sententias,
1781 2645 1887 2683 quoad
1903 2645 1993 2675 mille
2009 2649 2140 2675 centum

1143 2703 1173 2729 et
1196 2699 1452 2738 quinquaginta,
1478 2707 1537 2728 nec
1562 2707 1625 2728 non
1651 2702 1682 2728 et
1705 2698 1823 2735 viginti
1844 2698 1990 2736 quinque
2012 2697 2139 2736 libi-[as]

1141 2750 1380 2789 imperialium,
1402 2751 1492 2781 salvo
1508 2759 1724 2788 expensarum
1735 2750 1827 2789 jure,
1846 2749 2030 2779 executioni
2046 2758 2140 2779 man-

1143 2803 1226 2833 dari.
1239 2804 1307 2834 Nos
1319 2804 1431 2841 igitur,
1447 2803 1532 2842 quod
1544 2812 1602 2841 per
1615 2802 1765 2837 eundem,
1779 2802 1835 2840 qui
1846 2801 2140 2840 predictafideliter

1145 2855 1295 2894 exposuit
1310 2864 1419 2886 coram
1430 2855 1537 2890 nobis,
1554 2855 1676 2885 factum
1688 2858 1748 2889 est,
1761 2858 1868 2884 ratum
1882 2853 2054 2887 habentes,
2071 2853 2140 2883 dis-

1172 2967 1193 2992 1.
1209 2969 1272 2997 δίε,-
1288 2968 1349 2999 plus
1364 2968 1431 2992 haut
1444 2967 1633 2991 Rondenaria.

1990 3022 2013 3045 tt
