2423 3487
217 291 272 319 455
939 282 1177 312 REGisTREs
1200 280 1254 309 DE
1277 272 1498 310 Gnncomn
1522 281 1580 310 ix.
2253 280 2310 309 455

218 354 308 384 serit.
336 353 424 381 infra
449 356 588 389 quatuor
611 358 741 378 menses
765 358 781 377 a
806 348 992 385 receptione
1015 347 1220 385 presentium

218 406 307 442 lime]
324 404 456 442 de[l›ito]
475 402 675 435 terminetis,
694 401 854 429 facientes
875 404 934 429 etc.
962 399 1118 437 Alioquin
1143 407 1221 427 cau-

217 467 286 487 sam
308 458 413 494 ipsam
436 456 475 484 ad
498 464 556 484 nos
574 455 656 491 [εἰσ.
673 462 777 491 usque
796 452 815 490 z]
836 457 1016 489 receptui-e.
1034 453 1114 481 Jure
1131 451 1221 488 regio

217 511 250 539 in
275 509 429 538 omnihus
456 515 584 544 semper
611 505 710 535 salvo.
743 506 857 534 Testes
886 509 944 533 etc.
976 504 1068 540 Quod
1096 504 1124 532 si
1156 511 1220 531 non

217 570 330 591 omnes
361 564 420 589 etr.
451 560 523 588 Dat.
553 560 671 592 Reate,
695 558 740 586 VI
769 557 927 586 kalendas
954 556 1104 593 augusti,
1134 564 1221 584 anno

216 614 354 643 decimo.
374 625 386 637 »

285 783 404 811 3288

251 845 479 879 Archiepiscopo
494 843 713 875 Cantuariensi,
728 857 758 860 —
776 841 876 868 audito
893 841 969 875 quod
985 841 1058 875 ipse,
1076 843 1220 867 monaste-

216 895 292 921 rium
311 893 412 920 Sancti
425 892 584 923 Augustini
597 890 833 922 Cantuariensis,
845 890 881 916 ad
899 889 1005 916 Scdem
1017 890 1219 923 Apostolicam

215 944 297 970 nullo
320 942 416 968 medio
440 941 607 975 pertinens,
631 939 687 966 sibi
709 939 841 965 subicere
862 938 1005 970 moliens,
1027 940 1128 964 contra
1152 946 1221 963 con-

215 1000 309 1018 cessas
331 990 425 1016 eidem
448 988 625 1015 monasterio
641 996 658 1014 a
681 987 823 1014 Romanis
843 987 1038 1014 Pontificibus
1057 987 1220 1018 libertates,

216 1049 251 1067 ne
267 1039 407 1066 videlicet
428 1037 652 1065 Cantuariensis
670 1036 909 1070 archiepiscopus
921 1057 927 1068 ,
947 1038 998 1062 aut
1018 1035 1221 1062 archidiaconi

797 780 888 812 Rieti,
904 779 938 806 29
954 779 1053 813 juillet
1068 778 1147 805 1236.

215 1091 263 1116 vel
285 1089 423 1115 officiales
445 1088 537 1121 ipsius
559 1086 694 1113 abbatem
715 1086 762 1112 vel
784 1086 941 1112 monachos
958 1085 1031 1112 dicti
1049 1084 1221 1111 monasterii

215 1138 315 1171 aliqua
331 1145 452 1170 gravare
472 1135 634 1167 sententia,
652 1136 699 1161 vel
719 1135 848 1168 ipsorum
865 1134 1020 1167 coelestim,
1036 1134 1157 1160 clericos
1173 1134 1221 1159 vel

216 1186 350 1212 homines
367 1185 543 1211 interdicere
559 1192 608 1210 seu
625 1183 893 1215 excommunicare,
904 1182 968 1209 sine
982 1182 1121 1209 mandato
1137 1182 1221 1209 Sedis

216 1234 403 1269 Apostolieae
426 1233 560 1267 speciali,
577 1235 809 1266 praesumerent,
826 1232 861 1258 de
878 1232 954 1258 facto
978 1232 1146 1263 monachos,
1164 1231 1223 1257 cle-

214 1283 289 1309 ricos
314 1286 341 1309 et
370 1282 503 1308 homines
528 1281 659 1315 ejusdem
689 1281 860 1307 monasterii
888 1279 1165 1306 excommunicabat
1196 1281 1224 1306 et

215 1331 342 1358 faciebat
358 1330 629 1357 excommunicatos
644 1338 694 1363 per
710 1329 955 1356 Cantuariensem
972 1328 1129 1355 dioecesim
1147 1336 1224 1354 nun-

216 1380 301 1412 tiari,
318 1379 509 1413 supponendo
532 1386 632 1404 eorum
654 1377 792 1404 ecclesias
813 1377 989 1408 interdicto;
1012 1377 1112 1403 audito
1133 1377 1223 1403 etiam

216 1429 292 1462 quod
309 1436 413 1454 census
429 1435 541 1453 annuos
558 1426 749 1453 ecclesiarum
767 1426 898 1459 ejusdem
917 1425 1098 1457 monasterii,
1112 1434 1128 1452 a
1148 1428 1224 1451 tcm-

217 1486 285 1512 pore
301 1476 485 1503 fundationis
501 1475 573 1509 ipsis
588 1475 730 1506 ecclesiis,
749 1474 778 1500 in
796 1474 912 1508 signum
928 1473 1137 1507 recognitionis
1151 1473 1224 1506 juris

217 1528 389 1560 patronatus
414 1524 489 1558 quod
511 1523 654 1558 praedicti
675 1523 764 1549 abbas
788 1525 816 1549 et
834 1522 972 1549 monachi
997 1522 1171 1549 obtinebant
1194 1522 1224 1548 in

217 1574 339 1606 eisdem,
357 1573 510 1607 impositos
526 1572 588 1598 illis
604 1571 779 1605 prohibebat
795 1571 940 1602 exhiberi,
958 1571 1078 1597 clericos
1095 1570 1145 1604 qui
1159 1578 1225 1604 per—

217 1623 366 1649 solverent
388 1621 520 1653 eosdem,
537 1629 554 1647 a
569 1620 630 1646 suis
646 1619 796 1646 beneficiis
817 1619 1036 1653 suspendendo,
1055 1634 1085 1636 —
1103 1619 1225 1645 mandat

217 1674 362 1705 quatenus
377 1670 414 1697 ab
428 1670 473 1696 his
493 1669 636 1695 molestiis
651 1668 855 1702 conquiescat;
873 1668 1006 1701 alioquin
1024 1668 1163 1701 magistro
1179 1676 1226 1693 or-

217 1719 297 1746 dinis
311 1719 346 1745 de
359 1718 586 1752 Sempingham,
597 1717 687 1751 priori
702 1716 829 1743 Sanctae
840 1716 998 1743 Trinitatis
1010 1716 1226 1743 Londoniensis

218 1771 246 1794 et
275 1767 484 1794 archidiacono
515 1764 721 1800 Subi1·[iensi],
751 1766 952 1792 Norwicensis
980 1765 1135 1797 dioecesis,
1164 1766 1226 1799 ipsc

218 1825 293 1850 papa
308 1816 428 1843 mandet
442 1818 474 1842 ut
490 1823 556 1841 cum
574 1814 667 1840 citent
681 1822 777 1840 coram
794 1813 869 1840 Sede
880 1813 1061 1847 Apostolica,
1073 1813 1225 1847 jamdictis

217 1865 317 1892 abbati
332 1867 359 1891 et
375 1864 526 1890 monachis
539 1871 625 1897 super
637 1862 806 1896 praemissis
821 1871 1021 1896 responsurus,
1036 1878 1067 1880 —
1082 1863 1167 1895 (Rea.
1182 1862 1224 1895 18,

218 1914 238 1940 f.
252 1913 303 1939 182
314 1916 360 1945 v⁰;
376 1921 444 1939 ann.
460 1912 499 1944 X,
515 1920 538 1938 c.
557 1911 631 1942 179.)

259 2014 271 2027 κ
301 2024 319 2029 ..
346 2001 570 2036 archiepiscopo
598 2000 827 2028 Cancuariensi.
854 1999 924 2034 Quo
949 1998 1090 2036 amplius
1114 1998 1152 2027 de
1176 2015 1224 2026 —-.

218 2054 289 2082 Dat.
311 2054 423 2085 Reate,
448 2052 514 2081 IIII
538 2050 697 2080 kalendas
721 2051 864 2088 augusti,
888 2051 1099 2088 pontificatus
1122 2050 1226 2079 nostri

219 2115 304 2135 anno
322 2105 459 2135 decimo.
481 2117 492 2130 η

290 2276 407 2303 3267

256 2337 412 2365 Universis
439 2336 594 2363 abbatibus
613 2338 641 2361 et
666 2335 861 2361 conventibus
882 2334 1090 2361 Cisterciensis
1113 2334 1226 2360 ordinis

220 2387 368 2420 significat
390 2394 419 2411 se
442 2384 577 2411 inhibere
598 2392 633 2410 ne
654 2384 757 2409 fratres
778 2383 908 2409 Minores
929 2383 965 2409 ad
986 2383 1225 2415 Cisterciensem,

220 2436 267 2462 vel
287 2435 416 2469 ipsorum
441 2435 544 2460 fratres
565 2433 601 2459 ad
623 2432 773 2458 Minorum
792 2431 925 2457 ordinem
946 2434 1227 2465 transeuntes,1‘›‹›st

849 2273 943 2306 Rioti,
961 2274 976 2299 4
992 2273 1153 2299 aosxt1236.

220 2484 359 2510 emissam
388 2482 428 2509 ibi
457 2481 666 2516 professionem
695 2480 789 2506 denuo
817 2480 853 2505 ad
878 2488 943 2506 suos
969 2479 1171 2506 remittantur.
1195 2495 1226 2498 —

221 2533 307 2564 (REG.
322 2531 366 2564 18,
384 2532 404 2557 f.
422 2530 472 2557 182
489 2534 534 2562 v⁰;
552 2538 621 2556 ann.
639 2530 678 2561 X,
698 2538 722 2555 c.
740 2528 807 2560 180;
824 2544 854 2546 —
872 2529 1004 2555 MonsAU
1022 2528 1104 2559 1191,
1124 2530 1142 2554 f.
1159 2528 1226 2560 1013

222 2595 253 2599 -—
268 2581 425 2607 POTTHAST
438 2578 548 2609 10220.)

263 2687 274 2700 «
299 2675 453 2703 L'niversis
474 2673 630 2702 abbatibus
655 2677 680 2700 et
703 2671 899 2700 conventibus
919 2671 1123 2700 Cisterciensis
1144 2671 1229 2699 ordi-

220 2730 279 2756 nis.
302 2727 392 2756 Licet
408 2726 498 2761 olim,
518 2725 717 2764 quibusdam
734 2733 771 2754 ex
790 2723 950 2753 fratribus
967 2723 1086 2752 vestris
1104 2722 1143 2751 ad
1161 2723 1229 2752 fra-

222 2784 308 2810 trum
325 2779 508 2810 Minorum.
529 2782 560 2808 et
585 2777 754 2816 aliquibus
781 2785 818 2806 ex
841 2776 889 2806 eis
913 2775 953 2805 ad
975 2779 1121 2805 vestrum
1141 2775 1230 2804 ordi-

223 2841 299 2862 nem
336 2831 606 2866 transeuntibus,
649 2834 807 2868 utrosque
848 2838 907 2858 suo
946 2828 1079 2858 restitui
1121 2827 1231 2857 ordini

223 2885 475 2914 mandassemus
490 2894 495 2919 ;
515 2883 593 2921 quia
610 2887 719 2912 tamen
737 2881 893 2920 temporis
908 2880 998 2918 longi
1012 2879 1182 2918 prolixitas
1200 2883 1231 2909 et

222 2937 441 2976 professionis
466 2935 637 2966 vinculum
666 2943 851 2973 repugnare
877 2933 1029 2963 videntur
1053 2933 1230 2971 quominus

1303 346 1427 384 absque
1455 347 1629 384 utriusque
1652 346 1779 375 ordinis
1807 345 1961 375 scandalo
1987 345 2091 383 possit
2118 344 2310 375 mandatum

1303 398 1519 436 apostolicum
1536 398 1709 436 adimpleri
1730 408 1735 426 :
1756 407 1830 433 nos,
1850 402 1880 427 et
1904 398 2091 427 animarum
2112 396 2212 427 saluti
2234 406 2310 435 pro-

1302 451 1414 481 videre
1433 451 1577 481 volentes
1596 455 1627 481 et
1643 451 1794 480 dissidiis
1810 450 1955 485 obviare,
1973 450 2019 479 ita
2035 449 2188 479 duximus
2204 450 2310 487 provi-

1302 504 1460 538 dendum,
1479 509 1514 533 ut
1527 504 1595 542 jam
1611 504 1753 542 professi
1769 504 1803 533 in
1822 503 1996 533 ordinibus
2018 503 2224 538 memoratis,
2243 511 2309 533 non

1302 557 1452 586 obstante
1470 556 1623 586 mandato
1640 556 1797 594 predicto,
1816 556 1851 585 in
1868 556 1915 585 eis
1930 555 2034 584 libere
2051 554 2191 584 debeant
2206 563 2310 585 rema-

1302 618 1392 642 nere,
1414 609 1608 638 auctoritate
1633 608 1848 646 presentium,
1867 617 1919 642 ne,
1940 607 2000 637 hac
2019 607 2203 642 occasione,
2223 607 2311 637 inter

1303 671 1359 691 vos
1379 666 1409 691 et
1428 661 1503 691 illos
1524 661 1717 691 scandalum
1733 661 1871 696 oriatur,
1898 661 1932 689 id
1955 660 1992 689 de
2016 664 2124 690 cetero
2147 659 2219 689 ficri
2240 659 2309 689 dis-

1304 715 1434 743 trictius
1460 713 1651 744 inhibentes
1673 731 1722 742 —.
1744 715 1818 743 Dat.
1843 714 1962 747 Reate,
1982 713 2013 742 II
2038 720 2142 741 nonas
2164 711 2309 749 augusti,

1304 776 1391 797 anno
1408 767 1546 797 decimo.
1568 779 1580 793 )›

1339 889 1442 912 3268.
1459 900 1490 903 —-
1508 886 1540 912 In
1555 885 1680 911 eundem
1698 885 1817 911 modum
1834 905 1851 910 ..
1867 884 1998 909 ministro
2017 886 2040 909 et
2053 883 2192 916 fratribus
2206 882 2313 909 ordinis

1304 934 1455 959 mcum-um.

1339 986 1442 1010 3289.
1459 998 1490 1000 —
1505 983 1537 1009 In
1554 982 1679 1009 eundem
1696 982 1815 1008 modum
1833 1002 1851 1008 ,,
1872 982 2001 1006 ministro
2014 983 2037 1006 et
2053 980 2191 1012 fratribus
2206 979 2314 1005 ordinis

1305 1032 1520 1058 Predicalorum.

1377 1203 1495 1231 3220
1893 1202 1984 1235 Ricti,
2001 1202 2032 1229 21
2047 1202 2147 1235 juillet
2162 1201 2241 1228 1236.

1342 1265 1485 1299 Episcopo
1500 1267 1527 1292 et
1542 1265 1671 1299 capitulo
1686 1264 1880 1298 Tripolitanis
1897 1264 2032 1297 indulget
2050 1266 2082 1290 ut
2099 1263 2231 1290 cantoria
2246 1271 2312 1290 cum

1306 1315 1474 1349 praebenda
1490 1322 1577 1348 quam
1593 1311 1861 1347 Barth[olomaeus]
1876 1313 1907 1339 in
1924 1313 2048 1339 ecclesia
2061 1312 2248 1346 Tripolitana
2262 1311 2315 1339 ob-

1306 1363 1454 1395 tinuerat,
1479 1365 1507 1389 et
1532 1370 1635 1396 quam,
1662 1364 1726 1396 post
1747 1361 1871 1388 liberam
1893 1361 1955 1395 ejus
1982 1361 2210 1395 resignationem
2224 1381 2231 1394 ‚
2252 1360 2316 1395 ipse

1306 1420 1383 1446 papa
1397 1411 1545 1439 Gotifrido
1557 1410 1704 1438 Praefecti
1718 1409 1779 1445 [seu
1792 1410 1827 1437 de
1839 1408 2024 1444 Prael'eetis]‚
2037 1409 2216 1436 subdiacono
2226 1411 2255 1436 et
2266 1417 2316 1436 ca.-

1308 1461 1425 1495 pellano
1439 1469 1507 1489 suo,
1527 1461 1726 1491 concesserat,
1747 1458 1847 1485 eodem
1869 1459 2017 1485 Gotisrido
2031 1458 2153 1485 cedente
2168 1459 2216 1485 vel
2229 1458 2316 1485 deee-

1307 1510 1406 1540 dente,
1424 1509 1460 1535 ad
1475 1509 1605 1542 ipsorum
1622 1507 1812 1534 donationem
1829 1507 1921 1534 libere
1934 1509 2110 1534 revertatur.
2124 1521 2156 1525 —
2170 1507 2257 1539 (Bm.
2269 1506 2314 1540 18,

1308 1559 1328 1585 f.
1346 1558 1450 1589 1831··¹;
1469 1565 1537 1584 ann.
1556 1557 1595 1589 X,
1613 1565 1637 1583 c.
1656 1556 1723 1587 181;
1743 1570 1773 1573 —
1790 1556 1827 1582 cf.
1846 1563 1941 1588 supra,
1957 1558 1986 1582 n⁰
2001 1555 2094 1587 3153.)

1351 1671 1362 1685 «
1390 1682 1409 1687 ..
1432 1659 1565 1695 episcopo
1586 1662 1611 1685 et
1636 1657 1770 1694 capitulo
1793 1657 2006 1693 Tripolitanis.
2029 1656 2112 1686 Cum
2133 1655 2316 1685 cantoriam

1309 1721 1382 1742 cum
1404 1729 1450 1740 —.
1477 1712 1550 1740 Dat.
1574 1711 1687 1745 Reate,
1715 1710 1779 1739 XII
1801 1708 1960 1738 kalendas
1985 1708 2129 1746 augusti,
2155 1717 2241 1738 anno
2264 1708 2316 1738 de-

1309 1774 1404 1794 cimo.
1426 1777 1437 1790 »

1380 1943 1495 1971 32⁷1
1926 1941 2016 1974 Riet-i,
2033 1940 2068 1967 10
2082 1942 2150 1967 aout
2165 1940 2244 1967 1236.

1346 2005 1489 2039 Episcopo
1506 2004 1675 2035 Palentino,
1690 2018 1720 2021 -
1733 2011 1799 2029 cum
1817 2003 1863 2029 illi
1878 2003 1913 2029 de
1929 2002 2052 2029 civitate
2067 2010 2101 2028 ac
2117 2001 2243 2028 dioecesi
2259 2001 2318 2029 Pa-

1310 2053 1435 2085 lcntina,
1452 2061 1537 2087 quos,
1553 2052 1763 2079 condemnatos
1779 2051 1814 2077 de
1835 2051 1983 2077 haeretica
1999 2050 2162 2085 pravitate,
2179 2058 2230 2077 rex
2246 2050 2318 2077 Cas-

1309 2103 1398 2129 tellae
1415 2104 1442 2127 et
1459 2101 1596 2134 Legionis
1613 2101 1721 2127 fecerat
1739 2099 1807 2126 ferri
1824 2099 1979 2126 candentis
1995 2099 2179 2133 appositione
2195 2099 2225 2125 in
2242 2098 2318 2126 facie

1310 2151 1440 2185 signari,
1468 2158 1586 2176 omnem
1617 2149 1762 2175 haeresim
1795 2148 2013 2182 abjuravissent
2044 2150 2071 2174 et
2098 2147 2195 2174 adhuc
2221 2146 2317 2182 parati

1310 2201 1407 2225 essent
1432 2198 1586 2231 abjurare,
1610 2206 1644 2224 ac
1664 2197 1865 2224 ecclesiastica
1888 2199 2029 2231 cuperent
2049 2196 2200 2230 percipere
2221 2203 2319 2223 sacra-

1310 2250 1421 2279 menta,
1435 2247 1483 2273 sed
1501 2255 1558 2273 non
1575 2248 1693 2280 possent
1707 2246 1813 2273 Sedem
1824 2245 2026 2279 Apostolieam
2039 2245 2103 2271 sine
2115 2245 2208 2271 multo
2220 2244 2318 2271 labore

1309 2296 1391 2323 adire
1405 2317 1410 2328 ‚
1438 2295 1611 2329 praesertim
1643 2303 1709 2321 cum
1736 2303 1787 2328 per
1814 2294 1929 2321 eosdem
1960 2293 2129 2327 episcopum
2164 2295 2192 2320 et
2221 2300 2318 2328 regem

1310 2345 1439 2379 ipsorum
1458 2344 1533 2370 bona
1549 2343 1675 2369 fuissent
1691 2343 1858 2374 confiscata,
1877 2357 1908 2360 -
1926 2342 2048 2368 mandat
2064 2344 2223 2376 quatenus,
2240 2341 2264 2368 si
2280 2340 2318 2374 ei,

1310 2401 1360 2427 per
1371 2392 1471 2419 debita
1482 2392 1576 2425 signa,
1590 2391 1773 2425 conjecturas
1785 2390 1952 2425 probabiles
1964 2393 1991 2417 et
2004 2389 2175 2417 testimonia
2186 2389 2316 2421 illorum,

1311 2442 1360 2475 qui
1377 2441 1547 2479 eorumdem
1560 2440 1655 2466 vitam
1672 2442 1700 2466 et
1716 2439 1970 2466 conversationem
1983 2438 2127 2470 sciebant,
2140 2438 2176 2464 de
2187 2437 2318 2472 praedie-

1311 2492 1406 2516 torum
1437 2489 1619 2522 signatorum
1650 2487 1841 2514 conversione
1866 2486 2034 2513 constiterit
2060 2486 2208 2519 evidenti,
2237 2485 2318 2520 prius

1310 2539 1347 2565 ab
1363 2538 1435 2572 ipsis
1453 2537 1566 2563 haeresi
1582 2536 1700 2570 publice
1715 2535 1870 2569 abnegata,
1888 2538 1916 2561 ct
1932 2538 2049 2568 recepta
2063 2534 2199 2561 cautione
2215 2542 2251 2561 ne
2269 2534 2317 2561 ul-

1311 2587 1402 2613 terius
1423 2586 1453 2612 in
1479 2585 1694 2612 haereticorum
1709 2584 1846 2617 contagia
1861 2583 2042 2616 relabantur,
2060 2583 2121 2610 illis
2140 2582 2316 2610 beneficium

1311 2634 1505 2661 absolutionis
1529 2633 1701 2668 impendat,
1726 2633 1912 2667 paenitentia,
1936 2632 2063 2666 quadam
2089 2632 2241 2666 injunctam
2267 2638 2319 2665 per

1313 2684 1365 2709 hoc
1380 2686 1478 2709 autem
1496 2691 1553 2709 non
1568 2682 1699 2708 intendit
1721 2689 1796 2715 papa
1816 2681 1912 2707 edicto
1928 2681 2054 2714 praefati
2074 2680 2150 2713 regis
2168 2679 2199 2706 in
2219 2679 2319 2713 aliquo

1312 2732 1460 2765 derogare,
1476 2731 1525 2764 qui
1541 2731 1614 2757 tales
1627 2730 1788 2756 haereticos
1804 2732 1943 2763 perpetuo
1957 2728 2110 2755 dicebatur
2124 2727 2315 2754 exsulavisse.

1314 2795 1345 2798 —
1363 2780 1448 2812 (Res.
1471 2779 1519 2810 18,
1537 2780 1557 2805 f.
1575 2778 1625 2805 183
1642 2782 1679 2809 r‘’;
1697 2786 1766 2804 ann.
1784 2778 1823 2810 X,
1839 2786 1863 2804 c.
1881 2777 1956 2809 182.)

1357 2892 1369 2905 α
1401 2902 1418 2906 ..
1448 2879 1582 2915 episcopo
1612 2878 1782 2906 Pczlentino.
1817 2877 1861 2906 Ex
1891 2880 1981 2914 parte
2011 2875 2144 2905 illorum
2172 2892 2218 2904 -.
2245 2875 2319 2904 Dat.

1315 2933 1429 2966 Reate,
1446 2931 1513 2960 IIII
1531 2930 1606 2959 idus
1621 2929 1764 2967 angusti,
1784 2938 1870 2959 anno
1890 2929 2027 2959 decimo.
2047 2940 2060 2955 n
