2423 3487
98 304 169 332 1127
818 297 1056 329 REGIsTREs
1081 295 1134 324 DE
1159 286 1381 324 GREGOIRE
1407 295 1463 324 [x.
2118 290 2194 320 1128

97 371 192 409 «prod,
223 370 270 398 eis
302 378 334 398 se
358 368 550 407 jamdudum
577 366 818 405 opponentibus
845 363 997 394 electioni
1026 371 1100 401 que,

97 421 294 461 quibusdam
312 430 348 449 ex
366 421 413 450 eis
427 420 562 449 omnino
579 419 786 456 contemptis.
805 418 842 447 de
860 441 878 445 ..
896 414 1102 446 thesauraria

98 477 131 505 in
150 475 348 504 abbatissam
370 474 516 512 ejusdem
534 472 727 502 monasterii
750 472 789 501 ab
813 470 981 509 aliquibus
998 468 1103 506 ipsius

99 527 298 557 monialibus
330 531 442 556 contra
468 527 606 555 formam
630 524 834 557 canonicam,
862 527 933 561 post
960 520 1104 559 appella-

99 582 204 609 tiones
222 579 261 608 ad
279 588 336 608 nos
358 579 504 616 legitime
524 577 748 616 interpositas,
775 577 881 605 suerat
900 577 1100 612 attemptata,

99 638 129 663 et
146 642 202 671 per
216 632 438 662 venerabilem
454 632 588 660 fratrem
603 635 751 660 nostrum
772 652 791 657 ..
807 628 995 666 episcopum
1008 627 1103 656 Sues-

99 687 299 716 sioncnsem.
319 685 452 713 fratrem
473 684 578 722 ipsius
596 682 813 716 thesaurarie,
829 681 948 719 spretis
965 678 1105 718 appella-

100 738 245 767 tionibus
269 737 308 766 ad
329 746 386 766 nos
407 737 553 774 legitime
571 734 789 773 interpositis,
809 734 1002 763 confirmata
1021 742 1026 760 :
1046 740 1104 761 nos

99 800 231 819 causam
250 790 354 827 ipsam
368 787 615 818 venerabilibus
631 786 789 816 fratribus
807 785 928 815 nostris
948 808 965 813 ..
986 783 1105 814 Rotho-

100 843 248 881 magensi
274 842 536 880 archiepiscopo,
562 846 638 869 tunc
667 839 832 878 preposito
858 838 970 868 Sancti
997 837 1106 866 Audo-

101 897 195 929 mari,
221 900 251 925 et
278 919 297 924 ..
324 894 521 928 Pictavensi,
551 898 628 923 tunc
652 892 884 922 archidiacono
908 889 1105 924 Senonensi,

101 960 137 979 ae
156 972 174 978 ..
195 948 437 979 (lamet-acensi.
466 952 544 976 tunc
567 946 725 975 canonico
743 944 938 975 Parisiensi.
958 942 1107 973 Par-isius

100 1005 135 1032 in
151 1001 334 1039 theologica
350 1000 505 1030 facultate
523 999 663 1037 regenti,
677 998 851 1036 episcopis,
866 997 904 1027 de
922 1000 1107 1035 procurato·

101 1066 173 1085 rum
193 1055 366 1093 utriusque
386 1054 488 1092 partis
514 1062 663 1088 assensu,
692 1052 752 1081 sub
777 1061 813 1081 ea
833 1051 938 1080 forma
954 1049 1108 1078 duximus

101 1107 381 1140 committendam,
400 1112 446 1141 ut,
465 1106 503 1135 ad
516 1106 639 1134 dictum
653 1103 890 1134 monasterium
903 1102 1106 1135 accedentes,

102 1161 261 1200 inquisita
287 1169 305 1189 a
331 1159 531 1189 monialibus
560 1158 642 1196 ipsis
668 1166 766 1195 super
793 1155 964 1185 electionis
991 1155 1106 1188 forma,

101 1213 295 1252 eligentium
322 1212 441 1241 studiis
465 1211 659 1249 meritisque
684 1218 823 1248 persone
845 1208 950 1246 ipsius
974 1207 1109 1237 thesau-

103 1267 200 1300 rarie,
222 1270 252 1295 et
273 1274 370 1303 super
394 1265 469 1294 aliis
492 1264 622 1302 plenius
644 1263 792 1297 veritate,
812 1261 898 1300 quod
914 1260 1109 1290 canonicum

102 1321 197 1351 foret,
216 1322 359 1348 statuere
380 1320 603 1355 procurarent,
623 1315 748 1354 adjecto
763 1313 969 1352 inpartibus.
988 1313 1021 1341 in
1039 1321 1110 1350 pro-

101 1372 270 1402 mentione
290 1371 424 1407 negotii,
448 1370 485 1399 de
511 1370 606 1399 bonis
628 1367 821 1398 monasterii
839 1368 982 1396 facerent
1002 1366 1035 1395 in
1055 1374 1110 1395 ex-

102 1425 214 1464 pensis
227 1423 425 1453 necessariis
442 1422 618 1460 provideri.
635 1422 752 1451 Coram
768 1420 888 1459 quibus
904 1418 1108 1449 thesauraria

103 1479 173 1515 ipsa
188 1481 317 1515 petente
335 1475 508 1513 approbari
525 1474 719 1504 electionem
737 1473 926 1511 predictam,
946 1481 1043 1510 quam
1061 1471 1111 1500 di-

103 1531 195 1560 cebat
212 1529 368 1559 canonice
386 1528 595 1557 celebratam.
615 1532 645 1557 et
663 1527 891 1556 confirmatam
907 1524 1054 1562 legitime
1071 1524 1111 1553 ab

103 1583 254 1621 episcopo
271 1585 460 1615 memorato,
480 1580 542 1609 suit
557 1589 593 1609 ex
611 1580 747 1609 adverso
762 1579 899 1617 petitum
917 1577 1112 1607 electionem

104 1637 220 1674 ipsam.
241 1639 351 1672 utpote
374 1638 597 1671 presumptum
622 1636 734 1662 contra
758 1636 878 1661 statuta
901 1630 1034 1660 concilii
1057 1639 1112 1667 ge—

107 1688 240 1718 neralis.
260 1691 290 1717 et
307 1686 591 1716 confirmationem
613 1689 757 1714 secutam
783 1688 852 1722 post
875 1683 1111 1721 appellationes

105 1741 145 1770 ad
162 1750 220 1770 nos
237 1740 383 1777 legitime
398 1738 622 1776 interpositas.
638 1746 696 1767 uec
712 1746 774 1766 non
792 1741 820 1765 et
837 1736 1029 1766 collationes
1045 1744 1112 1773 pre-

107 1793 287 1822 l·.·ndarum
302 1801 336 1821 ac
355 1791 496 1820 aliorum
515 1790 750 1820 beneficiorum
770 1789 808 1819 ad
826 1789 1036 1818 donationem
1056 1788 1113 1817 ab-

108 1847 228 1875 batisse
253 1844 484 1883 spectantium.
504 1853 561 1881 per
578 1843 715 1872 eandem
736 1842 977 1872 thesaurariam]
997 1842 1111 1876 factas,

106 1905 132 1927 vt
153 1898 309 1937 quicquid
330 1897 419 1926 aliud
436 1900 507 1934 post
524 1895 761 1934 appellationes
781 1895 947 1932 legitimas
964 1898 1113 1923 secutum

108 1954 224 1986 fuerat,
250 1950 440 1980 denuntiari
466 1949 598 1987 penitus
618 1958 681 1977 non
706 1953 828 1982 tencre,
850 1956 886 1977 ac
907 1956 944 1977 ea
968 1947 1037 1976 vice
1055 1946 1114 1976 eli-

108 2004 204 2039 Ι21111111
231 2007 389 2041 potestate
418 2002 540 2040 privari
568 2001 617 2031 vel
649 2001 792 2039 privatas
824 2000 932 2038 potius
967 1999 1114 2029 nuntiari

109 2056 348 2086 thesaurariam
380 2060 410 2083 ct
441 2054 611 2084 electrices
642 2054 760 2091 ipsius.
791 2062 865 2082 cum
891 2053 925 2081 in
954 2052 1115 2081 electione

108 2110 247 2147 quedam
264 2118 299 2137 ex
314 2112 403 2146 parte
421 2107 578 2145 [ulcu-ism}
596 2111 779 2144 contcuipte
794 2106 948 2140 fuissent,
962 2110 990 2134 et
1012 2106 1114 2134 forma

111 2172 172 2191 uon
201 2161 318 2190 suisset
345 2164 473 2189 servata
498 2158 630 2188 concilii
653 2158 828 2196 generalis.
858 2158 1005 2196 Cumque
1029 2162 1116 2195 post-

111 2214 241 2243 modum
261 2213 467 2242 thesauraria
485 2212 566 2250 ipsa.
586 2212 699 2241 dicens
711 2211 886 2250 jamdictos
901 2211 1028 2249 judices
1045 2211 1116 2240 sinc

111 2268 239 2303 magnis
256 2272 283 2295 et
299 2265 655 2303 gravibusmonasterii
668 2264 854 2302 sumptibus
871 2264 911 2293 ad
927 2264 1116 2293 mandatum

111 2319 325 2358 apostolicum
342 2318 568 2356 exequendum
587 2317 762 2347 convenire
783 2326 847 2346 non
864 2326 969 2355 posse,
989 2322 1118 2355 propter

111 2373 197 2412 quod
227 2372 394 2409 negotium
429 2372 554 2409 ipsum.
591 2371 624 2399 in
654 2379 820 2400 enormem
852 2370 957 2408 ipsius
987 2380 1119 2400 monas-

113 2426 186 2456 terii
206 2425 377 2457 lesionem,
405 2433 468 2453 non
495 2428 620 2461 pote-rat
654 2423 837 2453 terminari,
861 2423 899 2451 ad
924 2423 1117 2459 magistrum

111 2477 339 2516 (¹1[erardum]¹
352 2476 390 2506 de
404 2476 572 2510 Lauduno,
587 2477 785 2506 Rcmcnsem
799 2476 1005 2505 canonicum.
1023 2485 1118 2514 quem

113 2531 181 2560 loco
208 2529 356 2569 judicum
393 2529 614 2567 predictorum
647 2528 807 2558 decisioni
838 2528 983 2567 ejusdem
1021 2538 1118 2558 cause

112 2583 266 2613 «luximus
289 2582 546 2620 subrogandum,
571 2586 699 2611 nostras
725 2581 854 2611 litteras
881 2581 1118 2619 impetraverit.

112 2636 320 2666 continentes
336 2640 381 2670 ut,
396 2635 522 2664 faciens
538 2634 601 2663 sibi
616 2634 744 2663 litteras
759 2634 940 2663 destinatas
955 2634 1120 2672 prioribus

110 2688 278 2727 judicibus
302 2687 461 2723 exhiberi,
483 2687 630 2725 legitime
654 2696 752 2725 super
773 2686 834 2716 hoc
856 2686 969 2716 habito
992 2691 1120 2717 servato

114 2750 278 2780 processu,
299 2741 333 2770 in
356 2741 486 2778 negotio
508 2740 578 2778 ipso
602 2739 791 2778 procederet
811 2740 905 2778 juxta
931 2740 1119 2769 esu-umdem

113 2793 351 2824 continentiam
368 2793 555 2823 litterarum
574 2803 579 2821 z
598 2793 685 2822 idem
702 2792 871 2830 magister,
891 2792 965 2821 licet
988 2792 1121 2822 electio-

149 2919 167 2941 l.
191 2918 228 2942 La
249 2919 333 2941 forme
355 2918 489 2948 complete
511 2918 543 2941 de
567 2925 597 2941 ce
621 2925 683 2941 nom
706 2921 746 2941 cst
770 2918 878 2941 fournie
901 2924 947 2947 par
968 2918 1005 2940 les
1031 2917 1121 2947 picces

114 2963 184 2992 mss,
202 2963 260 2985 4174
277 2965 302 2986 et
323 2962 392 2985 4445.

1188 369 1261 389 uem
1273 360 1379 398 ipsam
1396 360 1476 389 vitio
1492 359 1664 389 electionis
1677 358 1897 388 cassaveritet
1908 357 2192 387 confirmationem

1188 413 1406 442 infirmaverit
1423 416 1648 446 memoratam,
1667 420 1765 449 super
1781 410 1953 449 premissis
1980 414 2089 440 tamen
2113 409 2194 439 arti-

1187 465 1301 500 (·ulis¹,
1322 474 1421 503 super
1442 465 1563 504 quibus
1581 465 1620 494 ab
1638 468 1777 502 utraque
1799 467 1890 501 parte
1912 463 1981 492 litis
1998 462 2195 492 contestatio

1188 519 1273 547 sacta
1284 518 1404 549 fuerat.
1418 522 1449 547 et
1465 518 1503 547 de
1516 517 1654 547 veritate
1666 516 1805 546 dicenda
1821 516 1980 555 juratum,
1995 524 2031 545 ac
2046 515 2195 553 legitime

1188 580 1291 609 usque
1309 570 1348 600 ad
1358 570 1521 600 calculum
1535 570 1699 600 sententie
1709 569 1883 599 diffinitive
1893 577 2094 607 processum,
2105 568 2194 598 diffi-

1188 623 1259 653 nire
1290 623 1408 658 noluit,
1433 622 1606 652 humiliter
1632 622 1826 661 requisitus,
1847 622 1882 651 in
1908 630 2021 652 earum
2049 621 2196 660 prejudi-

1187 676 1274 705 cium
1292 680 1323 706 et
1336 684 1531 714 gravamen,
1550 679 1682 713 propter
1699 675 1784 713 quod
1801 674 1888 704 dicta
1900 674 2059 712 priorissa
2076 678 2107 704 et
2120 683 2196 712 pars

1188 738 1258 762 sua,
1280 729 1484 759 sentientes²
1500 728 1647 758 indebite
1671 737 1705 758 se
1729 727 1871 766 gravari,
1898 727 2005 766 primo
2031 727 2071 757 ab
2099 736 2136 757 eo
2165 730 2196 757 et

1189 782 1396 820 postmodum
1412 782 1446 811 in
1468 781 1623 820 capitulo,
1643 790 1682 811 ne
1701 781 1742 810 ad
1758 780 1953 810 electionem
1977 779 2123 818 aliquam
2139 778 2198 809 ab-

1189 836 1312 865 batisse
1343 835 1465 865 ibidem
1497 834 1722 873 procederent,
1749 842 1785 863 ac
1815 833 1947 863 demum
1975 833 2015 862 ab
2045 832 2197 871 episcopo

1191 888 1370 922 nominato,
1391 897 1431 917 ne
1448 887 1642 917 electionem
1659 886 1804 925 aliquam
1816 886 2037 920 confirmaret,
2056 885 2196 924 siquam

1190 942 1223 970 in
1247 942 1374 979 prefato
1397 940 1599 970 monasterio
1618 940 1824 977 contingeret
1841 939 2041 977 attemptari,
2060 943 2116 968 aut
2134 938 2197 977 ipsi

1190 995 1391 1024 monasterio
1406 1003 1443 1024 ex
1459 1003 1518 1024 suo
1531 994 1638 1024 officio
1656 993 1852 1032 provideret,
1864 997 2055 1023 remanente
2068 991 2200 1030 negotio

1190 1057 1288 1086 super
1305 1047 1497 1086 prescriptis
1514 1046 1664 1077 articulis
1681 1046 1878 1081 indiscusso,
1901 1049 2046 1075 nostram
2065 1044 2202 1074 audien-

1192 1101 1269 1130 tiam
1290 1100 1508 1138 appellarunt.
1528 1099 1722 1138 Sepedictus
1741 1108 1817 1129 vero
1834 1098 2018 1136 episcopus,
2036 1101 2200 1136 contemp-

1192 1153 1233 1183 tis
1251 1152 1530 1191 appellationibus
1548 1151 1750 1191 hujusmodi,
1770 1151 1923 1181 affectum
1943 1160 2041 1189 quem
2059 1150 2201 1180 habehat

1192 1206 1231 1235 ad
1247 1206 1487 1244 promotionem
1504 1205 1651 1244 ejusdem
1666 1204 1886 1238 thesaur-arie,
1909 1204 2032 1234 sororis
2054 1213 2123 1235 sue.
2145 1212 2202 1242 per

1193 1258 1407 1297 interpositas
1431 1267 1588 1297 personas
1613 1257 1751 1296 cupiens
1774 1257 1906 1287 effectui
1926 1257 2127 1295 mancipare,
2145 1264 2203 1294 po·-

1193 1317 1343 1343 testatem
1362 1311 1555 1350 providendi
1579 1310 1780 1341 monasterio
1801 1310 1977 1344 antedicto,
1996 1318 2095 1348 quam
2115 1309 2204 1339 dice—

1193 1366 1247 1395 bat
1263 1365 1302 1395 ad
1325 1374 1359 1394 se
1384 1374 1440 1403 per
1462 1364 1591 1402 lapsum
1616 1364 1773 1402 temporis
1799 1362 1996 1397 devolutam,
2020 1360 2204 1392 venerabili

1195 1418 1288 1448 fratri
1310 1423 1422 1448 nostro
1448 1441 1466 1446 ..
1494 1417 1707 1447 Laudunensi
1729 1416 1893 1454 episcopo,
1917 1420 1947 1445 et
1972 1415 2102 1445 dilectis
2123 1414 2203 1445 filiis

1193 1471 1352 1501 Gaufrido
1367 1471 1405 1500 de
1417 1470 1649 1509 Grandiprato,
1669 1470 1679 1509 [
1684 1492 1810 1499 ..........
1815 1471 1856 1507 ]⁸,
1874 1478 1911 1499 ac
1925 1492 1943 1499 ..
1960 1469 2119 1507 magistro
2132 1476 2204 1498 sco-

1194 1525 1300 1554 larum
1320 1524 1631 1559 Suessionensibus,
1651 1524 1826 1558 concessit,
1845 1527 1880 1553 ut
1894 1523 1941 1552 sic
1953 1523 2039 1561 quod
2056 1522 2203 1552 intende-

1195 1578 1248 1607 bat
1265 1578 1384 1609 sacere,
1403 1576 1647 1615 aliquantulum
1663 1576 1825 1615 palliaret.
1844 1576 1918 1612 Qui,
1936 1575 2013 1605 licet
2029 1584 2139 1605 coram
2156 1574 2204 1605 eis

1195 1639 1231 1659 ex
1255 1634 1346 1668 parte
1372 1629 1617 1667 suprascripta⁴
1634 1629 1872 1667 appellationes
1889 1628 2033 1666 predicte
2049 1627 2205 1658 innovate

1196 1683 1349 1717 fuissent,
1369 1687 1399 1712 et
1416 1682 1454 1712 de
1473 1692 1555 1712 novo
1573 1683 1670 1712 etiam
1688 1681 1887 1720 appellatum
1905 1690 1944 1710 ne
1967 1681 2102 1719 aliquid,
2124 1689 2205 1719 pen-

1196 1735 1350 1765 dentibus
1371 1734 1562 1773 hujusmodi
1586 1733 1876 1772 appellationibus,
1902 1736 2145 1770 attemptarent,
2166 1731 2204 1762 de

1198 1789 1292 1823 sacto,
1310 1797 1384 1817 cum
1397 1788 1434 1817 de
1449 1788 1523 1826 jure
1537 1796 1600 1817 non
1614 1791 1759 1825 possent,
1774 1786 1811 1816 (le
1824 1786 1969 1824 sepefata
1985 1785 2204 1821 thesauraria,

1198 1845 1266 1879 post
1284 1840 1523 1878 appellationes
1540 1840 1732 1878 premissas.
1756 1843 1927 1877 prenotato
1950 1838 2120 1876 providere
2136 1846 2207 1868 mo-

1199 1894 1342 1923 nasterio
1368 1897 1658 1931 presumpserunt3
1689 1901 1751 1930 que
1770 1902 1827 1930 per
1852 1901 1971 1921 manus
2000 1891 2207 1930 quorundam

1198 1947 1319 1976 ibidem
1343 1946 1555 1976 existentium
1582 1946 1645 1975 fuit
1673 1946 1712 1975 ad
1740 1945 1925 1979 ecclesiam,
1956 1945 2070 1974 fractis
2098 1949 2207 1974 tamen

1198 2000 1304 2029 ostiis.
1333 2000 1520 2037 deportata,
1548 1999 1582 2028 in
1612 2022 1631 2027 ..
1660 1998 1853 2036 priorissam
1882 2002 1911 2027 ct
1939 1997 2136 2028 adherentes
2160 1997 2206 2032 ei,

1200 2053 1366 2082 nominate
1385 2052 1604 2081 thesaurario.
1624 2052 1709 2081 sicut
1726 2060 1785 2081 nec
1803 2050 1976 2085 debebant,
1999 2051 2132 2080 obedire
2150 2059 2208 2080 no-

1200 2106 1315 2135 lentes.
1333 2105 1685 2134 excommunit-aitioriis
1702 2103 1866 2133 sententia
1884 2103 2101 2141 promulgata.
2114 2103 2209 2134 Ideo-

1200 2167 1262 2196 que
1287 2157 1482 2187 mandamus
1499 2162 1674 2196 quatenus,
1694 2156 1721 2186 si
1739 2160 1788 2186 est
1805 2156 1861 2190 ita,
1881 2156 2001 2185 dictam
2021 2164 2209 2185 excommu-

1202 2211 1379 2241 nicationis
1410 2211 1610 2240 scntentiam
1648 2209 1884 2239 denuntiantes
1920 2209 2053 2247 penitus
2084 2209 2207 2238 nullam

1201 2274 1283 2299 csse,
1303 2273 1339 2293 ac
1365 2268 1557 2293 revocantes
1583 2263 1616 2292 in
1645 2267 1766 2292 statum
1790 2262 1936 2292 debitum
1958 2261 2115 2300 quicquid
2137 2265 2209 2300 post

1201 2316 1438 2355 appellationes
1450 2316 1614 2354 predictas
1627 2315 1824 2345 inveneritis
1835 2319 1956 2344 temere
1966 2318 2207 2352 attemptatum,

1202 2370 1240 2399 ad
1263 2370 1466 2399 decisionem
1486 2369 1610 2407 negotii
1632 2378 1730 2406 super
1752 2367 1877 2398 eisdem
1896 2367 2057 2402 articulis,
2082 2366 2209 2396 ratione

1202 2423 1324 2461 previa,
1345 2422 1541 2460 procedatis.
1561 2422 1720 2451 facientes
1738 2420 1898 2459 partibus,
1920 2420 1954 2449 in
1979 2419 2209 2458 prosecutione

1204 2476 1338 2513 hegcan,
1358 2476 1395 2506 de
1413 2476 1507 2505 bonis
1531 2474 1725 2505 monasterii
1745 2482 1905 2512 expensas
1922 2473 2129 2503 necessarias
2147 2471 2210 2501 mi-

1203 2529 1349 2563 nistrari,
1365 2529 1459 2567 juxta
1480 2528 1626 2566 priorum
1648 2526 1888 2557 continentiam
1911 2525 2108 2555 litterarum.
2128 2526 2208 2555 Tes-

1203 2586 1250 2611 tes
1269 2586 1327 2611 etc.
1347 2581 1439 2617 Quod
1457 2581 1485 2610 si
1506 2590 1571 2610 non
1593 2589 1707 2609 omnes
1731 2584 1790 2609 etc.
1812 2579 1885 2608 Dat.
1910 2578 2073 2616 Anagnie,
2090 2578 2136 2609 VI
2151 2577 2211 2607 ka-

1204 2634 1317 2664 lendas
1335 2633 1544 2672 septembris,
1561 2642 1647 2663 anno
1664 2632 1868 2662 duodecimo.
1890 2643 1902 2657 »

1237 2786 1255 2808 1.
1273 2786 1454 2809 (j‘cst—a-ilirc
1475 2792 1479 2808 :
1499 2794 1509 2806 α
1527 2792 1612 2813 super
1636 2785 1781 2807 electionis
1796 2785 1897 2811 forma,
1921 2783 2087 2811 etiamtiam
2108 2782 2213 2805 studiis

1206 2832 1369 2859 meritisque
1385 2837 1504 2858 persone
1522 2830 1613 2858 ipsius
1628 2829 1810 2851 thesaur-arie.
1830 2835 1841 2848 ι)

1235 2874 1257 2899 Q.
1277 2877 1316 2897 Ms
1333 2884 1339 2897 .-
1356 2874 1487 2897 sentiens.

1235 2918 1257 2941 3.
1276 2918 1294 2941 ll
1311 2925 1436 2948 marique,
1454 2917 1469 2940 a
1485 2920 1527 2940 eet
1541 2916 1660 2945 endroit,
1678 2922 1714 2938 un
1730 2918 1786 2938 mot
1802 2915 1837 2938 tel
1854 2921 1906 2944 que
1924 2921 1928 2937 :
1946 2915 2158 2937 archidiacono.

1236 2962 1258 2985 4.
1276 2964 1324 2985 Ms.
1343 2971 1349 2985 :
1366 2961 1561 2992 suprascripte.
