2519 3518
131 300 205 331 1133
974 292 1196 330 nouztEME
1219 293 1375 330 ANNnn.
2151 301 2225 334 1134

127 366 263 405 exigens
295 367 334 396 ab
362 366 490 402 eodem,
522 375 596 396 cum
624 366 837 397 multitudine
866 371 1068 397 armatorum
1097 364 1137 394 ad

128 419 368 449 monasterium
384 419 610 458 supradictum
628 419 776 449 accessit.
797 420 836 449 Et
852 419 928 449 licet
945 419 975 449 ei
992 428 1010 449 a
1026 418 1137 449 senio-

127 471 220 502 ribus
237 472 441 508 monasterii,
465 472 503 502 de
526 471 695 502 voluntate
723 472 944 510 predictorum
961 472 1089 502 abbatis
1106 474 1137 501 et

127 528 322 560 conventus,
343 525 555 554 caritativum
571 529 601 554 et
618 525 798 563 gratuitum
818 524 1000 563 hospitium
1018 525 1136 554 fuisset

130 577 288 613 oblatum,
318 578 389 615 ipse
418 581 544 612 tamen,
572 577 686 607 divina
714 578 901 607 reverentia
931 582 962 607 et
991 577 1136 607 humana

129 629 282 666 calcatis,
311 630 513 668 respondens
540 630 627 669 quod
653 630 691 660 de
722 630 859 660 caritate
886 635 916 660 et
942 630 1048 668 gratia
1071 638 1136 660 non

129 683 276 719 curabat,
293 692 329 713 ac
346 683 506 713 excedens
527 683 760 721 tirampnidem
784 684 1004 721 Paganorum,
1023 683 1136 713 fractis

117 736 234 774 ‚portis
248 736 386 767 ecclesie
410 745 447 766 ac
472 736 686 775 ymaginibus
709 736 857 765 crucifixi
878 735 1028 774 turpiter,
1054 744 1137 765 ausu

129 789 303 824 diabolico,
326 788 538 824 conculcatis,
565 797 630 818 non
652 793 826 819 contentus
849 789 936 827 quod
956 788 1136 818 claustrum

130 842 220 872 infra
244 841 432 871 clausuram
462 849 632 870 murorum
660 841 834 879 effregerat
853 840 1025 875 violenter,
1053 840 1138 870 ostia

129 894 338 924 officinarum
359 894 466 932 ipsius
488 893 638 928 ecclesie,
661 893 815 924 videlicet
838 893 1043 928 horreorum,
1071 897 1138 923 sta-

131 947 293 982 bulorum,
313 946 541 985 pistrinorum,
565 946 764 984 panectarie,
789 945 928 981 cellarii,
947 946 1087 985 coquine
1107 949 1138 975 et

130 1000 355 1037 grangiarum,
377 1008 413 1028 ac
429 998 504 1035 alia,
524 1007 662 1028 numero
683 998 903 1037 quadraginta
919 1003 1070 1037 quatuor,
1089 999 1138 1028 fe-

130 1052 175 1081 cit
191 1051 335 1089 effringi,
354 1060 390 1081 ac
404 1051 501 1081 vendi
516 1051 651 1081 bladum
664 1051 837 1080 inventum
851 1050 986 1086 ibidem,
1005 1051 1046 1081 ad
1058 1060 1138 1081 usus

130 1104 369 1134 monachorum
390 1108 420 1134 et
436 1112 617 1142 pauperum
634 1103 837 1142 deputatum.
859 1104 898 1133 Et
915 1104 1077 1142 quamvis,
1099 1103 1139 1133 ob

130 1158 373 1188 immanitatem
389 1157 548 1187 facinoris
564 1157 786 1193 manifestam,
808 1161 873 1186 tam
890 1156 1041 1196 jamdicti
1061 1165 1135 1186 con-

130 1215 316 1241 servatores
352 1209 603 1248 privilegiorum
638 1218 774 1239 suorum
804 1218 903 1248 quam
939 1208 1140 1239 venerabilis

132 1264 234 1294 frater
260 1267 371 1293 noster
397 1285 417 1292 ..
444 1262 713 1300 archiepiscopus
736 1262 951 1297 Turonensis,
980 1262 1015 1291 in
1046 1262 1140 1301 cujus

131 1316 256 1346 diocesi
274 1315 514 1346 monasterium
531 1315 640 1353 ipsum
657 1315 758 1344 situm
774 1319 823 1344 est
840 1319 870 1345 et
886 1314 1078 1354 hujusmodi
1092 1323 1140 1344 sa-

131 1369 306 1407 crilegium
322 1364 557 1407 perpetratum,
576 1368 611 1397 in
629 1368 770 1398 eundem
786 1368 940 1397 comitem
957 1373 988 1398 et
1003 1367 1140 1406 compli-

131 1431 186 1452 ces
203 1430 239 1451 ac
257 1421 403 1451 fautores
423 1421 541 1459 ipsius,
558 1420 741 1450 monitione
760 1420 933 1458 premissa,
953 1429 1141 1450 excommu-

133 1473 312 1504 nicationis
338 1473 538 1504 sententiam
566 1472 823 1511 promulgarint,
848 1477 878 1502 et
901 1472 1140 1503 nichilominus

131 1527 172 1557 ob
200 1526 414 1557 commissum
444 1525 656 1564 sacrilegium
686 1526 852 1555 sententia
880 1535 1044 1555 canonum
1074 1526 1142 1555 sint

131 1579 227 1618 ligati
245 1589 251 1608 ;
269 1579 356 1609 idem
374 1583 483 1609 tamen
500 1587 620 1613 comes,
639 1587 713 1608 cum
730 1578 881 1608 debuerit
897 1579 937 1608 ad
952 1578 1141 1617 percutien-

133 1637 198 1663 tem
211 1641 246 1662 se
262 1641 336 1662 cum
348 1631 538 1661 humilitate
554 1631 679 1661 redisse
690 1632 710 1666 ¹,
722 1631 808 1661 mala
817 1631 915 1661 malis
927 1631 1141 1661 accumulans

132 1689 164 1715 et
182 1685 396 1723 iniquitatem
414 1684 651 1723 iniquitatibus
669 1684 905 1722 superaddens,
925 1685 1039 1713 vinum
1055 1684 1142 1723 quod

133 1737 297 1775 prefatum
328 1737 567 1767 monasterium
597 1736 740 1767 habebat
769 1737 856 1775 apud
884 1737 1080 1767 Auricasam
1111 1741 1141 1767 et

132 1785 324 1824 Chosium²,
343 1789 422 1819 feeit
446 1788 608 1819 violenter
626 1789 762 1819 auferri.
794 1790 833 1819 Et
855 1790 943 1828 quia,
965 1789 1142 1827 diligenter

133 1843 292 1879 monitus,
308 1842 341 1871 id
358 1841 463 1871 noluit
482 1842 668 1877 emendare,
694 1842 758 1871 fuit
781 1851 799 1871 a
824 1842 1047 1880 subdelegatis
1064 1851 1142 1872 con-

132 1899 338 1926 servatorum
359 1895 506 1932 ipsorum
524 1895 876 1924 excommunicationis
895 1894 1027 1924 vinculo
1045 1895 1143 1924 inno-

133 1949 241 1978 datus.
261 1948 369 1984 Quare
386 1947 493 1977 dictus
512 1952 703 1985 procurator
720 1947 814 1976 nobis
832 1947 1004 1977 humiliter
1022 1947 1143 1985 suppli-

133 2001 221 2031 ravit
239 2005 284 2035 ut,
312 2009 386 2029 cum
407 2008 560 2029 excessus
582 2000 773 2038 hujusmodi
798 2000 877 2029 adeo
894 2000 961 2029 sint
979 2009 1141 2035 enormes,

134 2056 222 2095 qnod
239 2065 303 2085 non
325 2055 443 2084 debent
471 2054 702 2084 coniventibus
725 2054 829 2084 oculis
847 2055 1053 2092 pertransiri,
1075 2064 1144 2085 me-

136 2113 279 2138 moratos
290 2107 469 2144 sacrilegos
482 2107 714 2136 mandaremus
728 2107 850 2135 tamdiu
863 2108 1009 2136 nuntiari
1020 2117 1143 2137 excom-

137 2161 322 2191 municatos
340 2165 371 2190 et
396 2160 435 2189 ab
458 2159 613 2189 omnibus
637 2159 742 2188 artius
769 2159 897 2193 evitari,
918 2160 1019 2189 donee
1037 2161 1144 2198 passis

136 2213 295 2252 injuriam
310 2212 519 2241 satisfaciant
530 2216 793 2250 competenteret
805 2212 946 2250 dampna
962 2213 1145 2243 resarciant

137 2266 304 2295 universa.
323 2264 407 2300 Quia
425 2273 502 2293 vero
519 2264 817 2302 supplicationibus
835 2265 940 2302 ipsius
955 2265 1085 2295 comitis
1098 2266 1145 2296 sic

138 2320 248 2348 favere
270 2326 328 2346 nos
350 2317 514 2351 convenit,
544 2317 631 2355 quod
653 2318 847 2346 monasterii
868 2318 1000 2356 justitia
1017 2328 1081 2348 non
1098 2319 1146 2349 le-

135 2371 243 2405 datur,
259 2369 460 2399 fraternitati
477 2373 531 2399 tue
547 2378 604 2407 per
618 2369 798 2407 apostolica
812 2370 932 2408 scripta
951 2371 1145 2401 mandamus

136 2428 312 2462 quatenus,
331 2422 456 2460 prefato
475 2422 593 2451 comite
613 2427 780 2460 prestante
802 2423 906 2460 primo
927 2424 1145 2454 sufficientem

139 2485 194 2514 pro
211 2474 399 2504 manifestis
417 2474 554 2504 offensis
571 2474 754 2509 emendam,
773 2479 803 2504 et
821 2484 877 2512 pro
897 2476 1006 2505 dubiis
1030 2477 1068 2506 de
1089 2487 1146 2515 pa-

137 2529 238 2559 rendo
256 2527 420 2556 mandatis
442 2526 587 2557 Ecclesie
606 2527 824 2557 sufficientem
842 2533 872 2557 et
889 2529 1051 2566 ydoneam
1069 2539 1146 2560 cau-

139 2581 272 2614 tionem,
306 2588 367 2608 non
397 2578 607 2608 obstantibus
638 2578 758 2609 litteris
791 2588 889 2617 super
917 2581 1147 2613 observatione

138 2633 380 2664 sententiarum
397 2631 587 2670 hujusmodi
611 2641 648 2661 ex
668 2636 760 2670 parte
776 2632 855 2662 dicti
873 2634 1066 2663 monasterii
1084 2635 1147 2663 im-

138 2687 291 2725 petratis,
327 2685 510 2715 sententias
533 2685 625 2724 juxta
650 2685 790 2714 formam
816 2685 962 2715 Eeclesie
996 2687 1146 2717 relaxans

138 2740 282 2774 easdem,
307 2738 422 2768 audias
446 2738 652 2776 postmodum
678 2738 705 2767 si
729 2738 809 2776 quid
831 2738 930 2768 suerit
950 2741 1146 2778 questionis,

139 2797 170 2822 et
186 2801 330 2827 causam,
352 2791 433 2821 side
451 2791 593 2829 partium
617 2790 782 2820 voluntate
808 2793 1017 2828 processerit.
1039 2793 1148 2824 debito

175 2918 196 2941 1.
213 2918 253 2941 Cf.
273 2917 324 2940 lsA.
342 2916 389 2945 IX,
405 2916 441 2939 13.

173 2961 196 2984 Q,
213 2963 262 2984 Ms.
280 2969 286 2983 :
306 2959 418 2984 Chosid,

1220 365 1284 397 fine
1303 367 1453 404 decidas;
1475 369 1600 399 faciens
1626 374 1687 400 otc.
1713 371 1869 410 Alioquin
1892 372 1996 410 ipsam
2018 372 2222 403 sufficienter

1218 420 1415 451 instructam
1432 422 1471 452 ad
1490 423 1705 461 apostolicum
1724 425 1872 455 remittas
1891 435 2038 460 examen,
2058 428 2221 465 prefigens

1219 473 1368 511 partibus
1396 476 1574 505 terminum
1601 478 1857 515 peremptorium
1884 484 2133 517 competentem,
2161 490 2224 519 quo

1219 534 1276 563 per
1291 535 1326 556 se
1346 527 1396 557 vel
1418 537 1475 566 per
1491 534 1720 566 procuratores
1736 531 1871 561 idoneos
1888 537 2097 570 compareant
2115 542 2225 563 coram

1220 579 1326 615 nobis,
1341 580 1474 619 justam,
1496 586 1628 612 auctore
1645 583 1794 618 Domino,
1820 585 2018 614 sententiam
2041 590 2222 623 recepture.

1220 632 1341 662 Eodem
1358 642 1434 663 vero
1453 634 1582 669 comite,
1603 644 1621 664 a
1638 639 1666 665 te
1690 636 1814 665 monito
1837 636 2024 674 diligenter,
2046 638 2135 667 inira
2151 647 2226 676 spa-

1220 684 1302 714 tium
1319 689 1460 724 quatuor
1483 687 1648 717 mensium
1672 693 1743 726 post
1764 689 1979 719 monitionem
2000 695 2089 720 tuam
2113 699 2226 721 emen-

1220 738 1292 767 dam
1317 742 1347 768 et
1364 739 1550 769 cautionem
1566 740 1755 779 hujusmodi
1774 751 1837 771 non
1857 747 2034 780 prestante,
2054 748 2086 773 tu
2107 748 2225 774 extunc

1220 791 1399 829 premissas
1412 793 1595 823 sententias
1610 794 1649 823 ab
1662 794 1918 833 archiepiscopo,
1935 797 2224 827 conservatoribus

1220 846 1251 872 et
1267 843 1492 882 subdelegatis
1508 846 1664 883 predictis
1687 847 1920 885 promulgatas,
1943 849 2027 878 sicut
2044 849 2225 879 rationabi-

1219 895 1296 926 liter
1315 901 1392 926 sunt
1414 897 1550 935 prolate,
1569 908 1605 928 ac
1621 900 1821 929 sententiam
1840 901 1976 931 canonis
1993 902 2096 931 facias
2113 906 2225 932 aucto-

1220 949 1317 979 ritate
1334 954 1445 979 nostra
1468 959 1573 989 usque
1595 951 1633 981 ad
1655 952 1916 983 satisfactionem
1940 955 2148 993 condignam,
2169 965 2227 994 ap-

1220 1001 1397 1039 pellatione
1407 1008 1541 1039 remota,
1554 1004 1982 1036 inviolabiliterobservari.
1993 1008 2065 1037 Non
2075 1008 2226 1039 obstante

1221 1054 1458 1089 constitutione
1476 1055 1562 1094 [etc.,
1585 1065 1690 1095 usque
1713 1057 1733 1095 z]
1755 1057 1842 1087 ultra
1861 1059 1990 1088 tertiam
2009 1060 2059 1090 vel
2075 1065 2227 1099 quartam

1222 1115 1296 1144 pars
1318 1106 1421 1137 altera
1437 1107 1523 1146 [etc.,
1543 1117 1648 1147 usque
1667 1109 1686 1147 :]
1710 1118 1774 1139 non
1791 1110 1950 1140 trahatur.
1971 1113 2043 1142 Dat.
2063 1113 2224 1151 Anagnie,

1221 1160 1283 1189 VII
1299 1159 1374 1189 idus
1394 1161 1601 1198 septembris,
1621 1171 1707 1192 anno
1721 1162 1925 1193 duodecimo.
1946 1176 1958 1190 »

1325 1371 1410 1385 —0-

1292 1372 1412 1398 clo-0
1706 1374 1835 1407 Anauni,
1850 1376 1883 1402 *25
1899 1378 2064 1411 septembre
2078 1379 2155 1406 1238.

1258 1433 1402 1466 Burgensi
1420 1437 1448 1459 et
1465 1434 1623 1461 Palentino
1639 1436 1784 1470 episeopis
1800 1441 1828 1464 et
1844 1439 1953 1466 decano
1966 1441 2107 1472 Buruensi
2125 1444 2228 1471 scribit:

1222 1481 1263 1517 de*
1276 1481 1416 1515 magistro
1438 1482 1534 1513 Petro,
1558 1483 1651 1517 ipsius
1671 1493 1761 1519 papae
1779 1487 1967 1520 subdiacono,
1990 1491 2128 1521 magistro
2144 1493 2229 1519 scho-

1222 1531 1318 1556 larum
1335 1531 1516 1563 Zamorensi,
1534 1535 1639 1566 nepote
1654 1534 1783 1566 Aegidii,
1798 1535 1973 1563 Sanctorum
1989 1538 2111 1566 Cosmae
2125 1545 2151 1567 et
2168 1542 2228 1568 Da-

1224 1578 1317 1605 miani
1331 1578 1447 1605 diaconi
1465 1580 1643 1613 cardinalis:
1666 1582 1715 1615 qui
1737 1584 1877 1616 magister
1894 1586 2007 1618 Petrus,
2026 1602 2056 1605 —
2076 1588 2145 1615 licet
2161 1598 2226 1616 euni

1223 1628 1300 1661 ipso,
1333 1627 1420 1659 otim,
1448 1632 1511 1662 post
1536 1630 1674 1664 adeptum
1700 1633 1903 1665 magistorum
1935 1636 2100 1663 scholarum
2127 1638 2228 1665 Zame-

1223 1684 1323 1708 rense,
1352 1676 1505 1703 ecclesiam
1538 1680 1718 1706 saecularem
1748 1680 1850 1707 Sancti
1884 1682 1998 1713 Quivit-i
2011 1705 2017 1716 ‚
2046 1694 2118 1719 qnae
2148 1687 2228 1713 dice-

1224 1724 1309 1751 batur
1332 1725 1462 1756 abbatia,
1489 1727 1629 1753 canonice
1650 1732 1793 1757 assecuto.
1820 1739 1905 1764 snper
1930 1736 2051 1766 utroque
2074 1735 2229 1761 retinendo

1224 1773 1328 1800 fuisset
1340 1781 1390 1807 per
1405 1773 1511 1800 Sedem
1535 1775 1735 1808 Apcstoticam
1760 1777 1975 1811 dispensatum,
2000 1781 2230 1815 dispensationis

1224 1824 1323 1847 tamen
1349 1821 1457 1848 litteris
1480 1830 1548 1849 casu
1572 1823 1692 1850 fortuito
1717 1825 1854 1858 amissis,
1881 1841 1911 1844 —
1936 1828 2059 1855 babebat
2083 1831 2233 1857 eonscien-

1225 1869 1296 1895 tiam
1321 1870 1537 1896 rem‹‡›r‹ilentem
1560 1880 1594 1897 ex
1615 1880 1647 1898 eo
1666 1873 1751 1906 quod,
1779 1878 1931 1908 postquam
1958 1876 2050 1903 bonae
2073 1881 2230 1907 nunnus-iae

1226 1917 1400 1944 sabinensis
1418 1918 1581 1952 episeopus,
1604 1922 1673 1946 tune
1690 1922 1876 1954 Apostolieae
1894 1924 1978 1951 Sedis
1995 1927 2230 1956 11=e.··t11s.e1›nr1·a

1226 1967 1310 1999 plura
1338 1966 1477 1993 beneficia
1506 1968 1673 1994 obtinentes
1708 1971 1865 2003 quamdam
1895 1974 2136 2002 constitution-*nt
2168 1979 2231 2005 esli-

1225 2014 1307 2041 ‹lerat
1334 2017 1361 2041 et
1401 2017 1719 2044 excommunh—ationis
1753 2021 1898 2046 sententia
1933 2022 2133 2056 1·‹›h‹·1·av‹=r.-1t,
2169 2027 2231 2061 ipse

1226 2065 1324 2088 tamen
1338 2063 1491 2089 eeclesiam
1508 2065 1708 2097 supradictam
1726 2067 1900 2100 aliquandiu
1919 2072 2066 2099 tenuerat:
2092 2074 2168 2099 unde
2189 2076 2230 2101 eis

1228 2111 1346 2137 mandat
1363 2114 1517 2144 qnatenus,
1531 2113 1664 2146 impenso
1675 2114 1768 2141 eidem
1782 2116 1868 2142 Petro
1882 2118 2074 2146 absolutionis
2092 2121 2231 2150 benefici-1

1226 2159 1261 2184 ad
1277 2160 1435 2186 cautelam.
1453 2163 1479 2186 et
1497 2169 1528 2186 eo
1541 2163 1705 2194 praefatum
1719 2164 1921 2197 magisterium
1935 2168 2100 2195 scholarum
2116 2171 2142 2196 in
2158 2172 2231 2205 ipso*

1227 2215 1290 2233 rum
1315 2207 1451 2234 manibus
1470 2209 1646 2242 resignante,
1670 2220 1702 2236 av
1726 2211 1875 2245 obligante
1894 2224 1922 2239 se
1945 2223 1995 2248 per
2016 2225 2081 2243 suas
2099 2222 2231 2251 patentes

1227 2255 1351 2287 litteras,
1369 2256 1445 2289 quod
1463 2264 1587 2290 congrue
1603 2258 1776 2292 satisfaviet,
1794 2269 1859 2286 cnm
1879 2263 2015 2295 potnerit.
2037 2265 2071 2291 ule
2087 2268 2231 2295 l'rnetibusv

1227 2311 1261 2328 ex
1278 2303 1377 2329 eodem
1395 2304 1564 2337 magisterio
1581 2314 1597 2331 a
1613 2309 1742 2340 tempore
1761 2316 1815 2341 qno
1827 2309 1936 2336 «filietam
1955 2313 2108 2340 ecelesiam
2129 2318 2230 2343 Sancti

1228 2350 1509 2386 Quiricireceperat,
1520 2355 1675 2388 perceptis,
1686 2355 1714 2381 in
1726 2356 1886 2383 utilitatem
1896 2359 2080 2387 Zatn·‚›1·onsi.-
2091 2365 2231 2391 eet-lesina

1228 2400 1444 2432 convertendiS,
1457 2401 1654 2436 impositaque
1664 2403 1719 2430 illi.
1732 2412 1781 2437 prs·
1793 2413 1824 2431 eo
1836 2407 1910 2439 quod
1923 2409 2122 2439 magisterium
2136 2412 2228 2445 ipsum

1229 2450 1291 2481 post
1319 2448 1468 2474 obtentam
1501 2450 1674 2482 jamdictam
1707 2453 1860 2479 eeclesiam
1890 2457 2033 2488 tenuerat,
2050 2460 2231 2491 paenitentia

1229 2497 1419 2530 vmnpetenti,
1437 2497 1513 2524 eirea
1537 2498 1633 2532 ipsum
1660 2499 1861 2533 ‹ilispensative
1885 2506 1943 2529 tam
1968 2513 2054 2538 super
2076 2508 2234 2540 praedietis

1231 2545 1398 2578 magisterio
1412 2547 1577 2573 scholarum
1600 2553 1626 2573 et
1645 2549 1778 2580 eeclesia,
1794 2559 1879 2583 quam
1897 2560 1981 2584 super
1997 2564 2028 2579 eo
2045 2556 2118 2587 quod
2132 2556 2234 2583 divina

1230 2593 1414 2626 postmodum
1440 2595 1638 2622 celebraverat
1667 2601 1693 2623 et
1715 2597 1826 2624 divinis·
1850 2608 1878 2625 se
1900 2600 2113 2635 immiscuerat,
2136 2606 2235 2638 provi-

1229 2641 1318 2668 ‹leant
1338 2647 1422 2675 prout
1446 2644 1507 2676 ojus
1526 2645 1615 2671 saluti
1639 2645 1768 2672 viderint
1792 2648 1946 2681 expe·.li1·e;
1969 2652 2084 2683 [nevisti
2108 2654 2182 2685 qnml
2204 2655 2233 2680 in

1231 2689 1330 2715 eadem
1350 2691 1471 2717 ecclesia
1490 2700 1539 2725 per
1554 2693 1690 2719 idoneum
1710 2694 1853 2721 vicariam
1870 2696 1947 2722 idem
1964 2698 2068 2724 Petrus
2084 2701 2172 2727 t'aviat
2189 2702 2237 2728 ‹ele-

1231 2739 1346 2765 serviri.
1366 2754 1396 2757 —
1413 2741 1499 2769 (Hm.
1517 2741 1560 2772 19,
1579 2743 1597 2767 1⁴.
1616 2742 1649 2768 49
1667 2748 1708 2772 ν”ς
1727 2751 1795 2768 ann.
1814 2744 1880 2772 XII.
1899 2756 1922 2770 e.
1940 2746 2014 2773 ⁵246.)

1275 2864 1287 2878 «
1309 2875 1327 2880 ..
1344 2854 1493 2890 Bzcrycnsi
1514 2860 1539 2882 el
1558 2877 1576 2882 ..
1596 2855 1754 2884 Palentbzo
1773 2857 1926 2894 epist-opis.
1948 2864 1972 2886 rt
1991 2882 2010 2887 ..
2031 2861 2141 2890 ‹lerano
2159 2863 2239 2891 Bur-

1233 2906 1328 2940 (Jensz'.
1344 2905 1527 2936 Commisse
1545 2907 1639 2936 nobis
1658 2908 1971 2939 amministrationis
1986 2929 2033 2939 —.
2057 2913 2126 2941 Dat.
2149 2916 2238 2945 Ana-

1236 2957 1323 2993 gnie,
1341 2959 1404 2988 VII
1420 2959 1577 2989 kalendas
1595 2960 1747 2996 octobris,
1768 2970 1853 2991 anno
1871 2962 2074 2994 duodecimo.
2092 2977 2103 2991 »
