2519 3518
140 283 200 315 393
1002 279 1186 316 mmeE
1209 280 1367 317 ΑΝΝΕΕ.
2169 295 2227 325 394

143 352 307 386 restituto,
323 352 527 390 postmodum
545 353 630 391 quod
647 358 834 392 superesset
848 354 1033 393 questionis
1049 353 1144 383 audi-

142 409 203 435 ret.
221 405 375 435 Preterea
390 413 448 434 nos
463 405 712 439 nichilominus.
728 415 786 444 per
799 406 881 437 alias
895 407 1022 436 litteras
1039 406 1142 436 decla-

142 461 254 488 rantes
271 457 357 496 quod
376 458 572 488 intentionis
592 463 703 489 nostre
727 468 791 489 non
814 465 882 490 erat
900 460 1050 495 eundem,
1072 464 1142 498 post

139 509 280 540 eandem
297 511 535 548 preposituram
554 511 673 541 Sancte
697 512 800 542 Mai-ie
817 513 855 543 dc
872 513 1049 545 Gradibus.
1070 522 1144 551 pre-

140 563 323 601 posituram
356 563 454 593 aliam
477 563 638 597 obtinere,
669 565 899 595 mandavimus
927 566 1012 604 quod
1035 566 1142 595 dictus

138 617 269 648 cantor,
301 622 376 643 eum
408 614 535 644 faciens
567 614 625 644 illa
655 624 727 645 esse
754 620 954 651 contentum,
985 615 1142 654 quicquid

139 666 229 696 circa
248 665 347 696 aliam
366 675 422 704 pro
439 667 509 704 ipso
528 667 704 702 inveniret,
722 668 908 698 litterarum
925 669 1072 707 ipsarum
1088 677 1142 698 oc-

138 719 285 754 casione,
305 724 542 757 presumptum,
559 720 749 751 decerneret
765 721 897 751 irritum
912 722 1064 751 etinane.
1079 722 1141 752 Sed

138 771 247 802 dictus
264 776 387 807 cantor,
405 773 674 810 consanguineus
694 774 797 812 partis
814 773 962 807 alterins,
980 783 1038 812 per
1053 774 1142 804 litte-

139 833 194 855 ras
211 829 340 855 nostras
362 833 425 854 non
446 825 485 854 ad
500 825 676 864 justitiam.
695 826 776 864 quin
792 827 900 865 potius
919 827 958 856 ad
975 827 1140 857 insaniam

137 877 317 912 concitate,
336 877 401 907 sibi
418 882 449 907 et
469 877 575 907 eidem
595 879 761 916 preposito
777 879 924 909 diversas
940 879 1140 909 1010100115ί

137 930 280 969 injurias
298 934 329 960 et
348 931 506 969 jacturas,
527 931 560 960 in
578 931 648 968 ipso
665 931 796 969 negotio
813 931 986 969 procedere
1003 940 1067 961 non
1084 940 1141 969 po-

140 984 213 1018 tuit,
238 983 294 1013 sed
318 983 401 1013 illud
426 983 465 1012 ad
489 984 594 1013 nostri
620 983 734 1013 limam
765 984 926 1014 examinis
950 984 1139 1014 destinavit.

137 1037 248 1073 Quare
272 1045 350 1070 nos,
373 1036 410 1066 de
435 1036 631 1074 spoliatione
660 1036 849 1076 hujusmodi
877 1036 1055 1066 multorum
1078 1036 1140 1066 fide

137 1089 314 1127 dignorum
337 1088 459 1119 litteris
484 1094 513 1119 et
537 1089 778 1119 assertionibus
797 1090 978 1124 informati,
996 1089 1063 1127 pati
1082 1098 1140 1118 no-

136 1141 244 1172 lentes
260 1141 346 1180 quod
368 1141 455 1171 idem
471 1142 668 1180 prepositus,
686 1150 743 1179 pro
763 1150 838 1180 quo,
856 1141 969 1171 multis
987 1141 1140 1171 miranti-

138 1194 200 1225 bus
233 1198 299 1224 tam
326 1198 448 1224 temere
473 1202 509 1224 ac
530 1194 709 1224 enormiter
733 1194 882 1232 fatigato,
911 1194 996 1232 apud
1022 1203 1081 1223 nos
1109 1199 1140 1223 et

135 1248 275 1286 antiqua
290 1247 551 1277 conversationis
564 1255 622 1276 sue
639 1247 757 1276 notitia
772 1251 803 1277 et
818 1247 964 1285 plurium
980 1248 1139 1278 Teutonie

137 1300 325 1339 principum
344 1299 526 1330 laudabilia
543 1299 734 1330 testimonia
751 1299 970 1335 intercedunt,
991 1300 1139 1339 ejusdem

135 1353 298 1389 canonici,
319 1361 418 1391 super
432 1352 511 1386 11115,
528 1356 563 1381 ut
586 1352 717 1387 dicitur,
737 1352 775 1382 de
797 1352 898 1382 lorica
914 1352 1138 1391 potiusquam

134 1406 175 1436 de
192 1405 324 1446 justitia
344 1405 551 1439 confidentis,
573 1404 740 1434 consuetis
766 1405 930 1442 angustiis
949 1405 1136 1440 tribuletur,

136 1458 311 1497 presertim
336 1457 513 1487 cumidem
536 1457 727 1490 canonicus.v
750 1456 918 1495 aliquibus
940 1466 976 1487 ex
994 1457 1138 1495 capitulo

134 1510 328 1542 Coloniensi
351 1510 416 1540 sibi
435 1509 660 1548 prestantibus
676 1509 711 1538 in
734 1509 795 1539 hac
814 1514 906 1548 parte
921 1510 1079 1545 favorem,
1097 1511 1138 1540 ad

135 1562 292 1602 equitatis
317 1562 502 1601 amplexum
532 1561 726 1592 inflexibilis
753 1562 914 1596 videatur,
941 1563 1136 1593 mandamus

133 1619 310 1654 quatenus,
331 1615 433 1645 nullis
453 1615 574 1645 litteris
590 1615 798 1645 obstantibus
822 1616 862 1645 ab
884 1616 1042 1646 alterutra
1060 1626 1136 1655 par-

132 1668 216 1698 tium
235 1677 333 1707 super
349 1668 409 1698 1100
426 1678 443 1698 a
461 1669 544 1699 Sede
558 1668 747 1707 Apostoliea
762 1669 958 1707 impetratis,
976 1669 1136 1700 kalendas

132 1720 257 1750 mensis
273 1721 470 1759 septembris
484 1721 632 1759 proximo
648 1721 753 1751 futuri
770 1721 834 1751 sibi
845 1724 857 1741 ²
871 1722 1049 1752 terminum
1061 1731 1136 1761 per-

130 1773 330 1812 emptorium
347 1773 528 1812 prefigatis,
546 1774 581 1803 in
605 1783 669 1812 quo
690 1774 910 1812 personaliter
931 1780 1133 1813 compareat,

131 1826 229 1857 nobis
244 1827 394 1856 facturus
415 1830 446 1856 et
469 1830 662 1864 recepturus
679 1827 766 1865 quod
788 1827 866 1857 ordo
889 1827 1062 1858 dictaverit
1081 1837 1135 1858 ra-

133 1879 246 1909 tionis.
277 1879 416 1909 Interim
447 1883 558 1909 autem
586 1879 734 1918 ejusdem
763 1880 969 1918 prepositure
994 1881 1133 1916 fructus,

130 1931 240 1971 quoad
254 1931 347 1962 illam
367 1935 494 1970 partem
515 1941 614 1971 quam
634 1932 813 1962 canonicus
836 1937 1038 1963 memoratus
1056 1934 1135 1964 deti-

132 1989 197 2021 net,
220 1984 362 2014 fideliter
377 1984 488 2023 colligi
511 1989 542 2015 et
562 1985 598 2014 in
620 1989 792 2024 sequestro
814 1986 950 2021 servari,
972 1995 1078 2025 usque
1095 1987 1135 2017 ad

131 2041 244 2067 nostre
259 2036 440 2067 voluntatis
450 2037 707 2076 beneplacitum,
723 2037 865 2072 faciat-is,
879 2047 1009 2068 summa
1024 2043 1134 2070 tamen

131 2089 377 2128 quinquaginta
406 2098 594 2119 marcarum
623 2094 767 2128 excepta,
800 2099 899 2129 quam
931 2092 1134 2123 venerabilis

131 2143 235 2172 frater
255 2145 368 2172 noster
392 2165 410 2171 ..
436 2141 705 2180 archiepiscopus
729 2143 946 2180 Maguntinus
969 2145 1134 2182 sepedicto

130 2194 297 2233 preposito
313 2203 370 2233 pro
391 2194 543 2233 expensis
563 2194 633 2224 suis
649 2194 688 2225 de
703 2195 861 2234 jamdicta
876 2200 968 2234 parte
990 2198 1134 2228 auctori-

133 2251 199 2278 tate
215 2251 328 2278 nostra
343 2247 433 2282 fecit,
453 2251 489 2277 ut
505 2247 637 2283 dicitnr,
662 2248 838 2286 assignari.
856 2249 950 2285 Quod
969 2250 998 2279 si
1021 2255 1134 2281 contra

132 2300 195 2330 hoc
215 2300 305 2330 idem
325 2300 504 2335 canonicus
531 2300 646 2330 venire
667 2301 921 2339 presumpserit,
945 2302 1054 2340 ipsum
1076 2313 1134 2342 per

130 2353 363 2392 suspensionis
379 2357 410 2383 et
426 2353 776 2383 excommunicationis
794 2354 976 2384 sententias
992 2355 1134 2394 compel-

129 2406 217 2442 latis,
242 2405 395 2435 invocato
411 2405 542 2441 adhoc,
564 2405 593 2435 si
616 2414 697 2443 opus
720 2405 833 2441 fuerit,
855 2406 979 2436 auxilio
1006 2407 1134 2438 brachii

129 2458 308 2494 secularis;
325 2458 456 2497 proviso
476 2462 513 2488 ut
535 2458 678 2496 capitulo
693 2457 885 2489 Coloniensi
908 2459 1073 2497 prebende
1095 2461 1134 2492 de

129 2511 234 2550 partis
250 2511 398 2551 ejusdem
416 2510 581 2541 fructibus
596 2510 704 2541 medio
726 2515 871 2549 tempore
888 2512 1131 2544 ministrentur.

128 2564 285 2595 Ceterum
300 2563 530 2594 executoribus
543 2564 734 2594 memoratis
749 2564 888 2595 firmiter
905 2565 1059 2596 inhibere
1077 2576 1134 2597 cu-

129 2617 222 2653 retis,
245 2621 282 2646 ut
301 2625 337 2647 se
360 2616 399 2646 de
421 2616 613 2655 hujusmodi
631 2625 731 2646 causa
748 2616 970 2648 intromittere
993 2618 1134 2650 ulterius

131 2677 197 2699 non
211 2673 415 2708 presumant,
433 2669 648 2699 decernentes
664 2669 798 2699 irritum
825 2674 855 2700 et
877 2670 988 2706 inane,
1004 2671 1032 2701 si
1050 2672 1135 2703 forte

129 2730 230 2760 super
250 2721 318 2751 hiis
345 2721 384 2752 de
412 2725 521 2752 cetero
550 2721 678 2760 aliquid
706 2722 958 2760 attemptabunt.
984 2724 1059 2754 Non
1081 2725 1134 2754 ob-

164 2853 184 2876 1.
203 2855 252 2878 Ms.
269 2861 276 2877 ,-
291 2853 484 2877 inferentibus.

161 2896 184 2921 2.
207 2897 378 2921 C'eat-ai-dire
401 2906 408 2921 .·
427 2897 515 2921 eidem
538 2898 682 2926 canonico,
701 2897 818 2922 Sanctae
841 2898 942 2922 Mariae
966 2899 998 2923 ad
1027 2900 1134 2925 Gradus

132 2941 302 2971 praeposito.

1227 357 1334 383 stante
1354 357 1590 387 constitutione
1609 358 1646 387 de
1666 358 1793 387 duabus
1812 359 1908 388 divtis
1927 360 2013 388 edita
2032 360 2065 389 in
2086 360 2226 390 00001110

1225 406 1384 443 generali.
1407 409 1499 445 Quod
1516 414 1624 439 autem
1648 411 1829 449 superbiis
1845 411 2005 442 duxeritis
2025 413 2224 448 faciendum,

1225 459 1320 489 nobis
1338 460 1478 491 tideliter
1493 462 1693 492 rescribatis.
1712 464 1802 499 Quod
1821 464 1846 493 51
1866 473 1928 493 0011
1941 474 2054 494 omnes
2071 470 2130 494 etc.
2151 466 2222 495 Dat.

1226 512 1424 543 Interamue.
1443 515 1488 544 xi
1506 514 1775 554 kalendasjunii.
1794 526 1879 545 anns·
1895 517 2031 547 decimo.
2053 531 2064 544 n

1293 698 1413 726 3¹58
1448 687 1453 692 ’
1837 702 1982 733 ’10111121
1999 702 2057 728 111111
2074 702 2151 728 1236.

1258 760 1398 791 Δ41101150,
1423 761 1505 787 fratri
1523 762 1682 794 Ludmffei,
1700 762 1773 793 ref-vis
1797 763 1951 794 Francia-1,
1969 772 2034 789 eum
2060 772 2115 797 quo
2134 764 2224 791 Sedes

1223 808 1391 841 Apostoliea
1417 809 1638 843 dispens-siverat
1660 814 1689 836 ut
1713 811 1935 838 matrimonium
1958 820 2023 837 eum
2049 811 2222 847 JJ·›}ianna].

1224 856 1285 882 filia
1305 857 1422 883 comitis
1443 858 1616 890 Tholas-ani,
1640 868 1725 892 quam
1750 859 1837 886 tertia
1858 860 1936 886 linea
1957 861 2224 893 consanguinitatis

1223 905 1398 938 attingebat,
1416 909 1508 938 posset
1527 908 1713 938 conti-abere,
1731 912 1757 933 et
1779 908 1815 933 ad
1839 908 1922 941 eujus
1944 908 2061 934 tande-m
2085 909 2221 935 notitiam

1223 956 1396 986 pervenerat
1419 953 1493 987 quod
1517 954 1628 986 eidem,
1652 963 1686 980 ex
1707 956 1799 981 altera
1826 961 1922 989 parte.
1949 956 1978 982 in
2005 959 2107 990 ‹tltiarto
2132 957 2222 989 :gradu

1223 1001 1488 1034 consanguinitatis
1509 1002 1683 1035 attingebat,
1702 1003 1833 1036 indulget
1851 1008 1995 1037 <pratentis
2018 1013 2082 1031 cum
2105 1013 2147 1037 03.
2166 1014 2221 1031 1100

1221 1048 1356 1075 obstante
1375 1049 1466 1081 gradu
1490 1050 1649 1083 praedicto,
1675 1051 1897 1078 matrimonium
1922 1053 2093 1079 contrahere
2113 1054 2220 1080 valeat.

1223 1111 1254 1114 —
1268 1097 1354 1128 (Rae.
1367 1097 1410 1130 18,
1424 1098 1444 1124 f.
1457 1098 1507 1124 157
1522 1102 1566 1130 v'¹;
1583 1107 1652 1125 ann.
1671 1099 1708 1131 X,
1726 1110 1750 1125 0.
1768 1100 1826 1129 86.)

1263 1210 1275 1222 α
1294 1198 1394 1226 Nobili
1418 1199 1483 1227 viro
1501 1200 1642 1234 Alsunso,
1665 1201 1760 1235 frati-i
1783 1201 1940 1229 carissimi
1967 1202 1996 1229 in
2022 1202 2139 1230 (Τὴν-[110
2162 1202 2223 1238 filii

1221 1251 1319 1278 nostri
1341 1251 1368 1279 L.
1384 1275 1390 1286 ,
1410 1252 1541 1280 Francia
1559 1253 1638 1288 regiis
1663 1253 1802 1281 illustris.
1827 1253 1871 1282 Ex
1894 1258 1985 1290 parte
2009 1258 2062 1283 tua
2079 1272 2128 1282 —.
2148 1255 2220 1284 Dat.

1222 1303 1479 1338 Inte1·amne,V1
1498 1303 1656 1333 kalendas
1669 1305 1769 1343 junii,
1788 1314 1874 1334 anno
1890 1305 2026 1335 decimo.
2050 1319 2062 1332 11

1289 1487 1405 1515 3159
1816 1490 1947 1523 Viterbe,
1964 1492 1980 1517 6
1996 1492 2055 1518 mai
2072 1492 2150 1520 1236.

1253 1549 1482 1583 Archiepiscopo
1499 1550 1712 1582 Bracharensi,
1731 1554 1892 1579 memorata
1915 1553 2039 1587 epistola
2059 1563 2144 1588 supra
2168 1555 2222 1583 sub

1217 1606 1340 1625 numero
1355 1598 1424 1625 3114
1440 1601 1540 1625 notata
1557 1601 1637 1630 (ann.
1655 1599 1698 1632 X,
1716 1608 1740 1626 c.
1758 1600 1813 1633 49),
1831 1602 1952 1628 mandat
1968 1607 2111 1636 quatenus
2130 1604 2219 1631 saciat

1217 1647 1279 1673 fieri
1291 1647 1327 1673 de
1338 1646 1550 1674 L'lixbonensis
1566 1648 1706 1675 ecclesiae
1718 1648 1800 1675 bonis
1816 1650 2042 1684 episcopalibus.
2060 1652 2220 1680 mobilibus

1217 1699 1245 1723 et
1261 1695 1477 1728 immobilibus
1489 1697 1546 1723 duo
1557 1697 1726 1724 inventaria
1737 1700 1765 1724 et
1776 1698 1876 1725 reduci
1888 1707 1921 1726 ea
1934 1699 1965 1726 in
1979 1700 2099 1734 publiea
2112 1701 2219 1729 instra<

1217 1748 1328 1777 menta,
1341 1753 1462 1778 quorun]
1474 1753 1565 1771 unum
1575 1745 1638 1780 ipse
1647 1746 1783 1779 retineat,
1793 1747 1941 1781 reliquum
1952 1748 2022 1775 Sedi
2031 1750 2219 1783 Apostolicae

1216 1793 1270 1820 sub
1283 1793 1381 1827 sigillo
1396 1802 1447 1820 suo
1460 1794 1697 1822 transmissurus.
1715 1810 1747 1813 —
1761 1796 1847 1828 (Rae.
1865 1796 1913 1829 18,
1928 1798 1948 1823 f.
1966 1797 2017 1823 157
2032 1801 2075 1829 v⁰;
2092 1807 2162 1825 ann.
2179 1799 2218 1832 X,

1217 1849 1241 1868 e.
1257 1841 1314 1873 87.)

1258 1955 1270 1968 «
1292 1965 1311 1971 ..
1329 1943 1555 1980 archiepiscopo
1575 1944 1788 1973 &rocham-nsi.
1812 1945 1940 1976 Dilecto
1962 1946 2030 1976 tilio
2052 1947 2219 1986 Stephano

1216 2012 1264 2023 —.
1284 1995 1357 2024 Dat.
1374 1995 1529 2030 Viterbii,
1548 1996 1579 2025 II
1595 2004 1699 2025 nonas
1715 1997 1806 2031 maii,
1825 2006 1911 2027 anno
1927 1998 2064 2029 decimo.
2085 2013 2097 2025 n

1287 2186 1407 2214 3180

1251 2249 1394 2283 Episcopo
1406 2249 1553 2283 quondam
1570 2250 1753 2282 Mutinensi,
1768 2251 1997 2285 paenitentiario
2017 2262 2078 2286 500,
2094 2255 2219 2289 Aposto—

1215 2297 1290 2324 licae
1304 2297 1389 2325 Sedis
1405 2298 1510 2331 legato,
1523 2313 1555 2316 —
1567 2299 1719 2325 intellecto
1733 2300 1809 2333 quod
1825 2303 1940 2327 tantun]
1953 2301 1989 2328 de
2002 2302 2142 2330 Prusciae
2155 2312 2219 2338 par-

1215 2345 1294 2373 tibus
1310 2345 1480 2374 Christiano
1496 2346 1628 2374 dominio
1649 2351 1723 2374 esset
1739 2348 1943 2382 subjugatum,
1965 2353 1997 2376 ut
2018 2350 2130 2378 ibidem
2153 2361 2219 2387 pos-

1215 2397 1280 2422 sent
1293 2395 1419 2422 limitari
1434 2395 1580 2422 dioeceses
1596 2399 1623 2422 et
1640 2392 1769 2430 episcopi
1783 2397 1912 2430 institui,
1930 2413 1961 2416 ——
1976 2400 2109 2427 concedit
2126 2404 2168 2433 ut,
2183 2402 2219 2428 de

1215 2443 1339 2470 consilio
1352 2446 1380 2470 et
1392 2451 1512 2470 assensu
1526 2444 1722 2478 praeceptoris
1736 2448 1763 2472 et
1778 2446 1902 2472 fratrum
1920 2447 2074 2481 hospitalis
2091 2449 2219 2476 Sanctae

1214 2491 1329 2518 Mariae
1348 2492 1598 2519 Tbeutonicorum
1616 2493 1646 2519 in
1663 2493 1796 2527 partibus
1812 2494 1874 2520 illis
1897 2495 2092 2529 morantium,
2112 2497 2143 2523 in
2160 2498 2219 2524 eis-

1215 2540 1281 2566 dem
1302 2540 1435 2574 partibus
1454 2541 1584 2568 limitare
1600 2541 1745 2568 dioeceses
1766 2546 1793 2568 et
1813 2546 1869 2569 tres
1890 2543 1926 2569 de
1948 2543 2087 2571 fratribus
2105 2545 2218 2573 ordinis

1830 2190 1930 2223 Terni,
1946 2191 1980 2217 30
1993 2192 2052 2219 mai
2069 2192 2147 2220 1‘236.

1197 2589 1456 2616 'Praedicatorum
1473 2589 1629 2616 dumtaxat
1654 2589 1765 2616 ibidem
1790 2590 1945 2617 instituere
1966 2592 2079 2625 valeat,
2099 2601 2133 2619 ac
2155 2602 2218 2621 eos—

1215 2637 1298 2669 dem,
1312 2637 1425 2664 adscito
1449 2638 1590 2664 canonico
1611 2638 1812 2672 episcoporum
1834 2647 1969 2671 numero,
1990 2648 2166 2667 consecrare.
2185 2656 2216 2660 —

1215 2685 1302 2716 (Rae.
1318 2684 1367 2717 18,
1384 2686 1404 2711 f.
1421 2685 1473 2712 158
1488 2688 1526 2717 r⁰;
1543 2694 1612 2712 ann.
1628 2686 1670 2718 X,
1686 2695 1710 2712 c.
1727 2686 1777 2717 883
1794 2701 1824 2704 —
1843 2686 1975 2714 Morzi-:au
1992 2687 2070 2720 1191,
2086 2689 2106 2714 f.
2123 2689 2166 2721 59,
2181 2698 2216 2716 ex

1216 2733 1394 2765 Rau-mium
1411 2748 1441 2751 —
1459 2734 1615 2761 Porrnasr
1631 2734 1733 2765 10173;
1751 2749 1783 2752 —
1801 2735 1984 2762 Ronnxni-:no
2000 2735 2075 2766 690.)

1255 2845 1268 2858 «
1289 2856 1308 2861 ..
1326 2835 1460 2871 episcopo
1484 2835 1636 2871 quondam
1658 2835 1837 2869 Mutinensi,
1862 2836 2081 2872 penitentiario
2098 2843 2213 2869 nostro.

1215 2886 1379 2922 Apostolice
1395 2887 1479 2915 Sedis
1490 2888 1595 2924 legato.
1613 2887 1694 2917 Cum
1712 2886 1913 2916 exultatione
1929 2887 2065 2925 spiritus
2079 2906 2128 2918 -—.
2141 2891 2212 2919 Dat.

1216 2937 1417 2973 Inter-amne,
1435 2939 1484 2968 III
1503 2938 1661 2968 kalendas
1674 2939 1773 2977 junii,
1793 2947 1877 2968 anno
1891 2939 2027 2969 decimo.
2049 2954 2061 2965 »
