2519 3518
187 16 222 30 ,.,
238 0 302 22 ‘'0¹¹'‘

68 327 127 360 301
618 329 728 360 ACTA
752 329 875 360 PACIS
897 328 1027 359 INTER
1052 326 1290 357 ECCLESIAM
1316 329 1365 358 ET
1388 329 1603 360 ROMANOS.
2094 329 2152 360 302

75 407 89 423 n
113 395 281 431 Praxedis‚
301 395 513 433 etStephani‚
532 395 645 434 [tituli]
658 395 776 425 Sancte
790 395 893 425 Marie
907 395 940 424 in
954 395 1071 424 Trans-

75 459 90 475 „
112 447 244 478 tiberim
263 447 519 486 presbiterorum
539 447 772 482 cardinalium,
792 456 890 485 super
909 446 1072 475 discordia

74 512 89 528 n
112 501 201 531 inter
231 505 473 530 sacrosanctam
501 501 681 530 Romanam
708 500 903 534 Ecclesiam,
935 503 1072 528 matrem

74 565 88 582 n
113 558 274 588 nostram,
293 558 324 583 et
343 553 482 583 eundem
507 553 752 582 sanctissimum
777 557 901 591 patrem
923 557 1070 582 nostrum

75 617 89 634 »
114 606 284 636 Summum
301 605 503 640 Pontificem,
518 609 547 634 ct
563 610 712 635 senatum
726 605 946 643 populumque
955 605 1071 634 Roma-

74 669 89 686 υ
113 667 192 688 num
209 662 317 688 exorta
335 667 342 686 :
361 658 493 687 nomine
512 662 646 687 senatus
663 662 691 686 et
710 657 830 695 populi,
850 657 1072 695 promittimus

75 722 88 738 ³>
113 719 172 740 nos
195 710 424 740 satisfacturos
447 709 486 739 ad
510 709 698 738 mandatum
723 709 828 747 ipsius
848 709 971 738 domini
991 718 1071 747 pape

75 774 88 790 n
114 771 212 801 super
235 762 319 791 facto
344 762 464 791 edificii
492 766 521 791 et
541 761 711 791 obsidibus
733 762 853 791 Montis
876 761 957 795 Atti,
980 762 1072 800 jura—

74 827 88 842 »
112 815 233 845 mentis
252 815 374 845 exactis
397 820 539 853 tsnnporc
564 818 697 844 senatus
715 815 799 843 Luce
821 814 858 843 (le
876 814 1020 847 Sabello,
1042 818 1073 843 ct

74 880 88 895 ι)
113 867 265 898 terminis
286 867 401 906 positis
426 871 568 905 tempore
591 871 725 896 senatus
746 867 891 905 ejusdcm
914 867 946 895 in
967 867 1072 896 Patri-

75 932 88 947 »
113 920 223 950 monio
243 924 273 950 et
290 920 387 949 terris
408 919 554 949 fidelium
576 918 736 953 Ecclesie3
759 923 787 948 et
807 919 1071 957 quiajnstitiarii

75 985 89 1000 »
112 973 148 1002 in
165 972 335 1003 Sabiniani
361 976 389 1001 et
405 971 574 1002 Tusciam.
594 976 736 1009 tempore
755 971 900 1010 ejusdem
925 976 1070 1005 senatus,

112 1025 244 1056 iverunt
268 1025 307 1054 ad
333 1025 489 1062 exigenda
513 1025 699 1062 juramenta
723 1024 866 1062 predicta
888 1029 918 1054 et
944 1033 1073 1062 posscs-

114 1077 224 1108 siones
251 1077 396 1107 Ecclesie
420 1082 448 1107 et
477 1076 620 1107 fidelium
645 1085 778 1105 suorum
799 1077 1020 1114 occupandasg
1043 1081 1073 1106 et,

114 1139 212 1168 super
229 1129 430 1159 diffidatione
453 1129 578 1158 domini
598 1128 762 1163 Rainerii.
781 1130 898 1158 Sancte
916 1129 1019 1159 Marie
1039 1129 1072 1158 in

113 1182 283 1213 Cosmidin
300 1181 500 1211 venerabilis
517 1181 646 1210 diaconi
663 1181 856 1216 cardinalis,
875 1186 903 1210 ct
923 1181 1073 1219 magistri

114 1234 338 1264 Bartholomei
356 1234 492 1267 notarii;
511 1238 541 1263 ct
558 1242 656 1271 super
669 1233 864 1271 spoliatione
881 1234 966 1263 sacri
985 1235 1073 1263 Late-

114 1286 267 1316 ranensis
285 1286 398 1324 palatii
417 1290 447 1316 et
464 1286 678 1323 occupatione
696 1285 805 1319 illius;
827 1290 858 1315 et
883 1295 981 1324 super
999 1295 1073 1324 spo-

113 1338 250 1369 liatione
267 1339 472 1377 quarundam
490 1338 659 1368 domorum
677 1337 910 1367 cardinalium:
929 1343 959 1368 ct
976 1348 1074 1377 super

114 1391 299 1430 privilegiis
315 1391 412 1421 factis
429 1391 592 1421 Rainucio
613 1395 643 1421 ct
660 1390 735 1420 aliis
754 1391 927 1425 Romanis,
946 1401 1002 1429 pro
1019 1400 1073 1421 eo-

114 1453 187 1474 rum
202 1444 364 1482 dampnis,
384 1453 482 1482 super
500 1443 595 1473 bonis
612 1443 826 1473 ecclesiarum
842 1444 1030 1473 Hostiensis
1043 1449 1073 1474 et

113 1495 293 1526 Tusculani
318 1500 348 1526 et
376 1495 565 1526 Pcnestrini
591 1495 849 1533 episcopaumm,
877 1500 907 1525 et
934 1495 1073 1525 aliarum

114 1548 339 1582 ecclesiarum.
354 1552 385 1578 et
397 1547 472 1578 aliis
483 1547 750 1585 possessionibus
767 1551 798 1576 et
813 1547 910 1577 terris
926 1548 1073 1578 fidelium

113 1601 149 1630 in
168 1601 372 1631 Patrimonio
388 1600 475 1630 beati
494 1600 600 1635 Pet1·i;
623 1603 654 1630 et
670 1608 768 1638 super
784 1604 906 1630 statuto
921 1601 1008 1630 sacto
1023 1601 1075 1631 vel

113 1652 309 1692 privilegiis,
328 1653 414 1692 quod
432 1654 601 1683 Romanus
619 1652 769 1682 Pontifex
787 1661 851 1682 non
869 1653 1075 1690 regrediatur

113 1706 155 1736 ad
169 1705 307 1741 Urbem,
326 1714 384 1735 seu
402 1714 466 1735 non
483 1706 666 1735 faceremus
682 1714 795 1743 pacem
811 1714 884 1735 cum
901 1706 987 1744 ipso,
1008 1707 1074 1736 nisi

112 1759 207 1798 prius
236 1758 420 1788 restituerit
447 1758 593 1797 quinque
618 1757 710 1787 milia
737 1757 915 1794 librarum,
944 1763 1075 1797 recepta

113 1815 228 1842 mutuo
247 1819 345 1850 super
368 1812 475 1842 Rocca
495 1811 534 1840 de
557 1811 662 1849 Papa,
685 1815 713 1840 et
738 1820 852 1841 omnes
868 1820 1027 1850 expensas
1043 1816 1074 1842 et

114 1863 255 1902 dampna
275 1863 368 1893 illata
383 1863 543 1894 Romanis
564 1863 790 1902 cujuscunque
808 1864 1007 1894 conditionis
1023 1864 1074 1894 vel

113 1916 252 1946 ordinis.
276 1916 364 1952 Quas
389 1915 609 1945 diffidationes
632 1919 663 1945 et
688 1915 862 1954 privilegia
887 1917 1075 1954 supradicta

114 1967 308 1998 auctoritate
325 1967 411 1997 sacri
437 1971 571 1997 senatus
593 1971 624 1996 et
647 1967 800 1996 mandato
814 1967 924 2005 populi
941 1977 1075 1997 evacua-

114 2029 187 2050 mus
204 2019 280 2049 etin
296 2019 428 2048 irritum
447 2019 578 2057 penitus
594 2027 795 2049 revocamus.
811 2019 855 2050 Ut
867 2023 975 2049 autem
989 2020 1076 2050 inter

115 2081 175 2102 nos
207 2076 238 2102 et
271 2075 419 2102 sanctam
449 2072 631 2101 Romanam
662 2070 842 2101 Ecclesiam
875 2076 905 2102 et
935 2072 1075 2103 eundem

115 2123 364 2154 sanc-tissimum
377 2128 408 2153 et
422 2123 728 2153 reverentissimum
744 2127 869 2161 patrem
885 2129 1033 2154 nostrum
1045 2129 1076 2155 et

117 2185 324 2206 successores
340 2175 446 2214 ipsius
463 2175 501 2205 cte
517 2180 624 2205 cetero
647 2180 753 2205 cesset
773 2177 909 2206 materia
929 2177 1076 2215 questio-

117 2228 180 2263 nis,
199 2237 295 2267 quem
309 2228 350 2257 ob
362 2227 579 2257 reverentiam
592 2227 696 2258 Jhesu
708 2227 845 2259 Christi.
862 2229 955 2267 cujus
970 2229 1075 2259 vicem

118 2281 202 2318 gerit
218 2280 252 2309 in
269 2280 377 2314 terris,
394 2284 424 2309 et
440 2279 526 2309 beati
544 2279 644 2314 Petri,
662 2279 891 2317 Apostolorum
903 2281 1074 2320 principis,

119 2333 213 2371 cujus
232 2340 402 2362 successor
419 2331 546 2366 existit,
572 2331 775 2361 intendimus
798 2336 962 2371 tamquam
979 2333 1076 2363 devo-

118 2385 239 2415 tissimi
251 2384 311 2414 filii
324 2384 472 2414 venerari
483 2388 513 2414 et
527 2384 602 2414 totis
614 2384 741 2414 viribus
752 2384 924 2420 honorare,
936 2387 1077 2417 maxime

118 2437 196 2476 quia
220 2436 337 2466 honori
365 2440 396 2466 et
422 2437 509 2466 fame
539 2436 638 2475 hujus
665 2436 750 2466 alme
779 2441 810 2466 et
836 2437 950 2467 inclite
976 2438 1077 2468 Urbis

118 2488 270 2527 expedire
297 2488 446 2518 videmus
473 2497 479 2516 :
501 2488 696 2527 auctoritate
724 2488 808 2517 sacri
829 2494 975 2524 senatus,
1000 2499 1078 2519 con-

120 2549 220 2572 sensu
239 2544 270 2570 et
286 2540 439 2574 mandato
455 2540 561 2578 ipsius
577 2539 705 2578 populi,
723 2540 931 2572 ordinamus.
951 2543 1079 2572 sancci-

119 2601 208 2629 mus,
233 2592 409 2622 statuimus
433 2596 464 2621 et
488 2592 626 2621 tirmiter
648 2591 836 2622 stabilimus
859 2593 944 2632 quod
965 2602 1078 2624 omnes

119 2645 232 2676 clerici
252 2649 282 2675 et
301 2644 524 2675 ecclesiastice
548 2653 685 2682 persone
706 2645 763 2683 qui
785 2650 860 2674 sunt
885 2646 918 2674 in
937 2646 1025 2677 I'rbe
1049 2651 1080 2676 et

81 2709 96 2724 n
121 2702 227 2729 extra„
246 2701 277 2727 et
291 2696 417 2726 familie
441 2696 566 2726 domini
583 2706 663 2734 pape
680 2701 710 2726 et
726 2697 943 2727 cardinalium
961 2707 1080 2729 conve-

83 2761 97 2776 »
121 2749 256 2780 niantur
277 2753 402 2779 tantum
427 2749 487 2778 sub
505 2749 615 2787 judice
638 2749 878 2785 ecclesiastico,
898 2758 957 2780 nec
973 2751 1012 2780 ad
1029 2760 1080 2781 se-

82 2813 96 2828 n
120 2801 264 2832 cularem
282 2801 468 2834 trahantur.
488 2810 547 2831 nec
571 2801 611 2831 ad
634 2801 693 2831 hoc
713 2806 872 2839 cogantur
889 2811 946 2840 per
962 2803 1081 2833 sossio-

84 2864 99 2881 »
122 2862 180 2884 nes
208 2854 376 2884 domorum
408 2858 463 2883 aut.
495 2853 560 2883 alio
591 2853 826 2892 compulsionis
855 2863 989 2891 genere,
1022 2863 1081 2885 nec

83 2917 98 2934 a
122 2906 233 2946 aliqua
255 2907 425 2937 occasione
447 2907 686 2945 inquietentur.
709 2907 801 2943 Quod
817 2908 936 2937 'autem
958 2907 1080 2937 dictum

83 2970 98 2986 a
122 2963 171 2989 est
185 2958 224 2989 de
239 2959 377 2989 familiis
394 2959 518 2989 domini
531 2968 610 2998 pape
624 2965 653 2989 et
666 2959 895 2994 cardinalium,
911 2968 973 2989 non
986 2959 1080 2990 intel-

76 1351 90 1366 ὅ
75 1298 90 1313 ὅ
76 1246 90 1261 ³
75 1193 89 1210 ὅ
75 1141 90 1157 ὃ
75 1089 89 1105 :⁵
75 1037 89 1052 3

66 1404 92 2203 suuesszuu‘uveutssz

78 2240 92 2255 S

79 2292 94 2307 ὅ

81 2657 96 2672 8
80 2604 95 2620 U
80 2552 95 2568 ⁸
80 2500 94 2516 ὃ
79 2449 94 2464 Β
80 2397 94 2413 ὅ
81 2345 94 2360 Β

1155 404 1168 418 n
1194 392 1328 431 ligimus
1342 395 1380 436 dc
1397 395 1526 426 civibus
1542 396 1699 426 Romanis
1714 395 1818 428 laicis,
1834 396 1889 434 qui
1905 395 2027 425 babent
2039 396 2152 427 domos

1155 456 1168 470 r>
1193 449 1223 474 et
1241 446 1384 476 familias
1405 447 1437 476 in
1461 447 1566 477 Urbe.
1591 447 1665 477 licet
1691 448 1871 477 familiares
1892 447 2081 477 dicerentur
2101 448 2153 479 vel

1155 509 1168 523 υ
1193 502 1312 527 essent.
1335 500 1432 534 Item,
1451 500 1536 538 quod
1556 500 1670 530 amodo
1694 500 1774 529 nulli
1800 500 1911 530 clerici
1930 500 1979 530 vel
2004 500 2151 538 religiosi

1156 561 1168 575 υ
1194 550 1242 579 vel
1266 550 1359 585 laici,
1380 552 1605 590 cujuscunque
1629 552 1832 582 condicionis
1857 552 1905 582 vel
1928 553 2070 588 ordinis,
2095 553 2152 592 qui

1155 613 1168 628 n
1195 603 1331 632 veniunt
1347 604 1385 632 ad
1403 604 1622 642 Apostolicam
1645 604 1760 634 Seclein
1782 604 1831 633 vel
1851 604 1966 634 limina
1982 605 2151 635 beatorum

1156 666 1168 679 n
1196 655 1282 684 Petri
1307 661 1336 684 ct
1359 656 1467 691 Pauli,
1493 657 1525 685 in
1552 657 1731 691 veniendo,
1756 657 1911 686 morando
1932 662 1962 687 et
1987 658 2152 688 redeundo

1155 718 1168 732 n
1195 707 1367 737 trahantur
1390 709 1592 747 adjudicent
1617 709 1813 743 secularem.
1840 718 1896 738 nec
1922 710 2032 748 aliquo
2058 711 2151 740 modo

1156 770 1169 784 ⁷>
1194 764 1362 795 cogantur„
1381 761 1437 790 scd
1453 770 1471 789 a
1487 766 1637 790 senatore
1654 766 1683 789 ct
1704 766 1820 790 senatu
1844 763 1951 799 potius
1970 763 2151 792 defendan-

1156 823 1168 837 »
1195 816 1256 840 tur.
1280 813 1316 841 lit
1335 813 1419 850 quod
1438 813 1527 842 nulla
1543 813 1675 843 collecta
1698 813 1746 843 vel
1763 815 1887 843 exactio
1904 816 1957 843 liat
1975 815 2015 844 ab
2031 815 2152 854 aliqui-

1156 875 1168 889 »
1194 863 1254 893 bus
1271 864 1434 899 ecclesiis,
1454 865 1583 894 clericis
1602 865 1650 894 vel
1669 866 1817 903 personis
1838 866 2017 903 religiosis.
2036 871 2100 896 tam
2117 867 2151 896 in

1157 927 1169 941 ¹⁷
1197 916 1283 946 L‘rbe
1308 926 1404 954 quam
1429 922 1529 946 extra.
1552 918 1770 947 lte-stituimus
1792 922 1938 955 preterea
1963 923 2152 957 perpetuam

1157 979 1169 993 »
1195 977 1305 1005 paceni
1336 973 1491 1006 perpetuo
1520 969 1714 998 servandam
1745 970 1877 999 ‹lomino
1905 971 2097 1008 Imperatori
2122 976 2151 1001 et

1157 1031 1169 1046 n
1195 1020 1281 1054 suis;
1301 1021 1378 1049 item
1394 1022 1598 1055 Anagninis.
1618 1022 1783 1055 Signinis.
1802 1022 2076 1053 Velina-ensibus.
2094 1023 2152 1052 Vi-

1158 1085 1169 1097 ·›
1195 1072 1428 1107 terbicnsibus,
1447 1073 1635 1111 Campanis.
1650 1074 1880 1109 Maritiinanis,
1900 1075 2151 1109 Sabinensffius,

1157 1136 1170 1150 »
1195 1125 1306 1153 comiti
1326 1125 1720 1155 πίῃς-11110.υιοιιιιιῑιηιε
1738 1126 1811 1154 aliis
1830 1126 2019 1155 bominibus
2036 1127 2074 1156 de
2092 1128 2153 1156 Pa-

1157 1188 1170 1202 »
1196 1177 1359 1211 trimonio,
1385 1182 1414 1206 et
1433 1178 1586 1207 omnibus
1610 1178 1815 1216 adjutoribus
1839 1183 1866 1207 et
1887 1179 2069 1208 fautoribus
2093 1179 2154 1208 Ec-

1158 1241 1170 1254 »
1195 1228 1306 1259 clesie.
1342 1229 1546 1267 Precipimus
1577 1230 1688 1268 itaque
1721 1235 1751 1259 et
1782 1231 1926 1268 presenti
1960 1231 2153 1261 auctoritate

1157 1293 1170 1306 »
1195 1281 1381 1311 sanccimus
1402 1281 1488 1320 quod
1505 1281 1615 1311 nullus
1635 1287 1839 1312 senatorum.
1863 1291 1947 1311 unus
1965 1283 2014 1312 vel
2031 1283 2152 1321 plures,

1157 1345 1170 1359 »
1195 1334 1252 1371 qui
1278 1342 1334 1371 per
1359 1338 1504 1371 tempora
1531 1339 1638 1368 erunt.
1663 1334 1807 1372 quolibet
1833 1335 1925 1363 inodo
1948 1335 1998 1365 vel
2020 1335 2154 1371 ingenio

1158 1398 1170 1411 »
1195 1390 1307 1415 eontra
1334 1385 1394 1415 hoc
1420 1390 1567 1415 nostrum
1598 1386 1806 1424 privilegium
1833 1387 1945 1416 venire
1971 1387 2019 1417 vel
2048 1388 2154 1417 facere

1157 1450 1170 1464 »
1195 1443 1374 1476 presumat.
1401 1439 1435 1468 Si
1461 1438 1536 1476 quis
1562 1447 1637 1467 vero
1664 1444 1777 1468 contra
1801 1440 1908 1468 facere
1937 1440 2153 1477 temptaverit,

1157 1502 1170 1516 n
1196 1491 1279 1520 iram
1296 1495 1430 1520 senatus
1447 1491 1590 1528 graviter
1609 1491 1755 1520 incurrat
1781 1496 1811 1520 et
1831 1492 1953 1526 odium,
1973 1496 2001 1521 et
2019 1493 2156 1530 insuper

1157 1555 1170 1569 »
1195 1542 1321 1573 solvere
1339 1547 1490 1573 teneatur
1505 1544 1635 1572 senatui
1652 1548 1783 1573 centum
1799 1543 1900 1573 libras
1917 1544 2000 1578 auri,
2016 1553 2073 1582 pro
2087 1553 2155 1574 mu-

1157 1607 1170 1621 n
1195 1595 1242 1624 ris
1259 1595 1380 1630 L'1zhis;
1406 1600 1447 1630 ct,
1466 1604 1549 1633 pena
1569 1595 1690 1630 soluta,
1710 1595 1770 1625 lioc
1792 1595 2002 1633 privilegium
2026 1606 2155 1635 semper

1157 1659 1170 1673 >1
1196 1648 1326 1677 firmum
1338 1647 1504 1685 perduret.
1515 1648 1657 1685 Act[um]
1669 1656 1725 1685 per
1737 1656 1871 1677 manum
1885 1649 2036 1685 Romani,
2047 1649 2154 1679 scribe

1157 1711 1170 1726 >2
1195 1704 1350 1735 senatus,
1378 1704 1530 1738 precepto
1557 1704 1588 1729 et
1615 1700 1780 1730 mandatis
1804 1700 1922 1737 Angcli
1946 1701 2154 1731 Malabrance

1157 1764 1170 1778 n
1195 1753 1358 1782 senatoris
1386 1757 1417 1782 et
1446 1753 1557 1791 populi
1579 1753 1733 1786 Romani,
1755 1753 1900 1790 publice,
1919 1753 1953 1782 in
1975 1753 2155 1791 Capitolio,

1158 1817 1171 1831 »
1196 1813 1282 1835 anno
1299 1805 1431 1835 Domini
1449 1805 1722 1839 M⁰CC⁰XXX⁰V⁰.
1741 1805 1921 1835 indictione
1933 1807 2024 1840 VIII,
2042 1815 2155 1836 mense

1158 1869 1171 1883 n
1196 1857 1328 1895 aprelis,
1347 1857 1399 1887 die
1414 1858 1492 1887 XII.
1512 1869 1525 1883 υ

1226 2039 1367 2075 [3033]

1190 2103 1322 2136 Angelus
1342 2102 1561 2133 Malabrancae,
1582 2106 1698 2128 senator
1712 2101 1810 2135 Urbis,
1827 2102 1981 2129 constituit¹
2001 2106 2031 2129 ut
2054 2111 2156 2130 omnes

1156 2153 1314 2182 senatores,
1327 2154 1457 2184 tempore
1471 2159 1526 2184 quo
1538 2150 1702 2184 juraverint
1717 2150 1941 2184 guidamentum
1954 2151 2053 2183 Urbis,
2065 2151 2155 2178 etiam

1155 2199 1356 2233 juramentum
1371 2199 1406 2226 de
1419 2199 1601 2226 observanda
1617 2207 1686 2233 paee
1699 2199 1776 2225 inter
1791 2199 1954 2226 Ecclesiam
1968 2202 1996 2226 et
2011 2200 2158 2227 Romanos

1156 2247 1233 2274 inita
1253 2250 1411 2281 praestent.
1427 2262 1458 2265 —
1475 2248 1561 2279 (Rae.
1583 2247 1631 2275 18.
1655 2247 1674 2273 f.
1695 2247 1746 2273 123
1765 2250 1810 2279 v⁶;
1834 2255 1903 2274 ann.
1923 2247 1980 2280 IX,
1996 2256 2021 2274 c.
2041 2249 2107 2280 444;
2125 2263 2156 2267 -

1157 2295 1300 2328 Monam,
1316 2295 1395 2328 1190,
1413 2297 1432 2322 i.
1449 2295 1517 2327 2583
1535 2310 1567 2314 —
1584 2296 1933 2327 PApnxconor-Honsn,
1949 2304 1977 2330 p.
1992 2296 2054 2329 296,
2069 2300 2098 2322 11⁰
2113 2297 2157 2329 14,

1158 2351 1212 2369 non
1228 2345 1257 2369 ιή
1274 2345 1398 2376 ineeyro:
1412 2359 1443 2362 —
1459 2344 1641 2370 RonENsst-:RG
1657 2343 1719 2376 636,
1735 2344 1787 2383 IX,
1801 2344 1827 2375 1,
1842 2352 1876 2370 ex
1893 2344 2113 2375 PAPsxcoaor.)

1722 2038 1849 2075 [Rome‚]
1863 2040 1896 2067 16
1910 2041 1969 2067 mai
1985 2040 2083 2067 12351.

1200 2456 1212 2469 <a
1232 2445 1432 2481 Pririleyinm
1445 2445 1594 2473 senatoris
1607 2444 1814 2481 snpei·eo‹Iem.
1834 2445 1870 2473 In
1888 2445 2020 2474 nomine
2034 2444 2158 2474 domini

1161 2508 1174 2522 ›>
1199 2496 1303 2525 nostri
1320 2496 1426 2527 Jlicsu
1444 2496 1579 2526 Christi.
1599 2497 1678 2525 Nos.
1694 2496 1841 2532 Angelus
1860 2496 2078 2526 Malabrance.
2098 2497 2157 2526 Dei

1161 2559 1174 2573 n
1199 2549 1303 2585 gratia
1321 2547 1404 2578 alme
1422 2548 1523 2579 Urbis
1539 2548 1681 2578 illustris
1698 2553 1839 2578 senator.
1858 2549 1987 2578 decreto
2003 2554 2031 2578 et
2051 2554 2158 2578 ancto-

1199 2600 1295 2630 ritate
1312 2601 1396 2630 sacri
1417 2606 1563 2635 senatus,
1576 2601 1729 2630 mandato
1746 2609 1874 2638 quoque
1892 2600 2002 2638 populi
2018 2601 2157 2630 Romani

1199 2651 1330 2690 publice
1346 2652 1380 2681 in
1399 2652 1560 2690 Capitolio
1579 2653 1764 2682 convocati.
1788 2653 1827 2681 ad
1849 2653 2041 2690 petitionem
2058 2653 2157 2681 etiam

1200 2704 1439 2734 venerabilium
1467 2710 1596 2742 patrum
1624 2704 1831 2733 dominorum
1863 2703 2046 2742 Rom[ani],
2077 2705 2159 2733 Por-

1201 2755 1328 2786 tuensis
1345 2760 1375 2786 et
1393 2757 1510 2786 Sancte
1527 2757 1646 2786 Rutine
1661 2755 1815 2793 episcopi.
1835 2756 2023 2794 Jo[hannis]
2041 2755 2078 2784 de
2095 2755 2158 2786 Co-

1162 2767 1175 2782 ἕ
1162 2716 1174 2730 H
1161 2663 1175 2678 δ
1161 2611 1174 2627 ὅ

1195 2880 1214 2904 1.
1231 2879 1269 2903 La
1284 2879 1346 2903 date
1362 2883 1402 2903 cst
1419 2880 1530 2903 inserite
1546 2886 1600 2902 nou
1617 2879 1630 2901 a
1646 2879 1669 2901 la
1686 2879 1720 2901 fin
1738 2880 1770 2901 ‹tc
1784 2883 1825 2901 cet
1843 2883 1910 2903 acte.
1926 2879 1992 2901 mais
2007 2878 2059 2902 :211³
2076 2879 2111 2902 fin
2125 2879 2158 2902 de

1162 2923 1188 2947 la
1202 2924 1318 2947 soi-mule
1329 2924 1375 2953 qui
1392 2924 1416 2947 le
1432 2924 1486 2947 suit
1502 2923 1747 2949 immi=diatcnieiit2
1764 2929 1849 2952 roycz
1867 2922 1942 2952 pic-ce
1956 2922 2024 2951 3031,
2038 2923 2090 2947 col.
2104 2923 2158 2950 303,

1164 2969 1228 2990 note
1245 2967 1268 2990 6.
