2423 3487
122 287 177 318 371
849 282 1088 314 REGISTRES
1110 282 1165 311 DE
1188 275 1410 314 GREGOIRE
1434 285 1493 315 IX.
2163 284 2221 315 372

125 354 169 383 tia
186 351 394 390 reprobetur3
413 359 553 389 quorum
575 358 696 384 unum,
722 349 818 388 quasi
835 349 945 379 credat
964 348 1132 387 peccanti-

124 406 185 435 bus
208 403 334 442 aliquid
356 402 584 432 misericordie
604 411 669 432 non
690 402 820 437 deberi,
839 402 966 432 habens
987 401 1026 431 de
1043 402 1131 431 furto

124 467 182 496 pro
198 456 366 486 voluntate
383 459 583 493 suspectum,
602 463 667 484 non
682 454 789 484 solum
804 455 883 485 fecit
898 455 999 492 affligi
1014 454 1132 484 verbe-

124 510 237 544 ribus,
268 508 326 539 sed
350 507 503 537 succensi
528 507 679 537 flammeo
700 507 830 546 liquore
853 507 1028 545 sagiminis
1056 515 1131 536 cru-

124 562 224 597 ciari;
243 561 408 600 quendam
427 559 546 595 alium,
570 569 607 590 eo
629 560 717 598 quod
739 569 757 590 a
774 565 866 598 patre
884 560 991 598 ipsius
1009 568 1131 598 equum

124 615 273 644 obtinere
299 613 495 652 nequiverat
518 612 737 651 postulatum,
764 613 916 643 faciendo
941 622 999 651 per
1025 616 1131 642 totum

124 667 212 697 diem
230 666 424 696 immersum
436 665 600 703 profundo
611 669 709 703 puteo
723 666 883 701 detineri;
902 669 933 695 et
948 674 989 695 ne
1004 664 1131 703 aliquid

125 723 290 758 spectetur
303 718 337 748 in
354 719 426 757 ipso
443 718 637 748 exercitium
653 719 798 756 pietatis,
825 718 937 748 nullus
956 727 1080 756 pauper
1095 717 1130 747 in

125 781 186 801 sua
213 780 328 801 mensa
350 771 508 806 reficitur,
532 775 627 809 prout
649 771 684 800 in
708 771 796 801 beati
819 771 992 801 Benedicti
1016 770 1132 808 regula

124 824 330 858 continetur3
350 823 444 862 cujus
462 823 684 861 patrocinium
707 823 869 853 demereri
887 833 951 853 non
969 823 1132 853 extimans

124 885 182 914 per
198 885 295 914 opera
313 876 536 911 tenebrarum,
554 875 702 914 quinque
715 877 909 906 monasterii
922 876 1045 906 casalia
1058 886 1131 906 cum

125 928 378 967 quampluribus
397 928 597 958 obedientiis
616 928 762 958 alienare
779 929 996 967 presumpsit,
1019 933 1133 959 contra.

125 981 302 1011 canonicas
323 981 530 1010 sanctiones:
550 989 764 1019 presumens,
789 982 824 1010 in
847 990 905 1011 sue
924 982 1132 1012 confusionis

125 1037 351 1071 augmentum,
369 1042 443 1062 cum
464 1034 532 1063 fere
548 1033 623 1062 visu
640 1038 749 1063 careat
771 1037 801 1063 et
818 1034 931 1064 lumen
949 1035 1134 1064 ammiserit

125 1086 277 1120 rationis,
302 1094 336 1115 se
360 1085 483 1115 divinis
500 1085 707 1115 celebrandis
727 1087 890 1123 ingerere,
913 1091 954 1121 et,
971 1092 1132 1125 quantum

126 1140 159 1168 in
179 1148 238 1169 sua
258 1138 481 1176 possibilitate
504 1139 672 1173 consistit,
699 1143 813 1168 sancta
835 1140 969 1169 Domini
991 1140 1133 1178 propha-

124 1201 214 1222 nare.
230 1191 304 1221 Hiis
316 1191 416 1220 etiam
432 1191 542 1230 pejora
561 1192 755 1221 committit:
774 1201 848 1230 que,
868 1201 941 1221 cum
954 1193 1050 1222 nobis
1068 1197 1132 1222 tur-

124 1244 292 1274 bationem
315 1244 461 1273 inferant
487 1248 517 1272 et
540 1244 679 1281 indigna
697 1244 858 1274 relatibus
880 1245 1065 1281 videantur,
1087 1246 1133 1275 si-

123 1297 227 1327 lentio
266 1297 509 1327 committentes
548 1314 602 1331 —,
641 1297 838 1327 mandamus
875 1302 1040 1337 quatenus
1079 1317 1130 1335 —,

124 1351 277 1380 abbatem
313 1350 453 1380 eundem
485 1359 502 1379 a
532 1350 727 1380 monasterii
762 1352 935 1381 memorati
972 1352 1134 1389 regimine

125 1407 327 1438 amoventes,
347 1412 458 1442 eaque
473 1412 530 1441 per
544 1403 654 1441 ipsum
670 1403 708 1433 de
719 1403 816 1433 bonis
830 1405 977 1443 ejusdem
991 1405 1135 1435 alienata

124 1456 322 1485 inveneritis
339 1455 457 1485 illicite
475 1455 525 1485 vcl
542 1456 710 1490 distracta.
729 1457 769 1485 ad
781 1457 836 1495 jus
851 1461 881 1486 et
900 1458 1135 1495 proprietatem

125 1508 232 1547 ipsius
250 1508 399 1546 legitime
423 1509 584 1539 revocetis
603 1527 651 1537 —.
675 1510 748 1538 Dat.
775 1510 931 1545 Viterbii,
958 1511 1061 1540 XIIII
1076 1510 1136 1540 ka-

127 1561 242 1591 lendas
259 1561 350 1596 maii,
367 1570 453 1591 anno
466 1561 603 1591 decimo.
622 1574 634 1587 υ

198 1741 252 1769 31
264 1741 317 1768 19
694 1740 827 1773 Viterbe,
843 1740 877 1767 29
893 1740 970 1767 avril
986 1741 1065 1767 1236.

163 1803 395 1837 Arehiepiscopo
416 1802 594 1830 Cusentino,
613 1817 644 1820 —
667 1802 717 1836 qui
744 1802 941 1829 Guillelmum
962 1803 998 1829 de
1020 1803 1136 1836 Fillin.,

128 1852 277 1887 quondam
301 1851 477 1878 canonicum
501 1850 715 1883 Cusentinum,
735 1853 763 1877 et
785 1851 972 1878 Gualterium
994 1860 1027 1877 ac
1045 1852 1138 1885 Roge-

128 1901 217 1933 rium,
233 1900 354 1927 clericos
366 1899 555 1932 Cusentinos,
571 1899 640 1933 quia
651 1899 747 1933 ipsum
764 1899 914 1933 lapidibus
925 1900 1042 1933 aggredi
1058 1908 1139 1934 prae-

128 1951 315 1984 sumpserant
329 1951 357 1975 et
372 1951 475 1975 contra
490 1949 589 1982 ipsum
606 1949 695 1974 salsas
710 1948 824 1975 litteras
842 1948 1071 1981 fabricaverant,
1089 1948 1139 1975 be-

129 1998 242 2025 neficiis
256 2006 330 2031 quae
345 2006 362 2024 a
378 1997 542 2024 Cusentina
559 1997 684 2024 eeclesia
699 1996 883 2029 obtinebant,
903 1997 1088 2031 privaverat,
1107 2012 1138 2015 —-

129 2047 276 2081 signifieat
300 2055 329 2073 se
352 2046 446 2080 ipsius
467 2046 682 2080 archiepiscopi
704 2048 806 2073 eontra
829 2046 945 2072 eosdem
972 2055 1138 2080 processum

131 2096 315 2122 confirmare.
331 2109 362 2112 —
380 2095 466 2125 (Rae.
482 2094 526 2127 18,
544 2095 563 2120 f.
581 2094 633 2121 148
649 2097 692 2126 v⁰;
708 2103 777 2121 ann.
795 2094 834 2127 X,
852 2103 876 2121 0.
891 2095 948 2126 53.)

172 2209 185 2223 a
208 2219 226 2224 ..
248 2197 474 2233 archiepiscopo
498 2197 674 2225 Cusentino.
698 2196 743 2226 Ut
769 2195 935 2233 sapientia>
954 2196 1065 2225 vincat
1090 2214 1138 2224 —.

133 2251 219 2279 Sane
234 2248 317 2278 lecte
334 2256 443 2277 coram
458 2248 554 2277 nobis
568 2252 623 2278 tue
637 2257 673 2278 ac
688 2248 883 2278 dilectorum
898 2248 1042 2278 filiorum
1056 2250 1140 2288 capi-

130 2301 193 2330 tuli
209 2301 385 2331 Cusentini
403 2300 524 2336 littere,
547 2310 629 2339 quas
652 2301 825 2331 devotione
843 2301 959 2340 plenas
980 2307 1010 2332 et
1030 2303 1141 2333 dolore

131 2362 197 2383 non
214 2362 334 2382 vacuas
346 2352 489 2390 benigne
503 2354 700 2391 recepimus,
717 2354 932 2384 continebant
948 2356 1035 2394 quod
1051 2356 1142 2386 Guil-

130 2406 250 2436 lelmus
277 2406 315 2435 de
337 2405 463 2440 Fillin.,
488 2406 653 2444 quondam
681 2407 871 2443 canonicus,
896 2411 927 2437 et
949 2408 1142 2439 Gualterius

132 2468 169 2488 ac
189 2458 364 2496 Rogerius,
390 2457 503 2487 clerici
527 2458 714 2494 Cusentini,
736 2460 867 2495 fratres,
886 2469 968 2498 quos
985 2462 1141 2499 sperabas

131 2511 220 2541 inter
233 2511 315 2540 alios
333 2511 530 2541 domesticos
548 2516 620 2541 tuos
637 2512 779 2542 fideliter
796 2513 965 2549 adherere,
984 2515 1064 2544 facti
1082 2515 1142 2544 tibi

133 2573 199 2594 non
223 2564 428 2594 solummodo
446 2565 643 2602 proditores,
662 2566 719 2595 sed
735 2566 846 2601 etiam,
865 2571 1026 2604 quantum
1042 2568 1077 2596 in
1094 2568 1142 2598 eis

133 2616 251 2653 extitit,
277 2617 452 2654 parricide,
481 2626 555 2647 cum
577 2618 722 2656 Symone
742 2617 837 2654 laico,
863 2619 964 2648 fratre
981 2619 1140 2657 ipsorum,

133 2670 169 2699 in
186 2670 269 2699 festo
286 2669 535 2699 Purificationis
552 2670 645 2700 beate
666 2671 828 2709 Virginis,
848 2675 889 2708 te,
905 2672 946 2700 ad
961 2673 1142 2703 matutinas

135 2726 280 2757 euntem,
299 2722 485 2752 reverentia
503 2722 617 2752 divina
631 2723 766 2759 calcata,
782 2724 917 2761 aggredi
932 2733 1143 2763 presumpse-

135 2778 227 2810 runt,
260 2774 427 2812 lapidibus
460 2779 495 2804 ut
529 2779 559 2805 te
590 2775 785 2811 obruerent,
818 2776 1011 2806 immaniter
1039 2778 1143 2816 impe-

135 2827 245 2856 tendo.
274 2826 348 2861 Sed,
380 2836 455 2856 011111
483 2828 617 2857 conatui
646 2837 760 2858 eorum
792 2828 854 2858 Illa
881 2828 916 2857 in
946 2829 1144 2859 mulieribus

135 2879 320 2913 benedicta,
346 2879 440 2917 cujus
463 2880 662 2917 properabas
684 2880 858 2910 imminere
880 2880 1061 2919 obsequiis,
1082 2883 1145 2911 mi-

137 2931 348 2961 sericorditer
379 2935 409 2960 et
432 2932 631 2962 mirabiliter
655 2933 850 2967 obstitisset,
876 2933 1145 2971 excogitaverunt

1214 352 1328 378 contra
1352 353 1383 379 te
1407 350 1470 380 isto
1489 351 1623 388 gravius
1647 350 1738 381 aliud
1763 360 1867 389 genus
1889 351 2016 386 mortis,
2036 350 2138 380 falsas
2158 350 2220 380 sub

1214 401 1348 431 nomine
1364 406 1419 432 tuo
1441 402 1570 433 litteras
1586 404 1799 439 fabricantes,
1819 413 1882 442 que
1902 403 2086 443 majestatis
2102 403 2171 433 lese
2189 407 2221 433 te

1213 463 1307 483 reum
1330 454 1482 485 criminis
1506 456 1699 494 arguebant.
1728 456 1811 487 Cum
1836 461 1958 492 autem,
1981 456 2120 486 veritate
2143 455 2222 485 dili-

1214 506 1408 544 gentissime
1424 507 1598 546 inquisita,
1621 509 1659 538 de
1675 508 1821 538 falsitate
1838 508 2029 548 hujusmodi
2050 508 2221 538 constitis-

1214 559 1274 594 set,
1307 564 1341 589 tu
1368 577 1416 595 —,
1442 560 1481 590 de
1503 560 1705 591 venerabilis
1727 561 1842 590 fratris
1864 561 1970 591 nostri
1990 584 2009 590 ..
2034 560 2222 590 Marturani

1214 611 1370 650 episcopi,
1390 613 1593 650 suffraganei
1614 613 1674 649 tui,
1704 617 1735 643 et
1756 613 1895 651 predicti
1915 613 2116 653 [Cusentini]
2136 612 2222 651 capi-

1214 664 1275 694 tuli
1294 666 1447 695 concordi
1470 665 1610 695 consilio
1631 670 1662 696 et
1684 675 1835 701 assensu,
1858 667 2004 705 prefatos
2024 666 2222 696 canonicum

1215 722 1245 747 et
1261 717 1398 748 clericos
1414 718 1586 749 beneficiis
1602 728 1666 758 que
1682 719 1722 748 ab
1736 719 1850 750 eadem
1864 719 2057 749 obtinebant
2070 719 2222 755 eeclesia,

1214 775 1373 809 perpetuo
1394 771 1580 809 privavisti,
1607 776 1638 801 et
1657 789 1696 793 -—
1716 772 1862 802 statuisti
1884 775 1919 801 ut
1941 771 2053 801 nullus
2075 780 2225 810 unquam

1216 832 1329 853 eorum
1353 832 1413 853 nec
1432 823 1554 862 aliquis
1575 824 1614 854 de
1631 824 1779 862 ipsorum
1800 825 1958 863 progenie
1980 833 2018 854 ex
2034 824 2125 854 virili
2144 833 2224 854 sexu

1215 875 1431 910 descendens,
1449 885 1555 914 usque
1576 877 1617 906 ad
1637 877 1769 906 tertiam
1786 877 2045 915 generationem,
2066 877 2171 915 possit
2188 877 2224 906 in

1216 929 1331 958 eadam
1347 929 1487 959 ecclesia
1503 929 1554 959 vel
1573 930 1643 968 ejus
1667 930 1791 960 diocesi
1807 930 2005 960 beneficium
2022 929 2226 960 ecclesiasti-

1216 991 1291 1011 cum
1306 982 1455 1013 obtinere
1471 1000 1520 1011 ——.
1541 982 1658 1021 [Quod]
1676 983 1910 1012 confirmamus
1926 1001 1974 1018 -—,
1998 983 2059 1012 1100
2075 982 2225 1012 adhibito

1215 1035 1453 1069 moderamine,
1468 1040 1504 1065 ut
1516 1035 1628 1065 nullus
1643 1036 1680 1066 cle
1695 1036 1851 1074 progenie
1863 1035 2087 1074 predictorum
2100 1035 2134 1064 in
2148 1035 2227 1065 civi-

1216 1092 1281 1118 tate
1306 1088 1357 1118 vel
1382 1088 1505 1118 diocesi
1533 1088 1727 1124 Cusentina,
1760 1088 1883 1127 absque
1915 1088 2010 1118 Sedis
2038 1087 2227 1126 Apostolice

1215 1141 1352 1170 licentia
1369 1141 1516 1179 speciali,
1541 1141 1581 1171 ad
1602 1141 1865 1171 ecclesiasticum
1884 1141 2083 1171 beneficium
2107 1141 2228 1170 admit-

1217 1198 1305 1223 tatur
1328 1211 1378 1222 -.
1397 1196 1470 1224 Dat.
1496 1194 1652 1229 Viterbii,
1680 1195 1731 1224 ΙΙΙ
1757 1194 1916 1224 kalendas
1942 1194 2033 1229 maii,
2055 1202 2142 1224 anno
2169 1193 2227 1223 de-

1218 1256 1314 1276 Cimo.
1335 1260 1347 1273 11

1290 1457 1412 1485 3¹20
1785 1457 1918 1490 Viterbe,
1935 1458 1968 1484 22
1984 1458 2061 1484 avril
2077 1457 2156 1485 1236.

1256 1519 1353 1546 Priori
1370 1520 1494 1545 fratrum
1517 1519 1757 1545 Praedicatorum
1775 1519 1805 1545 in
1824 1519 1958 1545 Romana
1972 1518 2126 1552 provincia
2143 1526 2231 1545 man-

1220 1568 1270 1594 dat
1284 1570 1428 1601 quatenus
1444 1568 1480 1594 ad
1496 1567 1726 1594 Antibarensem
1744 1567 1929 1601 provinciam
1940 1589 1946 1599 ,
1963 1567 1994 1593 in
2016 1576 2073 1601 qua
2090 1566 2229 1593 nonnulli

1220 1624 1355 1643 excessus
1369 1616 1519 1643 commissi
1536 1617 1662 1647 fuerant,
1678 1616 1741 1642 sine
1756 1624 1836 1643 mora
1847 1616 1959 1649 aliquot
1974 1616 2078 1642 fratres
2089 1615 2230 1648 destinet,

1220 1665 1270 1698 qui
1286 1665 1541 1699 archiepiscopum
1565 1665 1805 1697 Antibarensem,
1824 1673 1909 1698 quem
1932 1664 1994 1698 ipse
2017 1672 2093 1698 papa,
2113 1666 2232 1698 propter

1221 1714 1284 1747 ejus
1298 1716 1480 1740 senectutem
1498 1713 1615 1739 nolebat
1633 1713 1669 1739 ad
1691 1713 1797 1739 Sedem
1818 1712 2019 1746 Apostolicam
2038 1712 2232 1747 personaliter

1222 1761 1364 1794 laborare,
1379 1762 1415 1788 ad
1432 1764 1559 1795 tonilum,
1574 1764 1602 1787 et
1616 1761 1765 1795 episcopos
1777 1761 1874 1787 dictae
1888 1761 2068 1795 provinciae,
2082 1769 2232 1795 quousque

1221 1818 1317 1836 coram
1334 1809 1396 1843 ipso
1410 1818 1486 1843 papa
1501 1809 1731 1843 comparuerint,
1744 1809 1780 1835 ab
1794 1809 1981 1835 exsecutione
1997 1809 2177 1843 pontificalis
2189 1809 2232 1836 of-

1222 1859 1280 1885 ficii
1307 1859 1499 1893 suspendant.
1518 1873 1548 1876 —
1570 1859 1657 1890 (nm.
1678 1858 1725 1891 18,
1748 1859 1768 1884 t.
1788 1858 1839 1885 149
1860 1862 1898 1890 r”;
1919 1867 1988 1885 ann.
2013 1859 2057 1891 X,
2081 1867 2106 1885 0.
2130 1859 2181 1891 54;
2199 1872 2231 1876 —

1222 1908 1379 1934 PorrnAsr
1393 1907 1503 1938 101—15.)
2055 1912 2058 1915 ·

1264 2034 1278 2048 «
1303 2023 1407 2051 Priori
1428 2023 1564 2057 fratrum
1589 2022 1820 2050 Preclicatorum
1846 2022 1879 2049 in
1899 2022 2035 2050 Romana
2055 2021 2232 2058 provincia.

1223 2076 1322 2105 Lecta
1344 2083 1453 2104 coram
1471 2074 1566 2104 nobis
1585 2091 1634 2102 —.
1652 2075 1726 2103 Dat.
1744 2073 1899 2108 Viterbii,
1917 2074 1947 2103 X
1962 2073 2121 2103 kalendas
2139 2073 2232 2108 maii,

1224 2137 1311 2157 anno
1326 2128 1465 2157 decimo.
1488 2140 1500 2153 ›>

1297 2345 1415 2373 3121

1261 2407 1461 2434 Eichstetensi
1479 2407 1613 2442 episeopo
1626 2408 1746 2434 mandat
1760 2410 1904 2441 quatenus
1916 2406 2235 2434 excommunicationis

1225 2456 1404 2482 sententiam
1421 2464 1507 2489 quam
1522 2456 1551 2482 in
1564 2456 1703 2483 comitem
1716 2456 1752 2482 de
1763 2457 1884 2483 Tollest.
1894 2458 1938 2488 (ε
1947 2455 2139 2488 Dollnstein),
2153 2455 2237 2482 nulla

1226 2505 1406 2539 competenti
1423 2505 1587 2532 monitione
1603 2506 1775 2540 praemissa,
1792 2505 1856 2531 sine
1872 2514 1959 2532 causa
1978 2504 2148 2532 rationabili
2169 2512 2237 2539 pro-

1227 2554 1427 2587 mulgaverat,
1449 2554 1527 2581 infra
1544 2557 1607 2581 octo
1627 2555 1689 2581 dies
1710 2557 1774 2589 post
1795 2553 2011 2588 susceptionem
2034 2553 2236 2587 praesentium

1226 2603 1355 2634 relaxetq
1371 2602 1503 2636 alioquin
1521 2603 1583 2637 ipse
1597 2612 1673 2637 papa
1686 2604 1721 2630 de
1734 2603 1910 2630 Brunebach
1925 2604 1969 2634 (=
1986 2601 2187 2634 Bronnbach),
2201 2601 2238 2628 de

1226 2651 1359 2678 Eberach
1377 2652 1552 2684 (=Ebrach)
1569 2654 1596 2679 et
1613 2652 1648 2679 de
1664 2652 1806 2679 Keisliem
1825 2654 1870 2683 (ε
1883 2651 2053 2682 Kaisheim)
2068 2650 2236 2683 abbatibus,

1227 2700 1434 2727 Cisterciensis
1453 2701 1581 2734 ordinis,
1605 2701 1831 2735 Herbipolensis
1852 2703 1880 2727 et
1902 2699 2097 2733 Augustensis
2122 2699 2238 2726 dioece-

1226 2747 1315 2780 sium,
1327 2748 1449 2775 mandat
1463 2752 1495 2775 ut
1509 2749 1578 2783 ipsi,
1591 2758 1626 2776 ex
1643 2752 1723 2782 tune,
1735 2748 1893 2775 sufficienti
1908 2747 1944 2775 ab
1958 2747 2020 2782 ipso
2032 2747 2139 2774 comite
2150 2755 2238 2781 super

1228 2796 1274 2822 his
1302 2804 1352 2830 pro
1378 2797 1486 2830 vquibus
1513 2798 1789 2824 excommunicatus
1815 2796 1919 2828 fuerit,
1946 2795 2082 2822 cautione
2109 2797 2237 2830 recepta,

1226 2845 1312 2878 juxta
1333 2846 1457 2872 formam
1482 2846 1632 2873 Ecclesiae
1653 2846 1831 2873 sententiam
1857 2846 2024 2872 relaxantes
2043 2844 2192 2877 eamdem,
2210 2845 2240 2871 et.

1226 2893 1417 2927 injungentes
1433 2894 1529 2921 eidem
1547 2895 1648 2921 comiti
1667 2895 1742 2929 quod
1759 2895 1794 2921 de
1817 2895 1881 2927 jure
1898 2893 1987 2920 suerit
2008 2892 2237 2926 injungendum,

1228 2943 1429 2975 quaestionem
1454 2943 1578 2970 audiant
1601 2946 1629 2970 et
1651 2943 1750 2970 debito
1772 2944 1828 2969 fine
1851 2942 2001 2969 decidant.
2024 2956 2055 2960 —
2079 2942 2166 2973 (Rm.
2187 2940 2237 2974 18,

1794 2345 1927 2378 Viterbe,
1944 2345 1978 2371 27
1991 2345 2069 2372 avril
2082 2344 2162 2372 1236.
