2423 3487
149 314 204 343 499
868 303 1104 334 REGISTRES
1127 302 1181 331 DE
1203 293 1424 330 GREGOIRE
1447 301 1506 330 IX.
2177 297 2235 327 500

220 376 333 404 3367
712 372 801 403 Rieti,
818 372 851 398 23
867 371 982 397 octobre
998 370 1075 397 1236.

186 438 280 465 Priori
298 437 399 463 Sancti
417 436 525 462 Hilarii
540 434 763 461 Aurelianensis
781 434 900 459 mandat
922 435 1064 466 quatenus
1081 440 1147 458 sen·

150 487 273 513 tentiam
302 483 616 511 excommunit-ationis
640 483 669 508 in
695 482 829 508 abbatem
860 482 961 507 Sancti
986 480 1147 507 Maximini

150 533 372 562 Aurelianensis
401 540 416 558 a
444 532 553 557 ‹locano
582 530 743 557 Paris-{ensi
774 530 932 563 prolatam.
966 530 1086 555 relaxet.
1116 543 1147 546 -

150 583 234 614 (Rea.
251 582 296 612 18,
314 582 331 607 f.
347 580 396 606 ‘203
414 584 455 611 v⁰3
473 588 542 605 ann.
557 580 600 611 X,
621 587 644 605 c.
661 578 731 609 25&
750 593 780 595 —
797 578 929 604 Monam
945 577 1028 609 1191,
1045 576 1145 607 f.150;

150 646 180 649 —
197 632 233 656 cf.
251 636 344 662 supra,
362 631 390 654 11⁰
405 628 497 658 2555.)

190 750 201 763 «
231 760 250 764 ..
275 737 375 773 priori
397 736 504 763 Sanni
524 735 640 762 Hilarii
661 733 901 761 Aurelianensis.
925 731 1051 760 Abbate
1078 738 1147 758 mo-

150 788 285 819 nasterii
304 787 414 817 Sancti
433 786 605 816 Maximini
622 784 886 814 Aurelianensis.
900 783 1026 812 ordinis
1041 782 1146 811 sancti

150 840 335 871 Benedicti,
354 839 448 868 nobis
470 838 612 867 innotuit
631 841 826 875 exponente.
846 836 932 874 quod
950 835 1090 865 dilectus
1109 835 1147 863 fi-

148 894 214 923 lius
235 916 253 921 ..
271 893 414 921 decanus
432 890 632 920 Parisiensis
650 894 680 919 et
699 889 821 926 collega
846 897 936 922 suus,
958 892 1147 917 executores

149 950 345 977 statutorum
372 948 558 973 nostrorum
582 953 599 972 a
625 943 707 973 Sede
734 941 922 980 Apostolica
947 941 1093 979 deputati
1111 940 1145 969 in

148 998 317 1038 provincia
343 996 539 1029 Senonensi,
561 996 595 1024 in
617 995 725 1033 ipsum
747 999 777 1024 et
796 994 878 1024 alios
901 994 1034 1024 abbates
1059 993 1147 1032 ejus—

149 1052 221 1081 dem
238 1050 363 1079 ordinis
380 1049 464 1079 dicte
484 1048 662 1086 provincie,
679 1052 751 1085 post
768 1047 1019 1085 appellationem
1032 1047 1071 1076 ad
1088 1055 1147 1075 nos

150 1103 348 1142 generaliter
365 1102 404 1131 ab
420 1101 574 1131 omnibus
595 1100 816 1139 interjectam,
835 1099 1148 1129 excommunicatio-

152 1156 204 1185 nis
225 1155 423 1185 sententiam
444 1153 662 1192 p1·otulerunt;
681 1161 778 1191 quam
801 1152 924 1181 nullam
942 1152 1071 1190 petebat
1092 1160 1148 1189 pe-

150 1209 239 1237 nitus
258 1207 416 1237 nuntiari.
426 1207 495 1235 Nos
509 1206 621 1242 igitur,
635 1205 681 1235 sic
696 1205 842 1234 volentes
855 1204 965 1233 abbati
978 1204 1147 1242 providere

150 1261 304 1299 predicto,
324 1259 409 1298 quod
426 1258 562 1288 dissolvi
579 1258 788 1295 disciplinam
808 1257 1065 1287 ecclesiasticam
1083 1266 1147 1285 non

149 1313 326 1349 contingat.
351 1311 545 1341 mandamns
571 1314 750 1349 quatenus,
770 1310 809 1339 ab
834 1310 946 1339 eodem
972 1309 1088 1339 abbate
1110 1309 1148 1338 de

149 1365 263 1395 stando
289 1364 453 1394 mandatis
476 1363 598 1393 nostris
627 1363 805 1392 sufficienti
829 1362 982 1391 cautione
1006 1366 1146 1399 recepta,

148 1427 269 1447 munus
289 1417 424 1456 eijuxta
442 1417 581 1446 sormam
606 1415 751 1445 Ecclesie
777 1414 995 1444 absolutionis
1021 1415 1149 1452 impen-

149 1470 217 1499 das.
245 1472 315 1500 Dat.
347 1471 467 1504 Reate,
494 1470 524 1498 X
550 1468 709 1498 kalendas
740 1468 943 1503 novembris,
980 1476 1065 1496 anno
1094 1467 1150 1497 de—

152 1523 247 1552 cimo.
268 1534 280 1548 »

187 1638 289 1662 3388.
307 1649 338 1652 —
355 1635 387 1661 In
404 1634 527 1660 eundem
546 1634 664 1660 modum
681 1655 697 1660 ..
715 1634 833 1665 episeopo
849 1633 979 1663 Trecensi,
998 1641 1047 1667 pro
1065 1654 1082 1659 ..
1099 1632 1151 1659 ab-

153 1684 219 1710 bate
236 1683 405 1710 monasterii
421 1683 523 1709 Sancti
540 1682 619 1709 Petri
637 1683 672 1709 de
688 1682 780 1713 Cella,
795 1681 947 1708 Trecensis
962 1681 1096 1708 diocesis.

188 1735 291 1758 3389.
304 1746 335 1749 —
348 1732 379 1758 In
394 1731 518 1758 eundem
537 1731 654 1757 modum
671 1752 688 1757 ..
706 1731 797 1755 abbati
812 1730 906 1755 Sam-ti
922 1730 1003 1755 Pauli
1017 1730 1151 1756 Senonen-

152 1780 198 1808 sis,
217 1787 267 1813 pro
285 1800 302 1805 ..
319 1778 423 1805 abbate
440 1779 548 1805 Sancte
563 1778 706 1806 Columbe
720 1778 907 1805 Senonensis.

188 1830 290 1854 3350.
307 1842 337 1845 —
354 1828 385 1854 In
410 1827 534 1853 eundem
556 1827 674 1853 modum
694 1847 711 1853 ..
728 1827 842 1857 ossice'alt'
864 1827 1038 1859 Carnocensi,
1061 1835 1110 1861 pro
1132 1848 1149 1853 ..

152 1876 256 1903 abbate
273 1876 375 1903 Sancti
396 1876 476 1902 Petri
493 1875 691 1903 Carnotensis.

222 2054 306 2082 :337
316 2054 334 2081 Ι

190 2117 331 2151 Episcopo
358 2116 504 2143 Meldensi
533 2117 654 2143 mandat
679 2120 822 2151 quatenns
850 2118 1006 2144 nonnullos
1033 2118 1152 2145 abbates

719 2055 809 2087 Rioti,
824 2055 857 2081 ‘29
873 2055 988 2082 octobre
1002 2056 1079 2082 1236.

154 2165 266 2191 ordinis
286 2165 379 2191 saneti
401 2165 555 2191 Benedicti
576 2165 606 2191 in
629 2166 742 2197 Gallia,
766 2165 944 2192 Senonensis
967 2166 1151 2200 provinciae,

155 2213 301 2239 absolutos
323 2213 359 2240 ab
383 2214 688 2240 excommunicatione
710 2214 740 2240 in
762 2222 808 2240 eos
829 2223 845 2240 a
862 2215 972 2241 decano
992 2215 1153 2242 Parisiensi

156 2262 267 2295 prolata
287 2261 451 2287 denuntiet.
473 2276 503 2279 —
517 2263 603 2292 (nm.
621 2262 668 2294 18,
687 2263 705 2288 f.
720 2262 770 2288 ‘201
788 2266 826 2293 r“;
843 2271 912 2289 ann.
932 2263 975 2295 X,
993 2272 1016 2289 e.
1037 2264 1105 2296 ‘2593
1123 2279 1154 2282 —

156 2309 287 2336 MonEAU
302 2309 380 2342 1191,
398 2310 417 2335 1.
435 2310 501 2341 165;
520 2324 550 2328 -
567 2311 604 2336 ct.
621 2317 716 2342 supra,
734 2314 762 2336 n⁰
777 2311 869 2342 2555.)

198 2429 209 2441 1(
238 2439 256 2444 ..
275 2417 407 2453 episcopo
423 2417 574 2445 Mrhlensi.
592 2417 673 2447 Cum
692 2417 802 2447 dilecti
822 2418 882 2446 filii
901 2441 922 2446 ..
945 2419 1056 2449 Sancti
1073 2421 1155 2450 Ger-

156 2469 245 2497 mani
265 2468 303 2497 de
321 2469 429 2498 Pratis
449 2469 662 2504 Parisiensis,
683 2493 702 2497 ..
722 2470 833 2499 Sancti
849 2471 1019 2500 Benedicti
1034 2472 1154 2502 Floria-

156 2521 280 2551 censis,
302 2543 320 2548 ..
340 2520 378 2549 de
402 2521 580 2556 Ferrerfis,
602 2545 618 2550 ..
642 2523 753 2551 Sancti
778 2523 866 2552 Petri
890 2524 1112 2558 Fossatensis,
1134 2548 1151 2553 ..

157 2572 269 2602 Sancti
287 2572 438 2609 Maglorii
455 2574 668 2607 Parisiensis,
690 2598 709 2603 ..
730 2575 841 2604 Sancti
860 2576 948 2605 Petri
964 2577 1039 2606 vivi
1057 2578 1155 2607 Seno—

156 2625 286 2658 nensis.
305 2648 325 2654 ..
344 2626 454 2655 Sancti
473 2626 635 2656 Pbaronis
654 2627 848 2661 MeldensiS,
869 2651 888 2656 ..
913 2628 951 2658 de
968 2629 1113 2665 Nigella,
1134 2653 1153 2659 ..

156 2677 194 2707 de
212 2678 285 2716 Oja,
306 2701 325 2706 ..
345 2678 456 2707 Sancti
474 2679 563 2708 Petri
582 2679 619 2709 de
638 2679 828 2714 Meleduno,
849 2703 866 2708 ..
886 2680 976 2710 Bone
993 2681 1111 2717 Vallis,
1134 2706 1153 2711 ..

156 2729 194 2759 de
208 2730 377 2768 Josaphat.
395 2753 413 2759 ..
429 2731 541 2760 Sancti
554 2732 752 2761 Launomari
768 2732 951 2765 Blesensis‚
965 2756 984 2761 ..
1002 2733 1040 2763 de
1054 2735 1155 2765 Ponte

157 2782 266 2817 Levio,
289 2805 308 2810 ..
331 2783 370 2811 de
392 2783 574 2813 Moriniaco
591 2788 622 2813 et
647 2807 665 2812 ..
690 2785 912 2814 Resbacensis
934 2785 1084 2821 abbates,
1103 2796 1155 2816 01·-

157 2834 244 2864 dinis
262 2835 368 2864 sancti
384 2836 566 2871 Benedicti,
585 2837 752 2874 provincie
767 2837 980 2872 Senonensis,
994 2839 1027 2867 in
1045 2844 1156 2869 nostra

156 2887 324 2924 presentia
340 2887 526 2923 constituti,
545 2889 621 2925 sint,
640 2889 835 2919 auctoritate
850 2893 972 2925 nostra,
987 2900 1044 2928 per
1063 2914 1080 2920 ..
1100 2901 1155 2929 pe-

158 2939 387 2969 nitentiarium
403 2944 550 2970 nostrum
568 2941 607 2971 ab
624 2942 975 2972 excommunicationis
991 2944 1156 2973 sententia

1230 376 1326 404 quam
1343 389 1360 394 ..
1374 366 1518 395 decanus
1533 364 1733 394 Parisiensis
1750 367 1780 393 et
1796 363 1921 400 collega
1937 371 2029 397 311115,
2043 366 2234 393 executores

1229 423 1425 447 statutorum
1442 422 1629 447 nostrorum
1646 417 1681 445 in
1697 416 1810 445 eadem
1826 415 2008 453 provincia,
2026 415 2059 444 in
2077 423 2143 449 eos,
2162 419 2235 452 post

1230 468 1482 506 appellationem
1507 468 1546 497 ad
1566 477 1624 497 nos
1647 468 1686 496 ab
1710 467 1792 505 ipsis
1813 466 2033 495 communiter
2056 465 2234 503 interposi-

1231 526 1306 555 tam,
1326 521 1544 558 protulerunt,
1569 521 1607 549 de
1627 520 1743 549 stando
1765 528 1863 557 super
1879 518 1940 548 boc
1965 518 2130 548 mandatis
2158 527 2234 548 nos-

1231 574 1289 602 tris
1303 574 1465 612 juratoria
1483 573 1635 602 cautione
1658 576 1798 610 recepta.
1817 571 1910 610 juxta
1932 572 2070 600 sormam
2088 571 2235 602 Ecclesie

1230 626 1383 657 absoluti.
1397 626 1593 654 mandamus
1608 629 1771 663 quatenus
1786 623 1928 658 eosdem,
1946 623 2002 662 qui
2018 623 2102 661 apud
2116 623 2234 653 sedem

1229 678 1451 715 Apostolicam
1470 681 1699 715 procuratores
1712 676 1849 705 idoneos
1864 675 2084 714 reliquerunt,
2101 675 2234 706 manda-

1231 731 1271 760 tis
1289 731 1411 760 nostris
1431 730 1602 760 humiliter
1617 729 1794 768 parituros,
1808 729 1985 758 denunties
1999 728 2039 757 ab
2051 737 2234 758 excommu-

1230 784 1395 814 nicatione
1415 783 1603 822 hujusmodi
1620 782 1798 812 absolutos.
1818 783 1891 812 Dat.
1907 783 2021 815 Reate,
2040 782 2108 812 IIII
2123 781 2235 812 kalen-

1229 836 1286 865 das
1305 836 1504 870 novembris,
1524 844 1610 865 anno
1627 835 1765 864 decimo.
1786 847 1798 861 »

1299 1033 1416 1061 3322
1793 1032 1873 1059 Rieti
1883 1053 1889 1064 ,
1905 1032 1939 1058 23
1955 1032 2070 1059 octobre
2085 1031 2164 1059 1236.

1266 1096 1444 1129 Episcopum
1477 1095 1684 1123 Convenarum
1717 1093 1754 1121 ab
1778 1094 2037 1120 administratione
2064 1093 2237 1121 monasterii

1231 1145 1358 1171 Sanctae
1381 1144 1495 1170 Mariae
1521 1144 1623 1170 Silvae
1646 1143 1785 1177 Majoris,
1811 1143 1924 1169 ordinis
1944 1143 2039 1169 sancti
2064 1142 2236 1176 Benedicti,

1230 1192 1458 1226 Burdegalensis
1468 1192 1620 1225 dioecesis,
1633 1200 1707 1225 quae
1723 1191 1748 1217 ei
1763 1191 1921 1217 commissa
1934 1192 2039 1222 fuerat,
2050 1193 2191 1218 removet.
2203 1205 2236 1209 —

1230 1243 1316 1273 (nm.
1334 1241 1382 1273 18,
1400 1241 1488 1267 1:204
1504 1244 1542 1273 r⁰;
1559 1249 1628 1267 ann.
1646 1241 1689 1272 X,
1705 1248 1729 1267 0.
1746 1239 1814 1271 260;
1830 1255 1862 1258 -
1878 1240 2011 1267 Morzi-:Ati
2028 1239 2107 1272 1191,
2125 1241 2145 1267 f.
2162 1239 2237 1271 163.)

1273 1354 1285 1368 «
1313 1365 1332 1370 ..
1353 1343 1487 1379 episcopo
1505 1342 1731 1371 Convenarum⁴
1749 1340 1882 1369 Auditis
1899 1349 1962 1378 que
1980 1349 2078 1378 Super
2094 1358 2142 1368 —.
2162 1341 2236 1381 Dat.

1231 1396 1344 1429 Reate,
1363 1395 1393 1424 X
1408 1393 1567 1423 kalendas
1583 1392 1783 1428 novembriS,
1802 1401 1890 1422 anno
1907 1392 2045 1422 decimo.
2064 1404 2077 1419 n

1303 1591 1420 1620 3:3²3

1267 1654 1498 1688 Archiepiseopo
1514 1654 1744 1687 Burdegalensi,
1759 1653 1869 1680 decano
1892 1653 1994 1680 Sancti
2010 1653 2146 1680 Andreae
2162 1653 2239 1680 Bur-

1232 1703 1407 1736 degalensis,
1420 1705 1448 1729 et
1459 1703 1549 1737 priori
1562 1702 1597 1729 de
1610 1702 1744 1735 Teualia,
1756 1701 1976 1728 Xanctonensis
1990 1701 2140 1735 dioecesis,
2154 1709 2239 1728 man-

1232 1752 1282 1778 dat
1298 1754 1457 1785 quatenus,
1475 1751 1511 1778 ad
1525 1751 1738 1777 monasterium
1754 1750 1881 1777 Sanctae
1894 1750 2009 1777 Mariae
2025 1750 2127 1777 Silvae
2142 1749 2240 1784 Maj0-

1232 1800 1272 1826 ris
1288 1800 1482 1834 personaliter
1498 1799 1680 1832 accedentes,
1693 1799 1756 1833 ejus
1769 1799 1928 1826 conventui
1945 1799 2104 1832 injungant
2116 1800 2149 1825 ut
2159 1798 2240 1826 infra

1233 1848 1402 1882 quindecim
1420 1848 1482 1874 dies
1498 1850 1562 1881 post
1578 1848 1708 1881 ipsorum
1726 1847 1931 1879 monitionem,
1946 1847 1982 1873 de
1998 1855 2120 1881 persona
2134 1846 2240 1874 idonea

1232 1896 1289 1923 sibi
1306 1897 1481 1930 provideant
1497 1904 1547 1930 per
1563 1896 1737 1922 electionem
1754 1896 1926 1922 canonicam
1944 1895 1975 1922 in
1997 1895 2150 1927 abbatem;
2165 1895 2240 1922 alio-

1767 1591 1867 1623 Terni,
1884 1592 1900 1618 4
1913 1591 2072 1618 novembre
2087 1590 2166 1618 1236.

1233 1946 1305 1980 quin
1319 1946 1375 1980 ipsi
1390 1946 1425 1972 de
1439 1954 1562 1980 persona
1578 1945 1724 1979 religiosa,
1741 1953 1869 1979 congrua
1885 1947 1913 1972 et
1929 1945 2051 1972 honesta
2064 1944 2240 1979 provideant

1233 1995 1329 2021 eidem
1342 1994 1530 2027 monasterio,
1546 1996 1584 2026 et,
1597 1993 1781 2020 visitationis
1797 1993 1908 2020 ibidem
1920 1993 2048 2020 officium
2064 1992 2240 2027 impenden-

1233 2045 1291 2075 tes,
1315 2043 1463 2077 corrigant
1488 2046 1516 2069 et
1544 2044 1705 2069 reforment
1734 2042 1923 2069 reformanda
1949 2044 1977 2068 et
2002 2041 2182 2075 corrigenda.
2206 2055 2240 2059 —

1234 2093 1320 2124 (REO.
1333 2092 1377 2124 18,
1396 2093 1414 2118 f.
1429 2092 1481 2118 ‘204
1493 2095 1533 2124 r⁰;
1548 2100 1618 2118 ann.
1633 2091 1672 2124 X,
1688 2099 1712 2118 0.
1729 2091 1797 2123 261;
1811 2106 1842 2109 -
1853 2091 1986 2118 MOREAU
2000 2090 2079 2123 1191,
2092 2091 2112 2117 f.
2125 2089 2175 2117 163
2187 2089 2240 2121 v⁰.)

1277 2206 1289 2220 1(
1317 2217 1336 2222 ..
1353 2195 1590 2230 archiepiscopo,
1608 2216 1627 2221 ..
1646 2193 1756 2222 decano
1772 2193 1880 2222 Sancti
1896 2192 2014 2221 Andree
2035 2191 2242 2228 Bzerdeqalen·

1235 2247 1353 2285 [sibus],
1370 2252 1395 2275 et
1412 2269 1430 2275 ..
1449 2247 1551 2284 priori
1567 2246 1600 2274 de
1625 2247 1760 2280 Tenalia,
1779 2246 1998 2275 .l'(1ncl0netzsis
2015 2245 2148 2274 diocesis.
2173 2244 2243 2273 Au-

1236 2300 1314 2329 ditis
1344 2304 1404 2329 etc.
1426 2316 1474 2327 —.
1503 2300 1576 2328 Dat.
1606 2300 1810 2334 Interamne,
1842 2299 1873 2328 II
1901 2307 2005 2328 nonas
2034 2296 2240 2332 novembris,

1236 2353 1447 2391 pontificatus
1464 2352 1570 2382 nostri
1588 2361 1675 2381 anno
1693 2352 1832 2382 decimo.
1854 2363 1865 2377 n

1307 2549 1424 2577 3354

1273 2611 1443 2645 Segobiensi
1469 2614 1497 2638 et
1520 2611 1671 2639 Colarensi
1693 2612 1737 2642 (=
1758 2611 1793 2637 de
1816 2610 1946 2641 Cuellar)
1972 2609 2189 2637 archidiaconis
2213 2610 2242 2635 et

1236 2660 1348 2687 cantori
1366 2660 1538 2693 Segobiensi
1555 2659 1677 2686 mandat
1691 2661 1846 2693 quatenus,
1859 2673 1890 2676 —
1903 2667 1991 2685 causa
2001 2666 2075 2692 quae
2088 2658 2165 2685 inter
2181 2656 2242 2692 epi-

1236 2716 1355 2742 scopum
1378 2708 1571 2740 Toletanum,
1593 2715 1628 2734 ex
1650 2709 1733 2741 parte
1748 2715 1821 2739 una,
1840 2709 1867 2733 et
1889 2707 2062 2739 magistrum
2086 2708 2114 2733 et
2136 2706 2241 2732 fratres

1237 2756 1461 2784 Calatraveuses
1473 2777 1479 2789 ,
1495 2765 1531 2783 ex
1545 2757 1653 2788 altera,
1671 2763 1757 2789 super
1773 2755 1899 2781 diversis
1914 2755 2049 2781 articulis
2063 2756 2163 2782 exorta
2178 2754 2243 2781 fue-

1236 2807 1291 2837 rat,
1309 2807 1372 2839 post
1388 2805 1488 2831 decem
1503 2813 1595 2831 annos
1612 2806 1779 2838 nequeunte
1796 2804 1884 2830 finem
1900 2803 2022 2835 habere,
2037 2818 2068 2821 -—
2082 2801 2243 2837 praedictis

1237 2853 1376 2886 magistro
1399 2856 1427 2880 et
1451 2852 1592 2880 tratribus
1619 2853 1727 2879 festum
1754 2851 1976 2886 Assumptionis
2001 2851 2103 2878 beatae
2129 2849 2244 2877 Mariae

1236 2902 1369 2935 proximo
1394 2903 1528 2929 futurum
1551 2901 1714 2928 terminum
1742 2899 1974 2935 peremptorium
1997 2900 2162 2933 assignent,
2186 2905 2243 2932 quo

1236 2958 1286 2984 per
1300 2959 1329 2976 se
1344 2951 1392 2977 vel
1412 2959 1462 2984 per
1478 2952 1679 2984 procuratores
1699 2949 1818 2976 idoneos
1834 2956 1930 2976 eoram
1946 2948 2008 2982 ipso
2028 2956 2104 2982 papa
2123 2954 2244 2982 compa.-

1768 2549 1868 2581 Terni,
1885 2548 1900 2575 6
1917 2547 2076 2575 novembre
2091 2546 2170 2574 1236.
