2519 3518
112 319 173 351 237
948 308 1176 347 Nssuvmuss
1196 310 1355 348 ANNEE.
2126 319 2186 351 238

114 383 312 419 constituto,
352 383 551 414 venerabilis
587 383 687 413 frater
723 387 834 413 noster
860 405 880 412 ..
909 381 1109 412 Parisiensis

116 435 301 475 episcopus,
319 434 383 465 loci
399 435 609 470 diocesanus,
630 435 736 473 ipsum
756 434 790 464 in
806 434 957 464 abbatem
980 441 1110 462 monas-

116 487 201 518 terio
229 487 422 526 prefecisset
443 487 549 517 eidem
577 497 583 516 :
611 486 810 521 Isembardo,
839 485 895 524 qui
920 493 977 523 pro
1003 484 1110 522 priore

115 539 223 578 ipsius
241 538 434 569 monasterii
450 547 485 569 se
505 539 651 577 gerebat.
669 542 699 568 et
721 537 935 576 complicibus
960 537 1030 566 suis
1046 535 1111 566 sibi

118 599 184 622 non
207 590 313 621 solum
336 590 644 629 contempnentibus
669 589 816 623 obedire,
842 588 899 618 sed
925 588 1023 618 etiam
1047 596 1110 617 non

118 642 386 682 permittentibus
404 651 479 673 eum
503 646 534 672 et
562 641 644 672 alios
670 641 862 675 monachos,
891 641 947 679 qui
973 640 1113 670 eundern

118 698 320 733 receperant,
334 694 458 724 intrare
469 694 717 728 monasterium,
733 693 818 732 quod
829 693 977 723 detinent
987 691 1113 721 violen-

119 750 183 783 ter,
197 746 283 777 idem
296 746 395 776 abbas
407 746 582 784 apostolice
594 745 791 784 provisionis
804 744 986 775 remedium
997 743 1114 782 implo-

119 799 216 829 ravit.
233 799 316 830 Cum
338 802 462 834 autem,
480 798 600 828 litteris
621 798 742 828 nostris
761 806 858 836 super
873 797 934 827 hoc
953 797 1112 834 optentis,

121 850 241 881 fuisset
267 859 304 881 ex
327 854 419 889 parte
435 850 597 880 dictorum
620 849 802 880 Isembardi
820 853 851 879 ct
872 849 936 879 sibi
953 848 1115 878 adheren-

121 903 206 933 tium
228 902 262 932 in
283 902 451 932 audientia
467 901 597 940 publica
612 901 864 934 contradictum,
882 909 940 930 nos
961 899 1116 929 dilectum

122 953 229 983 filium
253 957 401 983 nostrum
424 953 613 991 O[ttonem],
639 953 750 983 Sancti
768 952 896 982 Nicolai
922 951 955 980 in
979 951 1116 981 Cat-cere

120 1005 274 1036 Tulliano
287 1005 461 1035 diaconum
475 1004 686 1038 cardinalem,
699 1003 964 1042 procuratoribus
975 1002 1117 1040 partium

121 1056 348 1087 concessimus
364 1056 557 1086 auditorem.
572 1056 688 1087 Coram
705 1064 769 1094 quo
784 1064 857 1085 cum
873 1055 992 1084 fuisset
1008 1062 1119 1091 propo-

123 1109 226 1139 situm
243 1117 281 1138 ex
299 1108 435 1138 adverso
453 1108 539 1147 quod
563 1107 728 1146 predictus
753 1107 962 1137 Isembardus
985 1110 1015 1136 et
1031 1113 1119 1135 com-

123 1160 227 1199 plices
243 1160 311 1195 sui,
332 1159 490 1198 legitimis
510 1159 754 1198 impedimentis
777 1159 916 1192 detenti,
936 1158 1024 1187 infra
1046 1165 1120 1195 pre-

125 1212 285 1251 scriptum
298 1215 426 1250 tempus
442 1212 659 1250 nequiverant
675 1210 796 1248 eligere
809 1219 846 1240 ac
862 1219 918 1248 per
933 1209 993 1239 boc
1008 1209 1120 1246 lapsus

124 1264 176 1294 eis
191 1263 347 1302 temporis
364 1271 428 1293 non
443 1263 603 1297 obstabat,
617 1262 694 1301 quia
705 1262 742 1292 de
758 1261 819 1292 hoc
834 1270 943 1292 coram
961 1259 1121 1291 cardinali

127 1315 273 1355 predicto
291 1323 355 1345 non
380 1315 485 1353 potuit
506 1314 578 1345 fieri
601 1314 776 1349 certitudo,
799 1322 873 1343 cum
895 1337 914 1342 ..
932 1317 1122 1351 procurator

125 1367 231 1407 partis
251 1366 387 1397 alterius
408 1375 472 1396 non
495 1366 561 1396 nisi
583 1365 624 1395 ad
642 1365 884 1403 impetrandum
905 1369 937 1395 et
957 1364 1123 1394 contradi-

127 1415 267 1450 cendum
294 1418 484 1448 mandatum
509 1417 632 1447 diceret
657 1425 691 1446 se
718 1417 854 1451 habere,
873 1416 992 1446 dilecto
1016 1415 1083 1445 filio
1102 1438 1121 1444 ..

126 1469 326 1501 cancellario
338 1469 496 1499 Remensi
509 1469 645 1507 suisque
656 1467 789 1505 collegis
803 1473 932 1498 nostras
943 1468 1122 1497 direximus

128 1522 268 1557 litteras,
285 1521 492 1551 continentes
509 1524 558 1556 ut,
577 1520 644 1550 nisi
666 1519 875 1550 Isembardus
893 1524 924 1549 et
940 1519 998 1549 alii
1013 1527 1123 1557 supra-

128 1573 209 1604 dicti
228 1573 317 1602 infra
337 1572 418 1603 duos
435 1580 566 1602 menses
590 1580 608 1601 a
627 1571 814 1610 receptione
834 1571 1021 1601 litterarum
1040 1571 1123 1609 ipsa-

129 1634 204 1655 rum
225 1624 412 1663 legitimum
433 1624 705 1663 impedimentum
726 1623 936 1654 ostenderent
960 1628 991 1654 et
1011 1623 1124 1662 proba-

128 1681 217 1713 rent,
235 1685 337 1716 quare
354 1681 565 1707 transcursus
581 1677 629 1707 eis
652 1677 807 1715 temporis
830 1685 894 1706 non
914 1676 1044 1706 obesset
1066 1684 1126 1705 nec

129 1734 219 1761 esset
237 1729 277 1760 ad
292 1729 432 1760 eundem
449 1729 636 1768 episcopum
657 1729 801 1767 provisio
821 1729 1013 1759 monasterii
1029 1728 1126 1758 devo-

129 1781 210 1817 luta,
223 1781 391 1811 infirmata
405 1790 539 1819 prorsus
552 1781 711 1811 electione
725 1781 763 1811 de
777 1781 941 1820 quondam
954 1782 1005 1816 A.,
1017 1780 1126 1818 priore

131 1833 171 1864 de
193 1833 343 1872 Capella,
365 1837 555 1872 presumpta
577 1842 636 1872 per
659 1842 714 1864 eos
738 1838 811 1871 post
833 1833 1056 1871 provisionem
1077 1833 1128 1871 ip-

130 1885 202 1916 sius
223 1885 351 1915 abbatis
373 1885 493 1915 factam
512 1894 570 1923 per
589 1885 712 1915 dictum
728 1885 917 1923 episcopum
934 1893 999 1914 non
1018 1893 1128 1914 cassa-

133 1941 210 1972 tam,
227 1937 448 1975 provisionem
467 1937 619 1971 eandem,
637 1937 810 1967 dummodo
826 1937 932 1967 eidem
948 1937 1058 1966 abbati
1077 1937 1128 1966 ni-

131 1988 201 2019 chil
229 1988 377 2018 obviaret
411 1988 450 2018 de
481 1988 648 2018 canonicis
686 1988 864 2024 institutis,
899 1989 1044 2018 facerent
1071 1997 1129 2026 per

132 2049 308 2071 censuram
323 2040 596 2075 ecclesiasticam,
620 2040 838 2078 appellatione
859 2044 998 2075 remota,
1022 2040 1129 2069 invio-

134 2091 280 2122 labiliter
296 2091 479 2126 observari,
503 2091 693 2124 invocantes
714 2092 754 2121 ad
775 2091 852 2126 hoc,
877 2092 905 2122 si
927 2101 1008 2130 opus
1030 2095 1127 2126 esset,

132 2142 296 2174 â€šauxilium
319 2142 447 2172 brachii
464 2143 634 2173 secularis.
656 2143 828 2182 Alioquin,
847 2152 885 2173 ea
905 2144 967 2174 rite
989 2148 1127 2182 cassata,

135 2195 347 2234 injungerent
358 2194 496 2233 predicti
509 2195 701 2225 monasterii
718 2195 887 2225 monachis
903 2199 938 2224 ut
954 2195 1041 2225 infra
1053 2205 1130 2234 qua-

135 2246 287 2285 draginta
302 2246 372 2276 dies
387 2250 459 2285 post
474 2247 689 2277 monitionem
704 2247 850 2285 ipsorum
861 2248 926 2277 sibi
937 2248 975 2278 de
990 2257 1131 2286 persona

135 2299 254 2328 idonea
269 2307 326 2337 per
342 2298 533 2329 electionem
552 2299 742 2329 canonicam
760 2299 985 2337 providerent:
1004 2300 1055 2329 sin
1073 2309 1131 2329 au-

137 2354 214 2386 tem,
227 2349 305 2379 dicti
317 2349 445 2388 judices
459 2350 667 2388 providerent
680 2350 786 2380 eidem
800 2351 998 2381 monasterio
1011 2351 1048 2380 de
1061 2360 1131 2389 per-

137 2410 218 2432 sona
233 2401 351 2432 idonea
373 2401 407 2431 in
426 2401 587 2432 abbatem.
613 2402 736 2432 Prefati
758 2411 833 2432 vero
846 2403 989 2441 judices.
1007 2403 1042 2432 in
1058 2412 1132 2433 exe-

137 2453 269 2484 cutione
289 2453 434 2483 mandati
451 2452 620 2491 apostolici
647 2453 874 2491 procedentes,
895 2455 1024 2492 cognito
1047 2455 1134 2493 quod

137 2505 255 2536 electio
277 2504 425 2544 jamdicti
453 2505 572 2543 prioris
597 2505 635 2534 de
660 2504 792 2542 Capella
816 2512 1003 2544 presumpta
1027 2507 1134 2537 suerat

139 2560 211 2595 post
226 2556 447 2594 provisionem
463 2556 650 2595 hujusmodi
671 2565 734 2586 non
753 2561 924 2592 cassatam,
942 2558 1058 2596 ipsam,
1076 2558 1135 2588 ha-

138 2608 208 2638 bito
223 2608 420 2646 prudentum
442 2608 586 2637 virorum
607 2608 760 2643 consilio,
783 2609 967 2638 irritarunt.
991 2610 1040 2644 Et,
1059 2619 1134 2648 pro-

139 2660 257 2698 positis
279 2659 475 2698 quibusdam
492 2660 601 2689 causis
617 2669 635 2689 a
653 2664 743 2697 parte
766 2660 916 2694 adversa,
934 2670 1015 2699 quas
1032 2662 1135 2691 finxe-

140 2715 203 2747 rat,
220 2720 277 2749 per
292 2720 374 2750 quas
389 2711 515 2741 dicebat
533 2711 662 2741 obstare
681 2711 745 2741 sibi
758 2711 886 2750 lapsum
902 2713 1056 2750 temporis
1070 2722 1135 2743 non

139 2762 260 2792 debere
273 2767 304 2792 et
317 2767 510 2801 potestatem
524 2763 716 2801 providendi
731 2772 793 2793 uon
808 2772 879 2793 esse
893 2763 934 2793 ad
949 2764 1136 2802 episcopum

142 2813 343 2850 devolutam,
363 2819 394 2844 et
411 2814 536 2853 [eadem
558 2815 660 2854 parte]
683 2815 723 2844 ad
746 2815 970 2853 probationem
990 2824 1103 2846 earum
1119 2826 1137 2847 a

138 2865 308 2904 judicibus
323 2867 513 2896 memoratis
533 2866 692 2896 admissa.
709 2867 816 2896 dictus
834 2867 922 2904 prior
939 2867 977 2897 de
993 2867 1135 2906 Capella,

138 2921 338 2948 convertens
354 2926 389 2948 se
405 2918 445 2947 ad
461 2918 690 2957 appellationis
705 2918 890 2956 diffugium,
907 2923 938 2949 et
953 2928 1137 2958 proponens

1191 382 1278 420 quod
1295 383 1424 421 judices
1445 383 1523 421 ipsi,
1542 393 1710 422 perperam
1734 384 1767 413 in
1784 384 1958 414 commisso
1974 384 2038 414 sibi
2055 384 2187 422 negotio

1191 433 1414 471 procedentes,
1432 434 1623 465 electionem
1637 444 1729 464 suam
1743 444 1800 473 per
1811 435 1958 474 iniquam
1975 436 2186 465 diffinitivam

1192 485 1389 515 sententiam
1405 486 1586 521 irritarant,
1606 510 1625 515 ..
1641 487 1870 516 archidiacono
1887 488 2082 521 Senonensi,
2100 487 2187 517 serie

1192 537 1314 574 negotii
1340 537 1483 575 plenarie
1510 547 1573 567 non
1598 548 1765 576 expressa,
1795 539 2015 576 cognitionem
2040 538 2188 577 ejusdem

1193 589 1355 618 sententie
1372 589 1405 617 in
1422 590 1528 619 forma
1544 589 1685 627 simplici
1701 590 1842 619 obtinuit
1859 590 2015 627 delegari.
2028 590 2098 626 Quo
2114 598 2189 627 pre-

1193 640 1271 669 fatis
1286 640 1454 678 judicibus
1470 641 1640 671 inhibente
1660 650 1699 671 ue
1716 641 1800 670 ultra
1817 642 2027 679 procederent
2044 642 2077 671 in
2092 649 2187 679 nego-

1194 692 1249 726 tio,
1268 692 1369 722 donec
1386 693 1453 730 ipse
1473 693 1511 723 de
1528 693 1653 723 meritis
1670 693 1898 731 appellationis
1916 698 2126 731 cognosceret
2141 694 2189 731 in-

1196 744 1342 782 terjecte,
1365 749 1395 774 et
1414 745 1598 783 judicibus,
1623 750 1769 783 pretextu
1791 745 2002 775 inhibitionis
2025 745 2188 784 ejusdem,

1196 796 1486 833 supersedentibus
1519 797 1701 835 questioni,
1730 806 1928 835 quamquam
1956 806 2053 835 super
2081 796 2192 835 provi-

1196 847 1288 877 sione
1305 848 1448 886 predicta
1465 849 1532 878 fere
1547 857 1650 887 usque
1667 849 1706 878 ad
1721 848 1893 878 diffinitive
1908 849 2069 878 sententie
2086 848 2192 878 calcuÎ‡

1196 899 1264 928 lum
1289 900 1541 937 processissent,
1566 900 1604 930 de
1630 909 1688 929 sua
1711 899 1869 937 gloriatur
1891 899 2017 929 malitia
2038 908 2112 938 pars
2134 899 2193 928 ad-

1198 959 1306 986 versa,
1325 959 1387 989 que
1408 951 1643 980 monasterium
1664 951 1771 989 ipsum
1794 951 1896 981 libere
1914 951 2037 981 detinet
2053 959 2193 989 occupa-

1199 1006 1278 1036 tum,
1299 1003 1521 1032 consumendo
1539 1003 1621 1032 bona
1636 1003 1717 1041 ejus,
1740 1012 1802 1032 non
1821 1002 1925 1032 solum
1942 1002 2115 1037 inutiliter,
2135 1001 2193 1032 sed

1199 1053 1388 1091 dampnose.
1405 1055 1511 1090 Quare
1531 1054 1625 1084 nobis
1644 1054 1705 1083 suit
1727 1054 1896 1083 humiliter
1912 1054 2128 1092 supplicatum
2144 1057 2192 1088 ut,

1200 1113 1274 1134 cum
1290 1105 1474 1144 sepedictus
1490 1106 1578 1144 prior
1595 1106 1632 1136 de
1647 1106 1779 1144 Capella
1795 1106 1834 1135 de
1850 1106 1956 1135 medio
1972 1106 2014 1135 sit
2031 1105 2192 1141 sublatus,

1201 1165 1242 1187 ne
1261 1157 1349 1187 idem
1364 1158 1600 1187 monasterium
1620 1166 1677 1195 per
1697 1158 1922 1187 contentiones
1944 1157 2132 1195 hujusmodi
2155 1157 2196 1186 ad

1201 1209 1364 1239 nichilum
1383 1209 1567 1244 reducatur,
1586 1218 1684 1247 super
1705 1210 1766 1239 hoc
1786 1209 1916 1239 salubre
1940 1209 2121 1239 remedium
2138 1218 2197 1246 ap-

1201 1269 1321 1299 ponere
1340 1260 1560 1298 dignaremur.
1580 1261 1693 1291 Finem
1715 1261 1817 1298 igitur
1837 1261 1943 1291 eidem
1966 1261 2095 1298 negotio
2111 1260 2198 1290 cele-

1201 1313 1283 1343 riter
1298 1313 1466 1351 imponere
1482 1314 1662 1351 cupientes,
1676 1313 1869 1343 mandamus
1885 1317 2059 1351 quatenus,
2073 1312 2198 1341 facien-

1203 1369 1251 1394 tes
1265 1365 1357 1394 vohis
1370 1373 1484 1395 omnes
1499 1365 1577 1394 hinc
1592 1365 1668 1395 inde
1685 1365 1833 1394 obtentas
1846 1365 1971 1394 litteras
1983 1369 2013 1393 et
2026 1372 2198 1402 processus

1203 1425 1261 1455 per
1283 1425 1338 1446 eas
1360 1416 1490 1446 habitos
1510 1417 1673 1451 exhiberi,
1695 1417 1879 1446 detentores
1903 1416 1942 1445 ad
1959 1416 2198 1446 exhibitionem

1204 1477 1317 1498 eorum
1331 1477 1389 1506 per
1407 1477 1580 1498 censuram
1593 1467 1860 1502 ecclesiasticam,
1881 1468 2097 1506 appellatione
2113 1471 2198 1505 post-

1203 1520 1320 1558 posita,
1338 1520 1582 1558 compescendo,
1606 1520 1774 1557 negotium
1790 1520 1897 1558 ipsum
1913 1528 2017 1557 usque
2033 1519 2073 1548 ad
2086 1518 2199 1548 kalen-

1205 1572 1262 1602 das
1278 1572 1357 1602 maii
1377 1572 1541 1610 proximas
1558 1572 1598 1601 ad
1620 1571 1834 1610 apostolicum
1857 1571 2032 1601 remittatis
2050 1579 2198 1605 examen,

1206 1615 1347 1654 eundem
1372 1623 1549 1654 terminum
1571 1623 1788 1662 peremptorie
1813 1623 1962 1661 partibus
1986 1623 2198 1661 prefigentesâ€š

1206 1683 1270 1714 quo
1286 1684 1343 1713 per
1359 1683 1393 1705 se
1409 1674 1460 1705 vel
1476 1683 1532 1713 per
1546 1678 1773 1713 procuratores
1789 1674 1989 1704 sufficientes
2003 1678 2034 1704 et
2052 1674 2199 1708 idoneos,

1207 1735 1282 1757 cum
1299 1727 1453 1757 omnibus
1470 1726 1702 1757 instrumentis
1718 1730 1749 1756 et
1766 1726 1950 1756 rationibus
1966 1726 2047 1760 suis,
2067 1725 2202 1764 plenum

1206 1779 1367 1809 habentes
1382 1779 1573 1808 mandatum
1589 1779 1630 1808 ad
1643 1778 1805 1816 agendum
1819 1783 1849 1808 et
1863 1778 2104 1808 defendendum
2117 1782 2148 1808 et
2162 1777 2202 1807 ad

1207 1831 1317 1861 omnia
1334 1839 1397 1869 que
1412 1831 1537 1868 negotii
1554 1830 1697 1869 qualitas
1713 1830 1876 1860 desiderat
1891 1830 2074 1862 memorati,
2091 1834 2202 1859 nostro

1209 1892 1243 1913 se
1257 1883 1446 1921 conspectui
1459 1886 1696 1921 representem,
1710 1882 1796 1921 quod
1808 1883 1934 1921 justum
1946 1882 2058 1916 fuerit,
2071 1886 2203 1911 auctore

1208 1935 1360 1969 Domino,
1377 1939 1556 1972 recepture.
1579 1935 1617 1964 Et
1634 1943 1674 1964 ne
1696 1934 1829 1964 interim
1846 1934 1929 1963 bona
1945 1934 2137 1963 monasterii
2152 1933 2203 1962 di-

1208 1985 1348 2024 lapidari
1363 1985 1493 2015 valeant
1509 1985 1559 2015 vel
1575 1986 1736 2019 consumi,
1751 1985 1912 2015 cautelam
1929 1985 2087 2015 studeatis
2105 1993 2204 2022 appo-

1209 2047 1287 2068 nere
1302 2038 1510 2075 diligentemÍ¾
1529 2038 1784 2067 contradictores
1805 2041 1863 2067 etc.
1889 2037 1981 2073 Quod
2003 2037 2031 2066 si
2054 2044 2117 2066 non
2134 2044 2205 2065 om-

1209 2099 1268 2120 nes
1298 2094 1359 2120 etc.
1387 2091 1460 2120 Dat.
1486 2089 1642 2125 Yiterbii,
1669 2090 1698 2119 X
1723 2088 1880 2119 kalendas
1909 2088 2084 2118 februarii.
2119 2095 2205 2117 anno

1210 2150 1304 2171 nono.
1326 2153 1339 2167 n

1280 2309 1400 2337 2923
1699 2308 1830 2340 Viterbe,
1844 2309 1877 2335 24
1893 2308 2045 2335 decembre
2058 2308 2135 2334 1235.

1247 2371 1400 2399 Beaeiensi
1417 2371 1550 2405 episcopo
1563 2371 1708 2404 significat
1722 2379 1751 2397 se
1764 2371 1931 2397 Beacicnsis
1945 2371 2084 2397 ecclesiae
2098 2370 2207 2397 limita-

1212 2419 1322 2446 tionem
1337 2420 1518 2447 eonfirmare.
1533 2427 1616 2452 quae,
1634 2427 1689 2445 non
1707 2419 1831 2445 habente
1844 2419 1923 2445 dicta
1938 2419 2058 2445 ecclesia
2071 2439 2077 2449 ,
2092 2421 2208 2452 propter

1212 2467 1276 2494 suiÂ¹
1293 2467 1498 2501 captivitatem
1521 2467 1684 2498 diutinam,
1706 2475 1791 2500 super
1813 2466 1959 2493 limitibus
1979 2475 2047 2493 suae
2068 2466 2208 2492 dioecesis
2251 2490 2254 2493 Î”

1212 2514 1346 2548 legitima
1361 2514 1552 2543 documenta,
1569 2514 1604 2540 de
1622 2514 1759 2540 mandato
1773 2514 1930 2547 apostolico
1946 2521 1995 2547 per
2009 2521 2106 2539 curam
2124 2512 2207 2540 Cala-

1213 2562 1357 2596 gurritani
1371 2564 1399 2588 et
1413 2561 1588 2588 Oxomensis
1600 2561 1798 2595 episcoporum
1811 2564 1838 2587 et
1852 2561 1954 2587 decani
1969 2560 2160 2587 Zanioreusis.
2173 2559 2208 2586 de

1213 2610 1306 2644 ipsius
1322 2609 1490 2636 Beaeiensis
1508 2609 1635 2643 episcopi
1651 2614 1677 2635 et
1701 2609 1912 2643 archiepiscopi
1929 2609 2062 2635 Toletani
2078 2616 2207 2639 assensu,

1215 2658 1292 2684 faeta
1307 2657 1410 2683 fuerat.
1424 2671 1455 2674 â€”
1469 2657 1555 2687 (Hm.
1575 2656 1618 2688 18,
1638 2657 1657 2682 f.
1675 2656 1708 2683 99
1727 2660 1765 2687 Â¹Â²âµ:
1783 2664 1851 2682 ann.
1870 2656 1921 2688 IX,
1936 2664 1960 2682 c.
1977 2656 2050 2685 351.)

1258 2767 1272 2782 Ï„Î¹
1289 2778 1310 2784 ..
1327 2757 1480 2784 Beaciensi
1503 2757 1644 2792 episcopo.
1665 2755 1745 2785 Cum
1761 2763 1777 2784 a
1793 2754 1886 2783 nol-is
1900 2771 1947 2782 â€”.
1968 2755 2040 2783 Dat.
2055 2753 2208 2787 Yiterbii.

1215 2807 1315 2837 VIIII
1330 2806 1487 2836 kalendas
1500 2807 1658 2845 januarii,
1677 2815 1762 2835 anno
1779 2814 1873 2834 nono.
1895 2817 1908 2831 Î¹

1251 2930 1272 2955 l.
1287 2931 1318 2954 Id
1334 2933 1372 2954 etl
1388 2929 1519 2954 ecclesiae
1535 2929 1700 2953 Beaeiensis.
