2423 3487
152 306 209 337 363
876 296 1115 328 REGISTRES
1137 294 1193 323 DE
1216 287 1438 324 GREGOIRE
1460 295 1518 324 IX.
2189 291 2246 322 364

153 373 241 401 ditus
258 371 295 400 de
312 367 675 406 Dewrelquinston[ia],
694 375 756 404 que
777 366 810 394 in
827 362 1073 395 Sarcsberiensi
1091 361 1158 390 dio-

153 424 221 454 cesi
240 422 378 453 ecclesia
395 420 657 451 Cenomanensis
673 418 830 453 habebat,
853 417 892 446 ad
914 425 995 454 opus
1011 422 1157 453 quorun-

153 477 226 505 dam
271 474 503 511 religiosorum
542 471 733 501 intenderes
773 478 961 508 comparare
981 491 986 501 ‚
1027 467 1159 496 demum

153 528 293 557 dilectus
325 526 413 555 tilius
443 525 631 562 Stephanus
660 523 698 553 de
726 523 863 556 Arenis,
896 519 1158 552 Cenomanensis

155 579 345 610 canonicus.
365 578 405 607 ad
419 577 643 615 Apostolicam
660 576 776 606 Sedem
797 575 967 609 accedens,
986 572 1160 603 venerahi-

153 634 194 662 lis
212 632 325 661 fratris
338 631 442 660 nostri
461 653 480 658 ..
499 629 643 668 episcopi
660 633 690 659 et
707 628 844 666 capituli
857 626 1161 658 Cenomanensium

153 684 264 715 attulit
282 684 411 713 litteras
432 683 640 712 continentes
662 681 747 720 quod
768 684 964 718 potestatem
981 679 1045 708 sibi
1062 686 1161 715 super

153 738 213 767 hoc
231 736 413 775 plenariam
431 739 459 765 et
480 735 620 764 liberam
642 734 846 767 tribuerunt,
870 736 1057 762 asserentes
1075 730 1162 769 quod

153 791 226 819 ideo
243 789 395 819 volebant
418 788 559 817 vendere
581 786 781 825 supradicta.
807 789 842 815 ut
863 795 900 815 ex
924 793 1037 814 eorum
1055 784 1161 822 pretio

152 842 305 872 utiliores
322 841 550 879 possessiones
567 844 597 870 et
618 839 767 869 redditus
790 839 999 877 acquirerent
1023 837 1161 867 ecclesie

153 898 345 925 memorate.
368 894 407 923 Et
430 893 562 922 tandem
588 892 623 921 in
646 891 812 929 presentia
835 890 946 920 dilecti
970 889 1031 918 filii
1056 888 1162 919 nostri

154 947 300 987 E[gidii],
322 948 517 977 Sanctorum
539 946 655 976 Cosme
680 949 708 974 et
730 944 885 974 Damiani
906 944 1038 973 diaconi
1054 943 1161 973 cardi-

154 1000 252 1035 nalis,
267 1000 360 1038 cujus
378 998 584 1037 providentie
602 998 771 1035 negotium
789 997 942 1026 duximus
957 996 1162 1025 committen-

154 1053 243 1087 dum,
264 1055 465 1082 memoratus
482 1051 674 1085 canonicus,
693 1049 919 1088 procuratorio
939 1049 1072 1078 nomine.
1094 1049 1163 1078 dic-

154 1110 262 1135 torum
279 1104 425 1143 episcopi
442 1108 472 1133 et
490 1103 637 1142 capituli,
662 1103 891 1141 possessiones
914 1111 987 1131 cum
1008 1101 1163 1131 omnibus

153 1158 366 1197 pertinentiis
397 1158 467 1187 suis
496 1161 526 1187 et
556 1156 741 1187 redditibus
772 1155 987 1194 supradictis,
1016 1155 1075 1184 tibi
1105 1164 1163 1192 pro

154 1211 409 1250 quadringentis
432 1210 528 1240 libris
552 1210 699 1240 vendidit
724 1209 996 1247 sterlinguorum,
1020 1208 1105 1237 sicut
1128 1208 1162 1236 in

153 1264 275 1294 litteris
301 1263 481 1293 cardinalis
506 1263 612 1300 ipsius
640 1262 773 1300 plenius
798 1262 988 1291 continetur
1012 1278 1061 1289 —.
1088 1261 1162 1290 Dat.

153 1317 310 1350 Viterhii,
330 1316 442 1346 idibus
460 1315 586 1354 aprilis,
608 1324 694 1345 anno
711 1315 849 1345 decimo.
870 1327 882 1340 n

226 1521 350 1549 3110

190 1584 422 1618 Arehiepiscopo
444 1583 622 1616 Turonensi,
644 1583 679 1609 de
703 1583 804 1609 eadem
828 1591 858 1609 re
880 1582 1026 1614 scribens,
1044 1583 1167 1609 mandat

158 1635 303 1667 quatenus
317 1632 472 1666 provideat
488 1632 563 1665 quod
580 1632 614 1658 de
631 1634 691 1658 tota
706 1631 759 1658 illa
774 1631 901 1665 pecunia
916 1631 992 1657 aliae
1008 1631 1166 1665 possessio-

722 1521 859 1553 Viterbe,
874 1521 908 1547 26
924 1521 1000 1547 avril
1015 1520 1093 1547 1236.

157 1690 208 1708 nes
224 1689 275 1715 per
296 1681 412 1707 eosdem
432 1680 601 1715 episcopum
626 1683 653 1706 et
674 1680 839 1714 capitulum
862 1680 1110 1711 Cenomanenses,
1132 1680 1167 1706 de

156 1730 250 1764 ipsius
265 1729 480 1763 archiepiscopi
495 1728 628 1761 consilio,
644 1728 680 1755 ad
695 1736 766 1762 opus
781 1728 922 1754 eeclesiae
933 1728 1168 1755 Cenomanensis

156 1780 303 1806 emantur.
316 1793 347 1795 —
359 1778 445 1808 (Bm.
459 1777 503 1810 18,
517 1778 536 1803 f.
550 1777 601 1803 116
613 1780 652 1809 r⁰;
666 1785 735 1803 ann.
747 1777 785 1809 X,
799 1785 823 1803 0.
836 1777 927 1808 46;-
942 1777 1166 1807 Momm-1191,

156 1828 176 1854 f.
194 1827 251 1858 39.)

198 1954 210 1967 «
235 1966 253 1970 ..
278 1942 506 1978 archiepiscopo
528 1941 706 1969 Turonenst.
733 1940 815 1970 Cum
842 1940 1044 1970 venerabilis
1065 1941 1168 1971 frater

155 2011 203 2022 ——.
223 1994 296 2023 Dat.
313 1993 469 2026 Viterhii,
490 1994 536 2023 VI
551 1992 711 2022 kalendas
729 1993 819 2026 maii,
839 2002 926 2022 anno
942 1993 1081 2023 decimo.
1102 2006 1114 2019 n

227 2203 281 2231 31
295 2204 313 2230 1
326 2204 345 2231 1
724 2203 856 2236 Viterbe,
873 2204 907 2231 26
923 2205 999 2231 avril
1016 2205 1095 2232 1236.

192 2267 225 2292 ln
242 2266 367 2292 eundem
389 2267 448 2292 fere
472 2265 592 2291 modum
612 2265 756 2299 scriptum
776 2268 819 2292 est
835 2287 852 2292 ..
870 2267 989 2300 episcopo
1003 2269 1027 2292 et
1048 2268 1169 2301 capitulo

156 2314 414 2345 Cenomanensibus,
432 2316 462 2340 ut
479 2313 653 2347 prmideant
670 2314 704 2339 de
721 2313 832 2340 eodem.
848 2315 916 2341 Dat.
934 2317 965 2341 ut
980 2324 1077 2349 supra.

227 2522 347 2550 3112

194 2584 356 2617 Potestati,
383 2584 506 2611 consilio
529 2586 558 2611 et
580 2584 733 2611 communi
759 2584 892 2611 Sutrinis
913 2586 1047 2612 coneedit
1064 2588 1112 2619 ut,
1134 2587 1170 2613 ad

159 2634 377 2668 reparationem
397 2633 495 2667 pontis
509 2635 578 2660 ante
598 2635 712 2667 portani
735 2632 868 2659 civitatis
889 2636 915 2660 et
937 2634 1003 2661 viae
1023 2634 1170 2668 publicae,

157 2682 301 2716 quaedam
330 2681 454 2716 pedagia
478 2689 570 2715 usque
595 2681 631 2708 ad
659 2681 823 2708 triennium
852 2681 967 2715 exigere
992 2683 1116 2716 possint.
1139 2698 1171 2702 —-

156 2730 243 2762 (Rae.
261 2729 309 2761 18,
328 2730 348 2756 f.
363 2729 414 2756 146
433 2732 473 2761 r‘';
491 2737 560 2756 ann.
578 2729 618 2762 X,
636 2737 661 2756 e.
679 2729 729 2761 473
748 2744 779 2747 —
794 2729 1077 2763 Ρο1111Α511Ο153.)

727 2522 860 2553 viterbo,
878 2522 911 2549 ‘28
925 2523 1001 2550 avril
1018 2524 1096 2551 1236.

200 2857 212 2870 «
228 2844 276 2883 [..]
292 2845 445 2882 pouvstati.
462 2845 591 2873 consilio
610 2850 634 2873 et
651 2845 811 2873 communi
827 2845 979 2873 Sutrinis.
1002 2845 1085 2875 Cum
1107 2855 1172 2875 non

158 2897 264 2935 possit
282 2914 330 2925 —.
350 2896 432 2926 Cum
447 2896 561 2933 igitur,
581 2896 666 2926 sicut
685 2905 721 2925 ex
740 2900 832 2934 parte
850 2901 958 2926 vestra
975 2897 1037 2926 suit
1055 2907 1173 2936 propo-

159 2949 259 2979 situm
278 2957 387 2978 coram
404 2948 511 2983 nobis,
530 2952 628 2986 ponte
644 2953 719 2978 ante
735 2952 861 2986 portam
878 2949 1023 2978 civitatis
1039 2950 1173 2989 [vestre]

1240 359 1417 395 destructo,
1443 364 1574 398 propter
1596 360 1787 398 frequentes
1814 358 2049 388 inundationes
2073 366 2244 396 aquarum,

1242 413 1383 442 transire
1402 417 1567 451 nequeant
1585 412 1701 442 exinde
1719 411 1898 449 peregrini,
1922 415 1951 440 et
1973 415 2037 440 tam
2061 411 2148 440 idem
2164 418 2247 448 pons

1242 474 1341 503 quam
1357 469 1459 494 strata
1478 464 1609 502 publica
1630 464 1838 502 reparatione
1856 463 2006 501 indigere
2023 467 2189 497 noscatur,
2208 462 2249 492 ad

1242 526 1341 556 quam
1362 517 1493 554 proprie
1517 517 1611 546 vobis
1635 525 1697 546 non
1725 520 1901 554 suppetunt
1926 515 2116 549 facultates.
2137 519 2249 553 utpote

1241 569 1371 607 magnis
1390 569 1510 599 debitis
1529 569 1694 603 oneratis,
1718 569 1813 598 nobis
1836 568 2008 598 humiliter
2034 567 2248 606 supplicastis

1241 625 1287 657 ut,
1306 630 1380 651 cum
1397 622 1502 659 parati
1519 622 1593 651 sitis
1610 621 1799 660 relinquere
1816 621 1897 662 duos
1915 621 2079 655 denarios,
2098 621 2155 659 qui
2171 620 2250 650 hac-

1244 679 1339 704 tenus
1359 674 1398 703 ab
1420 674 1666 712 hospitantibus
1687 674 1720 703 111
1747 674 1851 710 burgo
1878 677 1986 703 vestro
2009 682 2066 711 pro
2086 672 2250 702 stallatico

1243 731 1487 757 consueverunt
1501 726 1618 761 exolvi,
1633 730 1661 756 et
1678 731 1813 756 stratam
1828 735 1885 764 per
1899 726 2086 755 districtum
2103 729 2251 755 vestrum

1242 784 1352 810 vestro
1375 779 1522 818 periculo
1541 780 1724 809 custodire.
1747 779 1929 817 reeipiendi
1950 787 2054 807 unum
2077 777 2251 808 denarium

1244 836 1379 862 senatus
1394 841 1411 862 a
1428 832 1570 869 singulis
1589 831 1769 870 equitibus.
1789 836 1817 861 et
1836 840 2011 860 senensem
2030 840 2133 859 unum
2155 840 2172 860 a
2195 839 2251 868 pe-

1243 885 1368 915 ditibus
1390 885 1641 915 transeuntibus
1667 884 1760 919 inde,
1788 894 1844 922 pro
1865 883 2072 921 reparatione
2088 883 2252 921 predicto-

1244 947 1318 967 rum
1334 938 1443 975 pontis
1458 942 1488 967 et
1505 942 1605 967 strate
1623 946 1658 967 ac
1673 938 1779 975 ipsius
1793 941 1894 966 strate
1906 936 2065 971 custodia,
2084 945 2252 974 perquam

1245 995 1456 1020 transeuntes
1473 1000 1530 1028 pro
1550 991 1713 1020 conductu
1733 989 1903 1027 oportebat
1921 989 2048 1018 solvere
2065 997 2131 1018 non
2147 988 2253 1018 modi-

1245 1053 1317 1074 cam
1339 1044 1478 1082 pecunie
1503 1044 1739 1082 quantitatem.
1762 1042 1933 1072 licentiam
1955 1042 2049 1072 vobis
2073 1041 2253 1071 concedere

1246 1097 1471 1135 dignaremur.
1488 1096 1618 1126 Vestris
1639 1096 1751 1134 itaque
1769 1095 2068 1133 supplicationibus
2086 1093 2252 1129 inclinati,

1246 1150 1339 1180 vobis
1360 1150 1523 1188 premissa
1549 1149 1750 1179 facientibus
1771 1148 1942 1178 licentiam
1965 1156 2071 1186 usque
2093 1147 2134 1177 ad
2151 1147 2254 1177 trien-

1246 1204 1340 1233 nium
1357 1203 1570 1232 concedimus
1587 1201 1786 1240 postulatam
1801 1211 1806 1236 ς
1824 1201 1870 1229 ita
1887 1200 2056 1229 dumtaxat
2073 1199 2159 1238 quod
2176 1208 2194 1229 a
2209 1199 2255 1229 fa-

1247 1257 1435 1286 miliaribus
1456 1256 1578 1286 nostris
1593 1259 1622 1285 et
1637 1255 1777 1284 fratrum
1794 1263 1829 1284 ac
1843 1253 2036 1284 officialium
2051 1257 2252 1288 nostrorum,

1247 1310 1408 1340 Romanis
1425 1318 1555 1348 quoque
1573 1318 1609 1338 ac
1633 1308 1811 1346 religiosis,
1839 1312 1869 1337 et
1889 1307 2057 1336 universis
2081 1306 2120 1336 de
2145 1306 2255 1336 Patri-

1247 1363 1359 1393 monio
1377 1362 1481 1392 nichil
1499 1362 1632 1400 penitus
1655 1361 1816 1398 exigatur.
1840 1359 1933 1394 Nulli
1956 1368 2032 1397 ergo
2055 1376 2103 1388 —.
2125 1359 2159 1389 Si
2180 1359 2255 1397 quis

1249 1421 1359 1446 autem
1377 1433 1426 1444 —.
1444 1416 1518 1445 Dat.
1535 1414 1694 1448 Yiterbii,
1716 1414 1782 1443 IIII
1801 1412 1960 1442 kalendas
1979 1412 2074 1446 maii,
2094 1420 2180 1441 anno
2200 1411 2256 1441 de-

1249 1470 1345 1499 cimo.
1368 1481 1380 1494 »

1321 1688 1374 1716 31
1387 1688 1442 1715 13
1815 1685 1953 1717 Yiterbe,
1970 1683 2004 1710 28
2017 1683 2186 1710 avril1236.

1287 1747 1477 1785 S[tephano],
1497 1749 1527 1775 in
1544 1748 1714 1783 episcopum
1739 1747 1972 1774 Ulixbonensem
1992 1747 2094 1778 electe,
2111 1745 2260 1779 signifieat

1249 1809 1279 1826 se
1294 1799 1459 1834 providisse
1472 1801 1503 1825 ut
1515 1798 1546 1824 in
1558 1797 1695 1824 omnibus
1709 1796 1815 1830 quibus
1830 1804 1879 1830 per
1895 1803 1992 1829 regem
2007 1794 2196 1828 Portugaliae
2208 1796 2260 1821 aut

1250 1848 1389 1874 officiales
1405 1847 1467 1881 ejus
1482 1847 1577 1873 fuerat
1591 1845 1744 1880 spoliatus,
1762 1844 1788 1871 ei
1806 1852 1855 1878 per
1869 1843 2066 1870 restitutionis
2082 1842 2258 1869 beneficium

1250 1898 1448 1924 succurratur.
1466 1898 1495 1922 et
1508 1895 1673 1921 decrevisse
1685 1893 1896 1927 inquirendum
1912 1893 1947 1919 de
1960 1892 2098 1920 erunibus
2110 1891 2260 1926 pertinen-

1250 1945 1329 1972 tibus
1345 1945 1381 1971 ad
1396 1952 1563 1979 processum
1581 1943 1659 1970 inter
1675 1943 1772 1976 ipsum
1785 1943 1911 1968 electum
1927 1944 1953 1967 et
1973 1941 2118 1967 decanum
2137 1939 2260 1967 Ulixbo-

1251 2002 1372 2021 nensem
1385 2001 1470 2027 super
1482 1992 1575 2026 ipsius
1589 1991 1733 2018 electione
1745 1994 1890 2017 exortum.
1907 2005 1938 2007 —
1951 1990 2037 2022 (nno.
2055 1988 2098 2021 18,
2115 1989 2134 2015 f.
2152 1988 2203 2015 146
2219 1991 2260 2020 1·“;

1251 2051 1320 2070 ann.
1338 2043 1377 2075 X,
1395 2051 1419 2069 e.
1437 2042 1487 2074 483
1504 2056 1534 2059 —
1552 2042 1590 2067 et'.
1605 2047 1701 2072 supra,
1720 2048 1747 2066 0.
1765 2039 1845 2068 2157.
1863 2039 1931 2065 ‘2174
1949 2041 1976 2065 et
1992 2037 2085 2068 2476.)

1293 2170 1305 2184 «
1324 2157 1509 2197 spepltano]
1538 2157 1571 2184 in
1595 2156 1764 2193 episcopum
1791 2152 2046 2191 t'li.rt›0ne›1s[em]
2065 2160 2120 2189 pet·
2137 2160 2263 2180 venera-

1252 2212 1339 2240 bilem
1354 2212 1483 2247 fratrem
1502 2214 1640 2238 nostrum
1659 2231 1680 2236 ..
1701 2208 1964 2244 archiepiscopum
1988 2205 2261 2242 Composeetlanum

1252 2265 1351 2293 electo.
1371 2263 1539 2292 Accedens
1557 2261 1596 2291 ad
1618 2260 1736 2291 Sedem
1758 2259 1984 2297 Apostolicam
2005 2258 2039 2287 10
2057 2261 2171 2287 nostra
2188 2265 2264 2295 pro-

1251 2315 1394 2355 posuisti
1420 2314 1589 2353 presentia
1610 2313 1812 2343 constitutus
1830 2311 1932 2350 quod,
1951 2320 2037 2347 cum,
2055 2311 2086 2341 J.
2105 2308 2262 2344 Falberfi,

1252 2369 1331 2399 olim
1347 2367 1570 2399 [lixbonensi
1589 2366 1703 2396 electo.
1724 2365 1879 2396 electioni
1896 2364 1934 2394 de
1952 2372 1986 2394 se
2005 2363 2091 2393 facte
2109 2362 2144 2392 in
2160 2361 2264 2391 mani-

1252 2422 1314 2452 bus
1337 2421 1541 2452 venerabilis
1562 2420 1677 2450 fratris
1702 2418 1807 2449 nostri
1831 2441 1850 2447 ..
1876 2415 2136 2455 Compostellani
2154 2414 2265 2445 archi-

1253 2474 1418 2513 episcopi,
1436 2473 1499 2503 loci
1516 2471 1777 2511 metropolitani,
1797 2471 1947 2505 cedente,
1968 2468 2150 2508 capitulum
2168 2466 2266 2498 Ulix-

1252 2527 1412 2557 bonensis
1432 2526 1570 2556 ecclesie
1586 2529 1782 2564 potestatem
1799 2522 1993 2562 providendi
2010 2521 2117 2552 eidem
2133 2520 2172 2551 de
2189 2528 2265 2558 per-

1254 2589 1335 2611 sona
1358 2580 1488 2615 idonea,
1514 2588 1577 2618 que
1605 2582 1691 2609 esset
1714 2578 1752 2607 de
1779 2576 1905 2615 gremio
1929 2575 2037 2614 ipsius
2060 2573 2211 2608 ecclesie,
2229 2572 2265 2601 10

1254 2634 1379 2664 dictum
1396 2633 1683 2671 archiepiscopum
1702 2630 1964 2665 transtulissent,
1982 2629 2072 2658 idem
2086 2626 2266 2665 archiepis-

1255 2695 1366 2725 copus,
1387 2686 1551 2725 inquisita
1569 2685 1662 2723 prius
1679 2684 1717 2714 de
1735 2688 1791 2714 tua
1807 2682 1963 2717 scientia,
1984 2681 2052 2710 vita
2069 2684 2099 2710 et
2116 2678 2265 2709 moribus

1254 2739 1386 2778 plenius
1401 2739 1551 2774 veritate,
1570 2738 1603 2767 in
1624 2738 1814 2776 episcopum
1836 2739 1866 2765 te
1884 2728 2146 2765 Ulixbonensem
2166 2731 2268 2769 elegit

1255 2795 1286 2821 et
1305 2791 1500 2822 electionem
1525 2791 1563 2820 de
1584 2794 1613 2820 te
1637 2790 1758 2819 factam
1782 2786 2022 2817 nichilominus
2045 2777 2267 2815 confirmavit.

1256 2844 1405 2882 Cumque
1426 2849 1472 2877 111,
1500 2844 1540 2873 ad
1563 2842 1737 2873 ecclesiam
1758 2841 1864 2879 ipsam
1887 2839 2025 2869 veniens
2046 2842 2077 2868 et
2094 2837 2265 2875 episcopa-

1254 2896 1338 2925 lium
1365 2905 1477 2926 rerum
1504 2895 1751 2934 possessionem
1777 2894 1926 2931 adeptus,
1953 2891 2078 2920 ibidem
2100 2888 2265 2927 receperis

1256 2949 1480 2979 obedientiam
1505 2948 1730 2981 subditorum,
1755 2945 1961 2985 postmodum
1989 2943 2029 2973 ad
2049 2941 2268 2972 karissimum
