2519 3518
139 296 212 325 1177

204 364 324 391 4827
631 367 751 399 Latran,
768 368 802 394 26
817 368 976 395 novembro
992 369 1070 395 1238.

171 426 266 453 Fratri
282 427 451 456 willelmo.
466 427 513 463 [de
528 429 630 455 ordine
646 429 823 465 Minorum,]
838 431 1066 464 paeninsntiario
1080 440 1142 462 suo,

138 475 259 502 mandat
282 479 427 509 quatenus
449 477 667 511 redemptiones
687 481 820 505 votor-um
843 487 914 512 quas
936 487 985 513 por
1005 478 1140 505 abbatem

136 523 238 550 ΒΘΗ-’16
257 525 356 551 Villae
373 533 407 552 ac
422 526 542 552 Petrum
561 526 596 552 ‹lc
617 527 796 559 Pliilistiim,
817 527 852 553 de
867 527 966 553 eodem
991 527 1140 554 Minorum

136 572 249 605 ordine,
270 573 300 600 in
322 577 399 601 terra
420 573 613 609 H[umberti],
639 575 752 602 domini
772 576 847 602 Belli
864 576 936 607 Joci,
958 576 1056 609 colligi
1080 576 1142 609 ipse

135 622 225 648 frater
247 621 424 649 NVillelmus
450 623 652 656 mandaverit,
676 623 771 650 eidem
794 624 901 656 nobili,
925 624 953 650 in
976 624 1140 651 subsidium

135 668 254 703 imperii
273 671 436 698 Romaniae
449 672 657 706 proficiscenti,
675 673 764 699 faciat
777 673 932 705 assignari.
946 688 980 691 —
993 673 1080 702 (Rae.
1097 672 1140 704 19,

136 719 156 743 f.
171 717 205 744 60
220 721 264 750 v'';
281 727 350 745 ann.
365 719 438 752 XII,
455 728 480 746 c.
493 720 558 752 317;
574 735 606 738 —
624 720 780 747 Porrnasr
800 720 905 752 10670;
924 736 954 739 —
981 722 1018 747 cf.
1044 728 1140 753 supra,

134 768 164 791 n⁰
179 766 271 797 4219.)

176 879 188 893 «
211 868 318 896 Fratri
347 869 503 903 Willelmo,
525 870 742 906 penitentiario
767 875 880 898 nostro.
911 869 993 899 Cum
1019 868 1140 899 nobilis

133 920 184 948 vir
199 937 249 950 —.
267 921 340 950 Dat.
361 925 397 950 ut
413 930 522 959 supra.
541 931 555 949 )›

201 1105 319 1132 4828

168 1167 259 1194 Uxori
280 1167 402 1194 Roberti
418 1167 453 1194 de
473 1168 597 1195 Tanlaio
617 1168 721 1195 scribit
738 1177 744 1195 ε
767 1177 781 1194 (1
799 1169 873 1196 Cum
891 1168 999 1195 nobilis
1015 1168 1061 1195 vir
1082 1168 1140 1195 Ro-

131 1223 145 1240 »
167 1215 266 1242 bertus
279 1216 314 1242 de
332 1217 466 1249 Tanlaio,
483 1217 529 1243 vir
541 1220 619 1248 tuus,
632 1217 662 1243 in
679 1225 849 1243 succursum
863 1217 982 1251 imperii
996 1216 1140 1243 Romanie

132 1272 146 1289 1)
167 1265 309 1298 receperit
325 1265 442 1298 signum
466 1265 572 1297 crucis,
589 1268 617 1291 et
638 1265 760 1299 dignum
780 1265 889 1291 existat
909 1268 951 1296 ut,
968 1265 1139 1291 interventu

131 1320 144 1337 n
166 1313 270 1347 ipsius,
288 1313 414 1346 gaudeas
430 1313 617 1347 indulgentia
639 1313 772 1348 speciali,
795 1322 846 1339 nos
862 1313 917 1340 tibi
933 1313 1017 1340 illam
1036 1321 1139 1340 conce-

132 1369 146 1387 »
167 1361 265 1387 dimus
279 1361 398 1388 veniam
414 1364 612 1395 peccatorum,
630 1370 685 1395 que
703 1361 791 1388 Terre
809 1361 917 1388 Sancte
934 1361 1140 1388 subvenienti-

131 1417 145 1435 »
166 1409 219 1436 bus
235 1410 266 1436 in
282 1410 412 1443 generali
429 1410 555 1436 concilio
570 1413 613 1437 est
624 1418 771 1436 concessa.
787 1411 943 1441 »—(R12o.
957 1410 1000 1441 19,
1014 1411 1033 1437 f.
1046 1409 1081 1436 60
1093 1413 1137 1442 v⁰;

129 1465 199 1484 ann.
216 1458 284 1489 XII,
299 1466 324 1484 c.
339 1457 414 1488 318.)

628 1107 749 1139 Latran,
766 1107 800 1134 26
814 1106 973 1133 novembre
988 1107 1067 1133 1238.

169 1571 182 1584 «
200 1559 299 1588 Nobili
315 1560 442 1588 'mulieri
462 1581 481 1588 ..
499 1560 592 1588 uxori
607 1560 718 1588 nobilis
734 1560 798 1588 viri
815 1560 931 1588 Roberlt'
946 1560 980 1588 cle
997 1560 1135 1589 Tanlaio.

126 1612 209 1642 Cum
224 1611 346 1642 nobilis
363 1612 414 1641 vir
429 1630 477 1641 —.
497 1613 570 1642 Dat.
587 1617 622 1642 ut
638 1621 749 1650 supra.
769 1625 781 1639 »

195 1796 316 1825 4629

162 1860 296 1893 Hugoni.
318 1859 428 1886 decano
448 1860 589 1886 ecclesiae
605 1860 720 1887 Buccae
735 1860 842 1887 Leonis
858 1860 1134 1895 Constantinopoli—

126 1912 223 1941 tanae,
243 1909 350 1935 clerico
373 1908 527 1941 Balduini,
546 1909 663 1936 heredis
683 1909 803 1943 imperii
821 1909 994 1941 Romaniae,
1015 1911 1133 1937 comitis

126 1957 335 1989 Namucensis,
357 1957 491 1991 indulget
507 1957 594 1991 quod.
618 1966 683 1984 cum
708 1957 853 1984 decanatu
873 1966 934 1989 suo,
958 1958 1007 1991 qui
1031 1967 1130 1985 curam

127 2006 253 2033 habebat
273 2006 440 2033 animarum
462 2014 621 2038 annexam,
647 2006 728 2033 aliud
752 2006 927 2033 beneficium
951 2016 1017 2033 cum
1039 2007 1132 2034 simili

125 2063 195 2081 cura
211 2055 340 2088 recipere
355 2055 463 2081 valeat.
477 2069 512 2072 —
526 2055 612 2086 (Rea.
630 2054 673 2086 19,
691 2056 711 2081 f.
729 2054 763 2081 60
776 2059 820 2086 v⁰;
842 2063 912 2081 ann.
931 2055 999 2085 XII.
1016 2064 1040 2082 c.
1059 2055 1134 2087 319.)

620 1799 741 1831 Latran,
758 1798 791 1825 28
807 1799 966 1825 novembre
982 1799 1061 1826 1238.

169 2168 180 2182 ιι
198 2155 345 2195 liaffirini]
357 2157 376 2191 ¹,
390 2156 628 2190 decanoccclesie
639 2156 730 2184 Bucce
740 2156 845 2184 Leonis
856 2155 1135 2194 Constantinopoli-

128 2208 234 2248 tan[e],
255 2210 363 2238 clerico
387 2209 489 2237 dilecti
508 2208 570 2245 filii
592 2208 702 2237 nobilis
729 2209 790 2237 viri
813 2208 996 2247 B[aldu17ni]‚
1018 2210 1136 2239 heredis

131 2263 253 2300 imperii
276 2263 429 2295 Romanie,
450 2263 571 2291 comitis
588 2261 799 2290 Namucensis.
825 2261 1008 2299 Specialem
1036 2262 1134 2292 devo-

129 2315 210 2344 tioni
232 2319 285 2344 tue
308 2331 356 2343 --.
380 2315 452 2344 Dat.
478 2314 645 2344 Laterani.
668 2314 734 2344 IIII
750 2313 910 2344 kalendas
937 2315 1132 2351 decembris,

126 2376 212 2397 anno
231 2367 434 2397 duodecimo.
456 2378 468 2393 »

194 2553 315 2581 483⁰
620 2552 740 2584 Latran,
757 2552 772 2578 4
788 2551 942 2578 decembre
960 2551 1061 2587 [1238].

160 2616 327 2643 Abbatibus
341 2615 376 2642 de
394 2615 536 2642 Chesiaco
552 2616 596 2645 (=
611 2614 764 2644 Cbeziaco)
781 2618 807 2640 et
824 2614 921 2640 Vallis
939 2614 1084 2646 Secretae,
1106 2617 1134 2641 et

126 2665 214 2700 priori
232 2665 267 2691 de
277 2664 430 2696 cheziaco,
444 2663 664 2690 Suessionensis
679 2662 831 2694 dioecesis,
842 2662 963 2689 mandat
978 2666 1133 2696 quatenus,

126 2722 191 2741 cum
210 2722 260 2740 rex
278 2714 442 2743 Navarrae,
457 2720 553 2738 comes
575 2711 767 2745 Campaniae,
789 2715 960 2745 proponeret
981 2711 1012 2738 in
1028 2712 1134 2739 Terrae

130 2762 257 2790 Sanctae
275 2761 440 2788 subsidium
465 2760 622 2795 proficisci,
646 2759 863 2793 redemptiones
883 2762 1016 2786 votorum
1034 2768 1135 2787 cruce-

130 2811 311 2845 signatorum
326 2814 420 2837 terrae
431 2809 561 2843 ejusdem
576 2808 651 2842 regis
663 2808 849 2841 comitisque,
858 2807 946 2834 etiam
959 2808 982 2834 si
995 2808 1063 2835 aliis
1074 2809 1135 2836 sint

163 2924 182 2948 1.
200 2924 238 2948 La
255 2924 342 2948 forme
366 2923 500 2953 complete
525 2923 560 2946 du
582 2929 643 2946 nom
669 2922 702 2945 de
723 2928 753 2945 cc
773 2928 943 2951 personnage
965 2926 1005 2945 est
1028 2922 1135 2946 donnee

129 2969 190 2999 plus
208 2968 275 2996 lofin,
292 2975 340 2998 par
356 2968 394 2990 les
411 2967 502 2997 pieccs
514 2967 574 2990 4669
589 2970 615 2990 et
631 2966 700 2989 4670.

981 295 1202 332 noemmin
1225 296 1383 332 ANNEE.

2154 307 2228 336 1178

1225 377 1388 401 concessae,
1403 374 1431 397 et
1448 371 1664 405 redemptiones
1682 375 1813 399 votorum
1835 373 2103 404 vrutjwfsignahtrum
2127 374 2226 400 scudu-

1225 426 1287 444 rum
1312 419 1385 451 ejus,
1405 419 1564 446 dummodo
1589 421 1657 447 aliis
1683 430 1738 447 non
1764 422 1823 447 sint
1847 430 2009 451 concessae.
2033 423 2175 453 colligant
2200 427 2225 449 vt

1226 467 1335 493 faciant
1348 467 1442 493 cidem
1458 469 1517 501 regi
1530 472 1558 494 et
1570 469 1683 501 comiti,
1697 473 1849 503 postquam
1862 470 1897 495 ad
1910 474 2005 504 partcs
2017 471 2122 497 Terrae
2135 473 2227 497 Sanc-

1225 517 1270 540 tae
1296 515 1457 547 transierit,
1485 516 1639 548 assignari.
1658 531 1689 534 —
1718 518 1804 548 (Rsso.
1828 518 1872 549 19,
1899 519 1918 544 i.
1945 518 1979 544 60
2001 522 2045 549 v”;
2072 527 2141 544 ann.
2160 519 2226 545 ΧΠ.

1223 571 1248 588 c.
1265 562 1333 594 320;
1348 578 1377 581 —
1392 564 1685 596 Pommsr10676*;
1704 580 1734 583 —
1750 566 1787 591 cf.
1805 573 1900 597 supra,
1916 575 1943 592 n.
1959 566 2038 594 2805.
2053 567 2131 594 3195.
2148 567 2226 593 3236.

1223 610 1292 637 3237
1306 615 1331 637 ct
1349 611 1440 642 3475.)

1265 724 1277 738 «
1299 735 1318 740 ..
1337 712 1369 740 de
1387 711 1524 742 Chesictco
1540 719 1566 742 et
1589 713 1702 753 t'allp‘s]
1722 715 1834 743 Set-rete
1857 715 2023 745 abbatibus.
2045 721 2069 744 el
2088 738 2109 743 ..
2130 716 2228 753 priori

1223 764 1256 792 de
1274 765 1428 799 Clzezictco,
1450 766 1674 795 Suessionensis
1696 767 1830 796 diocesis.
1860 767 1942 797 Cum
1962 767 2177 797 karissimum
2193 767 2228 796 in

1223 816 1356 848 Christo
1384 817 1489 847 filium
1515 824 1664 848 nostrum
1690 842 1709 848 ..
1735 819 1899 850 illustrem
1930 829 2039 857 regem
2067 821 2226 850 Navarre.

1223 870 1375 899 comitem
1393 870 1582 908 Campanie.
1604 872 1684 901 adeo
1702 872 1848 909 tetigerit
1864 872 1987 911 injuria
2003 873 2164 907 crucifixi,
2181 878 2226 902 ut.

1222 922 1290 952 zelo
1308 922 1384 952 fidei
1413 927 1443 953 ct
1466 923 1651 953 devotionis
1677 933 1852 959 accensus,
1878 925 2046 963 abnegans
2069 926 2228 964 quodam-

1222 975 1317 1004 modo
1342 976 1555 1013 semetipsum
1579 982 1609 1006 et
1633 986 1690 1006 sua
1716 986 1774 1015 pro
1799 977 1943 1013 Christo,
1966 978 2076 1008 tulerit
2097 987 2226 1008 crucem

1223 1027 1305 1065 ejus,
1326 1032 1360 1057 ut
1379 1028 1484 1066 ipsius
1501 1029 1725 1066 opprobrium.
1747 1031 1829 1068 quo¹
1849 1030 1879 1059 ei
1896 1039 1914 1059 a
1931 1030 2005 1060 fidei
2023 1035 2133 1060 nostre
2149 1031 2227 1060 hos-

1223 1080 1311 1110 tibus
1332 1081 1556 1118 exprobratur,
1582 1082 1610 1111 si
1635 1082 1665 1111 ei
1691 1083 1895 1113 concederet.
1922 1083 2103 1113 vindicaret
2123 1094 2130 1112 :
2148 1084 2227 1122 quia

1222 1133 1359 1171 (lignum
1375 1138 1423 1163 est
1440 1138 1473 1163 ut
1491 1134 1577 1164 idem
1596 1144 1662 1164 rex.
1678 1135 1746 1173 qui,
1766 1136 1851 1165 sicut
1863 1136 2060 1174 accepimus.
2077 1138 2226 1174 proponit

1222 1186 1396 1223 magnifice
1413 1187 1446 1215 111
1463 1187 1562 1216 Terre
1582 1188 1700 1217 Sancte
1722 1188 1909 1217 subsidium
1928 1188 2103 1226 proficisci.
2124 1198 2159 1218 ac
2177 1199 2228 1218 sa·-

1222 1247 1295 1268 cum
1313 1239 1431 1268 ducere
1448 1239 1676 1269 honorabilem
1699 1249 1874 1270 numerum
1898 1241 2104 1270 bellatorum.
2125 1242 2229 1271 alicu-

1219 1292 1274 1331 jus
1293 1292 1524 1322 subventionis
1542 1293 1686 1330 presidio
1704 1293 1884 1328 muniatur,
1901 1294 2097 1324 mandamus
2113 1300 2228 1333 quate-

1221 1353 1296 1379 nus,
1313 1345 1555 1383 redemptiones
1572 1350 1721 1375 votorum
1738 1347 2042 1384 crucesignatorum
2058 1353 2142 1377 terre
2157 1357 2227 1378 sue.

1222 1406 1287 1427 non
1304 1397 1454 1427 obstante
1478 1398 1506 1427 si
1530 1398 1606 1428 aliis
1628 1403 1705 1428 sunt
1724 1407 1889 1435 concesse,
1910 1409 1945 1429 ac
1963 1400 2135 1430 feudorum
2153 1409 2230 1430 suo-

1220 1459 1306 1484 rum.
1325 1460 1388 1489 que
1405 1459 1470 1480 non
1487 1456 1564 1480 sunt
1582 1459 1737 1481 concesse
1756 1451 1844 1487 aliis,
1865 1452 2007 1482 fideliter
2024 1453 2226 1491 colligentes.

1221 1503 1353 1532 faciatis
1385 1503 1474 1541 ipsas
1506 1503 1612 1533 eidem
1640 1504 1721 1541 regi.
1750 1509 1924 1543 postquam
1951 1505 1990 1535 ad
2019 1511 2127 1543 partes
2155 1506 2229 1535 illas

1221 1556 1404 1590 transierit,
1419 1556 1548 1593 integre
1563 1557 1729 1594 assignari
1743 1575 1792 1585 —.
1807 1558 1880 1588 Dat.
1895 1558 2059 1593 Laterani,
2082 1559 2112 1588 II
2126 1568 2229 1588 nonas

1221 1608 1414 1639 decembris.
1435 1622 1446 1635 »

1287 1809 1398 1836 4831

1252 1871 1354 1897 Bellae
1369 1870 1468 1897 Villae
1484 1873 1512 1897 et
1527 1871 1563 1896 de
1578 1871 1650 1904 Jugo
1665 1871 1718 1897 Dei
1739 1871 1905 1903 abbatibus,
1924 1871 2129 1905 Lugdunensis
2143 1872 2220 1898 dioc<

1216 1919 1308 1951 cesis,
1343 1919 1463 1946 mandat
1500 1922 1643 1952 quatenus
1675 1919 1736 1945 illis
1766 1920 1801 1946 de
1829 1919 2043 1946 Matisconensi
2077 1921 2220 1948 dioecesi.

1217 1968 1266 2002 qui
1296 1968 1331 1994 de
1360 1967 1444 1994 bonis
1471 1967 1531 1994 suis
1561 1967 1743 2000 Humberto,
1774 1968 1894 1994 domino
1919 1968 1995 1995 Belli
2020 1969 2097 2000 Joci,
2121 1977 2221 1995 cruce-

1217 2017 1331 2050 signato
1344 2038 1350 2048 ,
1385 2016 1611 2043 subventionem
1645 2016 1675 2042 in
1710 2016 1874 2043 subsidium
1910 2017 2027 2051 imperii
2060 2018 2222 2044 Romaniae

1217 2065 1436 2099 praestiterint,
1468 2065 1551 2091 illam
1581 2068 1765 2098 peccatorum
1794 2065 1912 2091 veniam
1941 2065 2120 2097 concedant,
2149 2074 2222 2099 quae

1217 2114 1438 2141 transeuntibus
1455 2113 1484 2140 in
1502 2114 1607 2140 Terrae
1624 2114 1750 2140 Sanctae
1766 2113 1930 2140 subsidium
1948 2115 1995 2140 vel
2009 2114 2035 2140 ei
2047 2114 2222 2141 subvenien-

1217 2162 1296 2189 tibus
1312 2162 1431 2189 concedi
1447 2162 1484 2188 ab
1497 2162 1630 2188 Ecclesia
1649 2164 1850 2188 consueverat.
1868 2177 1901 2180 —-
1919 2163 2006 2192 (Rm.
2024 2162 2067 2194 19,
2086 2164 2105 2188 f.
2122 2162 2156 2189 60
2174 2167 2221 2191 x·‘':

1217 2220 1286 2238 ann.
1313 2211 1385 2243 ΧΙΙ,
1408 2220 1432 2237 c.
1456 2210 1521 2241 321;
1539 2225 1570 2228 —
1585 2212 1622 2236 cf.
1640 2217 1735 2242 supra,
1750 2219 1779 2236 n.
1796 2210 1865 2237 4219
1881 2214 1908 2237 et
1924 2210 2016 2241 4627.)

1707 1810 1828 1839 Latran,
1845 1811 1879 1836 17
1897 1810 2056 1836 novembre
2072 1810 2149 1836 1238.

1259 2325 1271 2339 «
1291 2335 1312 2341 ..
1330 2313 1406 2341 Belle
1430 2313 1500 2341 title
1522 2317 1548 2341 et
1570 2335 1590 2340 ..
1614 2313 1648 2340 de
1662 2313 1738 2349 ,11190
1763 2313 1812 2340 Dei
1828 2312 1992 2347 abbatibus,
2014 2313 2224 2349 Lngydunensis

1216 2366 1351 2394 diocesis.
1369 2364 1547 2394 Studentes
1563 2364 1621 2394 illa
1635 2364 1789 2403 prosequi
1803 2382 1851 2393 —.
1869 2364 1951 2394 Cum
1964 2365 2068 2402 igitur
2083 2365 2222 2395 dilectus

1216 2418 1306 2447 filius
1322 2417 1444 2447 nobilis
1455 2417 1505 2446 vir
1520 2416 1761 2456 H[umbertus]‚
1779 2417 1933 2447 dominus
1949 2417 2034 2448 Belli
2049 2418 2131 2453 Joci,
2153 2427 2222 2448 cru-

1217 2470 1407 2508 cesignatus
1432 2469 1465 2498 in
1493 2469 1679 2499 subsidium
1706 2470 1839 2508 imperii
1864 2470 2038 2500 Romanie.
2066 2470 2101 2499 in
2129 2470 2223 2500 Albi-

1218 2523 1394 2563 gen{siu1n]
1415 2523 1564 2561 partibus
1581 2532 1638 2561 pro
1662 2523 1792 2560 negotio
1809 2523 1900 2560 pacis
1920 2528 1949 2553 et
1970 2523 2046 2553 fidei
2065 2528 2119 2552 tot.
2138 2523 2221 2553 sicut

1217 2577 1416 2614 accepimus.
1434 2576 1563 2605 labores
1580 2575 1719 2605 subierit
1742 2580 1771 2605 et
1793 2584 1963 2613 expensas,
1986 2580 2021 2604 ut
2038 2584 2103 2605 non
2119 2576 2220 2613 possit

1217 2629 1376 2660 emissum
1400 2634 1510 2658 votum
1530 2628 1658 2666 exequi.
1679 2628 1763 2657 sicut
1790 2637 1848 2657 sue
1871 2628 2025 2666 competit
2042 2628 2196 2666 probitati
2215 2639 2220 2656 z

1218 2692 1289 2715 nos,
1313 2683 1421 2721 ipsum
1444 2682 1608 2719 condigna
1625 2682 1729 2717 gratia
1750 2681 1906 2719 prosequi
1927 2681 2109 2718 cupientes,
2129 2690 2222 2710 man-

1218 2735 1334 2765 damus
1355 2739 1519 2774 quatenus
1542 2733 1610 2763 illis
1635 2733 1674 2763 de
1696 2733 1934 2763 Matisconensi
1956 2733 2090 2762 diocesi.
2111 2733 2222 2771 quide

1218 2788 1314 2818 bonis
1328 2788 1393 2818 sibi
1410 2797 1427 2817 a
1444 2788 1511 2817 Deo
1528 2786 1656 2816 collatis
1672 2786 1758 2815 dicto
1775 2785 1879 2815 nobili
1897 2786 1937 2815 ad
1951 2785 2012 2815 hoc
2031 2785 2223 2815 subventio-

1219 2849 1294 2871 nem
1319 2840 1524 2879 prostiterint
1549 2839 1640 2878 juxta
1674 2839 1822 2877 proprias
1847 2837 2038 2873 facultates,
2067 2838 2221 2872 eandem,

1253 2966 1272 2989 1.
1290 2967 1346 2989 Sic.
