2423 3487
102 313 171 341 1123
818 305 1055 336 nntns'rnsss
1079 303 1132 332 DE
1156 296 1377 333 GREGOIRE
1403 305 1459 333 ix.
2117 301 2191 330 1124

97 380 240 414 episeopo,
257 378 349 412 quoad
365 376 484 407 vixerit,
502 375 730 405 commisissent,
755 374 779 400 si
795 373 830 399 de
855 372 1015 406 apostolica
1037 378 1102 404 pro-

99 428 212 454 cederet
228 426 391 455 voluntate,
405 439 436 442 —
455 423 575 449 mandat
592 424 746 456 quatenus,
763 421 785 447 si
801 421 911 447 eisdem
928 418 1104 446 monasterio

97 479 124 503 οῖ,
152 474 292 509 prioratui
317 473 446 499 viderint
469 471 616 505 expedire,
641 470 735 497 eidem
761 468 942 501 Lingonensi
968 468 1102 501 episcopo

99 523 247 550 licentiam
260 521 391 548 tribuant
407 528 420 545 «
435 519 582 545 retinendi
603 519 748 551 prefatum
763 517 924 551 prioratum
940 515 993 542 sub
1005 523 1103 541 annuo

100 582 112 597 b
134 580 221 598 consu
237 579 260 596 1).
278 584 307 588 —
324 570 409 601 (Rae.
425 568 468 599 19,
485 569 504 594 i.
521 567 553 593 46
568 570 611 597 v⁰;
627 575 696 593 ann.
712 566 780 595 xil,
797 574 821 591 c.
836 565 904 596 23·2;
922 579 954 582 —
970 564 1103 590 MOREAU

98 620 175 648 1192.
193 620 211 645 f.
227 618 301 648 170.)

139 732 152 745 «
185 719 306 752 Carino,
337 717 555 745 archidiacono
583 714 835 747 Cathalatmensi,
861 718 886 742 et
915 712 1047 741 Guidoni
1070 711 1104 740 de

101 772 279 808 vendopera,
305 769 562 804 Cathalczunensi,
585 773 610 796 ec
631 768 779 804 magistro
806 766 938 801 Tebaldo,
967 765 1103 794 Trecensi

96 824 261 853 canonici&
287 822 377 852 Sicut
399 821 510 851 dilecti
536 820 597 849 filii
621 837 669 848 —.
692 820 766 849 Dat.
792 818 955 856 Anagnie,
976 818 1022 848 VI
1045 817 1104 846 ka-

97 876 210 905 luridas
225 874 431 913 septembris,
447 882 533 903 anno
546 872 749 902 duodecimo.
770 884 783 898 »

168 1080 288 1108 450?

134 1143 248 1175 Ottoni,
267 1142 369 1169 Sancti
384 1141 500 1168 Nicolai
520 1141 548 1166 in
567 1140 690 1167 Carcere
705 1139 844 1166 Tulliano
865 1139 988 1165 diacono
1008 1137 1104 1164 cardi-

99 1193 170 1224 nali,
189 1191 376 1225 Apostolicae
393 1189 478 1217 Sedis
495 1190 599 1221 legato,
621 1188 724 1215 scribit
740 1188 775 1214 de
792 1187 884 1213 nobili
901 1187 965 1213 viro
982 1186 1105 1219 Hugone

98 1242 205 1272 XVake‚
223 1248 320 1273 quem,
338 1247 416 1269 cum,
441 1246 555 1264 crucem
578 1237 709 1263 humeris
730 1236 790 1262 suis
810 1236 927 1262 affixam
947 1243 996 1269 per
1013 1234 1105 1261 trien-

99 1290 180 1316 nium
206 1288 322 1322 publice
341 1287 487 1320 bajulans.
505 1286 541 1312 ad
559 1285 614 1311 iter
631 1285 863 1311 transmarinum
887 1284 945 1317 jam
969 1283 1105 1317 accinge-

98 1341 187 1368 retur,
205 1337 235 1363 in
251 1337 310 1362 foro
326 1335 404 1369 regio
418 1343 504 1368 super
522 1334 624 1367 majori
641 1336 722 1367 parte
737 1333 870 1359 omnium
886 1332 1026 1358 bonorum
1043 1340 1106 1357 suo-

98 1396 174 1417 rum,
191 1386 226 1412 de
240 1385 346 1419 quibus
363 1384 506 1410 nonnulla
519 1384 579 1416 jam
597 1383 719 1408 duxerat
738 1380 966 1415 praemittenda,
984 1380 1104 1413 quidam

98 1434 296 1469 impetebant;
325 1435 441 1466 propter
467 1431 542 1465 quod
573 1431 633 1457 voti
660 1430 792 1463 ejusdem
824 1429 931 1455 nobilis
957 1428 1106 1454 exsecutio

677 1077 806 1111 Anagni,
822 1077 856 1104 28
872 1076 1031 1103 aot1t1238.

96 1484 217 1510 omnino
234 1481 469 1516 impcdiebatur3
487 1481 564 1507 unde
586 1480 610 1506 ei
634 1479 756 1505 mandat
777 1481 921 1512 quatenus
944 1481 1004 1504 tam
1028 1477 1106 1511 apud

98 1539 193 1565 regem
211 1529 337 1563 Angliao
352 1537 438 1562 quam
456 1528 534 1562 apud
547 1527 677 1560 ejusdem
696 1526 804 1552 nobilis
818 1524 1000 1551 :invemat-ios
1013 1524 1107 1550 effica-

97 1580 170 1606 citer
194 1578 334 1609 elaboret,
358 1579 390 1603 ut
416 1577 510 1603 eidem
538 1583 552 1600 (‹
576 1575 610 1601 ad
638 1574 818 1601 reddendum
851 1573 977 1600 Domino
1004 1575 1105 1599 votum

99 1637 111 1652 1)
133 1635 217 1653 51111111
236 1628 436 1659 competentes
458 1624 573 1651 indutie
589 1623 787 1649 concedantur
805 1630 833 1653 »3
855 1622 931 1655 quod
952 1621 976 1647 si
997 1621 1032 1647 ad
1054 1622 1107 1647 boc

98 1676 174 1703 flecti
193 1677 340 1708 nequeant
356 1675 402 1700 vel
420 1673 533 1705 induci,
551 1672 692 1699 concedat
706 1672 800 1698 eidem
819 1670 923 1701 nobili,
941 1672 968 1696 et
990 1670 1051 1696 illis
1071 1669 1107 1696 de

97 1724 227 1757 ejusdem
247 1723 375 1753 familia,
393 1723 441 1756 qui
459 1722 575 1755 signum
594 1720 699 1749 crucis,
720 1720 850 1753 ejusdem
871 1718 994 1749 intuitu,
1009 1726 1107 1744 susce-

100 1772 206 1806 perint,
225 1771 377 1797 licentiam
396 1773 496 1796 votum
515 1768 760 1803 peregrinationis
777 1767 877 1793 taliter
890 1766 1106 1797 commutandi,

99 1825 130 1847 ut
150 1820 227 1846 idem
258 1819 365 1845 nobilis
391 1820 618 1851 competentem,
644 1817 679 1843 ad
708 1816 800 1849 ipsius
826 1815 914 1849 legati
937 1815 1106 1847 arbitrium,

97 1878 109 1894 (1
131 1870 215 1902 juxta
241 1869 396 1894 facultates
417 1875 494 1899 suae,
518 1867 591 1892 illue
614 1866 715 1892 mittat
738 1873 893 1891 numerum
918 1864 1106 1896 bellatorum,

99 1928 111 1943 »
133 1920 161 1943 et
181 1917 232 1943 alii
258 1915 419 1949 supradicti
441 1923 542 1941 omnes
565 1922 707 1947 expensas
730 1922 801 1947 quas
822 1915 918 1939 esseut
940 1912 1045 1943 eundo,
1063 1921 1108 1938 re—

100 1978 112 1992 >ι
134 1968 249 1994 deundo
266 1970 293 1993 et
311 1966 450 1992 morando
468 1965 586 1994 facturi,
605 1964 812 1990 transmittant
832 1971 881 1997 per
901 1971 1005 1989 manus
1026 1963 1108 1989 illius

100 2026 112 2041 ιι
134 2025 218 2050 quem
236 2024 248 2040 n
267 2015 327 2048 ipse
345 2015 456 2047 legatus
472 2013 591 2039 duxerit
604 2013 639 2039 ad
659 2013 710 2038 boe
727 2011 942 2045 deputandum,
961 2018 973 2035 α
996 2011 1024 2037 111
1043 2010 1108 2038 sub-

99 2075 112 2089 »
134 2065 241 2091 sidium
258 2064 345 2090 Terre
363 2063 481 2093 Sancte,
499 2070 531 2087 ac
546 2061 619 2087 alias
635 2061 761 2087 laborem
781 2060 898 2086 itineris
912 2060 1031 2093 pietatis
1043 2068 1108 2093 ope-

100 2123 112 2137 υ
135 2113 214 2139 ribus
229 2113 468 2145 reconlpensenm
488 2110 608 2144 prestita
630 2117 716 2143 snper
734 2110 786 2135 lwt-
802 2109 838 2135 ab
859 2109 930 2142 ipsis
949 2108 1108 2134 sutiieienti

100 2171 112 2186 ι)
134 2165 161 2188 οῖ,
178 2162 278 2188 idonea
298 2160 448 2190 cautione;
467 2159 548 2185 illan]
568 2157 786 2189 indulgentiam
806 2157 947 2184 habituri.
961 2156 1108 2190 (1110111110-

99 2220 111 2235 »
133 2209 266 2236 rantibus
288 2209 317 2235 iu
340 2208 469 2242 ejusdem
493 2208 580 2234 Terre
605 2207 714 2233 Sancte
735 2205 912 2236 subsidium,
931 2205 960 2231 in
979 2205 1107 2236 generali

98 2268 111 2283 „
133 2258 258 2285 concilio
286 2260 328 2283 est
363 2264 513 2287 eoncessa;
548 2258 609 2286 aut,
644 2255 667 2281 si
704 2254 876 2285 maluerint,
908 2254 1039 2280 indutias
1067 2253 1108 2279 eis

100 2316 112 2331 υ
135 2306 307 2333 transeundi
325 2314 415 2338 usque
429 2305 463 2331 ad
482 2304 691 2330 diffinitionem
709 2302 878 2336 hujusmodi
894 2302 1002 2335 negotii
1022 2310 1034 2326 1)
1048 2302 1108 2335 ipse

99 2357 210 2385 natatus
225 2354 376 2387 largiatur.
396 2368 427 2370 ——
441 2354 527 2383 (11130.
547 2352 590 2383 19,
609 2354 627 2378 l'.
646 2352 678 2378 ›1ss
693 2355 739 2383 v'’;
757 2359 826 2377 ann.
844 2351 912 2383 XII,
930 2359 953 2377 e.
972 2350 1046 2381 233.)

139 2468 152 2481 (t
181 2454 318 2493 0[tto›1t],
344 2455 449 2483 Sancti
470 2454 586 2483 Nicoma·
612 2454 643 2481 rin
670 2454 794 2481 Carcere
820 2452 961 2480 Tulliano
984 2452 1109 2480 illaesum

98 2509 265 2542 sarcinati,
290 2508 453 2544 apostolice
478 2507 562 2535 Sedis
582 2507 687 2543 qualo.
711 2505 821 2535 Nimis
847 2508 997 2542 patenter
1020 2504 1109 2542 inju-

99 2560 178 2590 riari
197 2578 246 2588 -.
270 2561 342 2589 Dat.
370 2559 533 2596 Anagnie,
560 2559 589 2588 V
610 2557 770 2588 kalendas
795 2557 1003 2595 septembris,
1023 2565 1109 2586 anno

99 2613 303 2643 duodecimo.
325 2625 336 2638 »

172 2810 289 2838 4508

138 2872 281 2905 Episcopo
307 2872 428 2903 Sorano,
454 2871 613 2905 apastolieo
636 2871 741 2903 legate,
768 2870 890 2897 mandat
913 2872 1057 2904 quatenus
1080 2869 1109 2895 111

681 2809 810 2843 Anagni,
828 2809 862 2835 ‘28
878 2808 1038 2835 aout1238.

104 2929 190 2946 causa
210 2920 287 2946 inter
311 2920 564 2953 arehiepiscopum
586 2919 821 2950 Narb‹1›nensein,
846 2927 880 2944 ex
900 2921 981 2952 parte
998 2926 1066 2950 una,
1084 2923 1109 2944 et

105 2969 229 3002 priorem
245 2976 277 2994 ac
296 2969 455 2995 monachos
478 2968 647 2994 monasterii
666 2968 840 3000 Eleetensis,
858 2975 891 2993 ex
907 2968 1009 2999 altera,
1027 2975 1112 3001 super

1188 370 1287 396 eodem
1305 371 1481 397 monasterio
1495 373 1595 397 exorta,
1610 370 1757 404 procedat,
1770 372 1798 396 et
1812 369 2054 403 compositionem
2068 377 2085 395 a
2097 368 2192 394 Vien-

1188 419 1271 445 nensi
1288 419 1509 453 archiepiscopo
1525 419 1554 445 in
1572 419 1672 445 eadem
1692 426 1779 445 eausa
1797 418 1916 450 initam,
1934 426 1990 444 non
2008 417 2189 451 publicatam

1187 467 1223 493 ab
1238 475 1280 498 00,
1296 467 1344 493 sed
1362 467 1397 493 ad
1421 467 1527 493 Sedem
1543 466 1744 500 Apostoiiean]
1768 466 1986 498 transmissam,
2007 466 2055 492 vel
2076 467 2192 491 revocet

1187 516 1234 541 vel
1258 515 1348 542 faciat
1364 515 1524 547 observari,
1544 517 1629 549 prout
1646 515 1702 548 ipsi
1724 514 1859 548 episcopo
1876 514 1954 541 idem
1979 513 2191 540 monasterium

1186 564 1221 591 ad
1241 563 1347 590 Sedem
1360 563 1560 597 Apostolicam
1579 564 1660 589 nullo
1677 563 1774 589 medio
1786 565 1917 596 spectare
1934 563 1980 588 vel
1999 570 2067 595 non,
2083 561 2193 588 consti—

1187 613 1266 639 terit.
1280 627 1311 630 —
1326 613 1412 643 (itm.
1429 612 1471 644 19,
1487 613 1507 638 f.
1519 612 1553 638 47
1567 618 1606 643 r⁰;
1624 620 1693 638 ann.
1710 611 1779 643 XII,
1796 620 1820 638 c.
1835 611 1901 642 ‘234;
1915 625 1947 629 —
1963 609 2193 640 MOREAU1192.

1188 663 1207 687 f.
1225 661 1290 692 171;
1308 675 1340 678 —
1357 661 1394 686 cf.
1412 666 1507 692 snpra,
1526 663 1554 686 n⁰
1571 660 1663 690 2055.)
1693 682 1695 685 .

1229 787 1242 802 (t
1265 799 1284 804 ..
1302 776 1435 813 episcopo
1455 773 1608 813 Soran[0],
1628 774 1791 811 Apostolice
1809 773 1893 802 Sedis
1909 773 2032 809 leonto&
2052 772 2194 803 Causam

1188 837 1250 867 que
1269 828 1356 857 inter
1370 826 1593 857 venerabilem
1612 826 1749 856 fratrem
1766 829 1916 856 nostrum
1934 849 1954 855 ..
1972 825 2195 863 archiepisco-

1188 889 1265 919 pum
1286 879 1549 914 Narbonensem,
1575 888 1611 909 ex
1637 883 1728 917 parte
1752 887 1830 913 una,
1857 883 1888 908 et
1910 877 2047 908 dilectos
2068 877 2154 908 filios
2173 900 2193 907 ..

1189 933 1330 971 priorem
1347 936 1378 962 et
1391 931 1570 961 monachos
1584 930 1778 961 monasterii
1790 929 1983 966 Electensis,
2001 929 2196 960 Narbonen-

1188 986 1234 1016 sis
1251 985 1405 1017 diocesis,
1431 994 1468 1014 ex
1488 984 1601 1018 altera,
1625 992 1723 1022 super
1742 983 1856 1013 eodem
1877 983 2079 1013 monasterio
2096 982 2196 1013 verti-

1190 1043 1252 1073 tur,
1273 1038 1312 1068 ab
1335 1037 1485 1068 examine
1506 1036 1708 1067 venerabilis
1732 1035 1845 1066 fratris
1863 1035 1968 1065 nostri
1989 1059 2008 1064 ..
2026 1035 2196 1065 Albiensis

1189 1091 1334 1129 episcopi
1357 1094 1387 1120 et
1409 1089 1620 1128 conjudicum
1641 1097 1788 1124 suorum,
1809 1088 2035 1126 delegatorum
2052 1097 2070 1118 a
2088 1088 2196 1122 nobis,

1189 1144 1229 1174 ad
1256 1153 1315 1174 nos
1342 1152 1399 1182 per
1422 1142 1678 1181 appellationem
1705 1141 1863 1177 delatam,
1893 1141 2077 1172 venerabili
2102 1140 2198 1170 fratri

1190 1201 1301 1227 nostro
1313 1220 1332 1225 ..
1344 1195 1592 1234 archiepiscopo
1602 1194 1797 1230 Viennensi,
1816 1198 1893 1224 tunc
1904 1194 2091 1232 Apostolice
2103 1193 2198 1224 Sedis

1189 1250 1306 1288 legato,
1325 1254 1355 1280 et
1372 1249 1508 1287 collegis
1524 1249 1594 1278 suis
1612 1248 1766 1277 duximus
1783 1247 2064 1277 committendam.
2082 1247 2199 1277 Coram

1190 1303 1311 1342 quibus
1338 1302 1516 1340 propositis
1540 1301 1740 1340 quibusdam
1767 1301 2016 1339 exceptionibus
2042 1305 2073 1331 et
2102 1309 2202 1339 snper

1190 1356 1238 1386 eis
1253 1355 1459 1394 aliquamdiu
1473 1355 1613 1393 litigato,
1630 1354 1773 1389 tandem,
1785 1358 1857 1392 post
1868 1354 2016 1384 diversos
2028 1354 2199 1388 circuitus,

1190 1413 1330 1447 utraque
1352 1417 1427 1446 pars
1453 1408 1487 1437 in
1511 1408 1652 1438 eundem
1668 1407 1895 1438 Viennensem
1915 1407 2201 1445 archiepiscopum

1190 1462 1395 1492 concorditer
1421 1461 1459 1491 de
1485 1461 1646 1491 servando
1670 1460 1776 1498 ipsius
1800 1460 1965 1495 mandato,
1988 1460 2039 1490 vel
2062 1459 2201 1490 arbitrio

1190 1524 1248 1545 seu
1266 1514 1514 1552 compositione,
1527 1514 1716 1553 juramento
1732 1517 1762 1543 et
1774 1517 1863 1543 certa
1879 1522 1964 1551 pena
1979 1512 2199 1551 interpositis.

1190 1567 1425 1606 compromisit.
1447 1567 1566 1603 Quare,
1590 1567 1629 1596 ad
1652 1566 1849 1596 instantiam
1872 1566 2017 1604 partium
2035 1566 2200 1604 recipiens

1190 1620 1486 1659 compromissum,
1519 1620 1557 1649 de
1586 1619 1732 1657 ipsarum
1765 1619 1970 1648 conscientia
2000 1623 2031 1648 et
2060 1627 2200 1648 assensu

1190 1673 1374 1711 composuit
1389 1673 1477 1702 inter
1495 1677 1616 1710 partes.
1636 1672 1711 1706 Sed,
1735 1671 1814 1710 quia
1837 1671 1876 1701 de
1899 1675 1985 1701 statu
2005 1670 2200 1701 monasterii

1191 1726 1359 1764 agebatur,
1379 1726 1473 1755 nobis
1490 1725 1695 1764 irrequisitis
1712 1725 1752 1754 ad
1767 1724 2026 1762 publicationem
2043 1724 2202 1762 composi-

1192 1779 1292 1809 tionis
1308 1779 1499 1817 hujusmodi
1518 1787 1582 1808 non
1596 1777 1767 1816 processit,
1784 1777 1840 1807 scd
1858 1786 1929 1807 eam
1946 1777 2067 1815 potius,
2081 1777 2141 1806 sub
2155 1777 2202 1806 si-

1191 1832 1269 1870 gillo
1289 1840 1348 1861 suo
1372 1831 1547 1864 inclusam,
1573 1831 1613 1860 ad
1639 1839 1698 1860 nos
1720 1830 1813 1860 duxit
1835 1839 1908 1860 curn
1932 1830 2202 1868 procuratoribus

1191 1886 1333 1923 partium
1366 1883 1665 1914 transmittendam.
1695 1884 1831 1912 Petente
1858 1882 1961 1920 igitur
1992 1886 2203 1920 procuratore

1191 1939 1271 1967 dicti
1285 1937 1526 1975 archiepiscopi
1538 1936 1768 1966 Narbonensis
1784 1945 1893 1965 coram
1904 1935 2087 1965 venerabili
2102 1936 2203 1965 fratre

1192 1995 1303 2020 nostro
1327 2013 1345 2019 ..
1372 1990 1523 2028 episcopo
1542 1989 1731 2023 Portuensi,
1753 1997 1851 2026 quem
1874 1997 1972 2026 super
1989 1987 2049 2018 hoc
2066 1988 2203 2026 deputa-

1192 2044 1300 2073 vimus
1331 2043 1532 2076 auditorem,
1560 2041 1833 2079 compositionem
1860 2040 2049 2070 confirmari
2075 2040 2204 2078 predic-

1193 2101 1268 2127 tam,
1288 2100 1318 2125 et
1335 2100 1545 2134 procuratore
1568 2094 1670 2132 partis
1695 2093 1832 2123 alterius
1855 2097 2056 2131 proponente
2079 2093 2202 2122 dictum

1192 2149 1431 2179 monasterinm
1449 2148 1488 2178 ad
1503 2157 1561 2177 nos
1580 2147 1670 2177 1111110
1689 2147 1797 2176 medio
1813 2146 1991 2184 pertinere.
2010 2146 2050 2175 ad
2064 2146 2203 2176 fundan-

1192 2203 1265 2231 dam
1302 2202 1523 2232 intentionem
1557 2210 1650 2230 suam
1682 2200 1822 2238 quadam
1855 2200 1982 2237 privata
2020 2199 2200 2237 scriptura,

1192 2264 1289 2294 quam
1310 2255 1439 2284 dicebat
1462 2254 1699 2291 transcriptum
1725 2253 1893 2291 privilegii
1916 2252 2023 2282 felicis
2050 2252 2204 2282 reeorda-

1194 2308 1292 2337 tionis
1309 2307 1488 2337 Alexandri
1508 2316 1600 2344 pape,
1617 2306 1861 2344 predecessoris
1874 2305 1990 2337 nostri,
2010 2305 2203 2335 exhibitain

1193 2361 1337 2390 medium
1370 2360 1409 2390 ab
1439 2360 1564 2392 eodeni,
1597 2368 1796 2398 quamquam
1827 2359 1861 2387 in
1885 2358 2025 2395 regestis
2055 2358 2203 2397 ejusdem

1193 2413 1371 2443 Alexandri
1398 2412 1609 2451 privilegium
1637 2412 1744 2449 ipsun]
1770 2411 1915 2440 inveniri
1941 2411 2139 2449 nequiverit,
2165 2410 2204 2440 de

1194 2466 1346 2495 mandato
1360 2470 1471 2495 nostro
1485 2474 1558 2495 cum
1576 2465 1746 2502 diligentia
1764 2463 1962 2502 requisitum
1976 2473 1981 2492 :
1996 2472 2066 2497 nos,
2081 2463 2205 2493 auditis

1193 2528 1248 2556 per
1278 2518 1407 2548 fidelem
1434 2518 1628 2548 relationem
1657 2517 1805 2556 ejusdem
1836 2516 1981 2554 episcopi
2015 2525 2077 2555 que
2111 2517 2204 2546 suere

1194 2572 1358 2610 [Vn-oposita
1379 2581 1488 2601 coram
1512 2580 1558 2601 eo.
1588 2571 1785 2600 mandamus
1811 2574 1986 2608 quatenus,
2005 2569 2130 2599 vocatis
2148 2569 2204 2608 qui

1193 2625 1318 2654 suerint
1332 2624 1499 2660 evocandi,
1519 2624 1546 2653 si
1564 2624 1651 2653 infra
1668 2632 1723 2653 sex
1742 2631 1872 2652 menses
1890 2631 1908 2651 a
1927 2621 2113 2659 receptione
2131 2630 2206 2660 pre-

1193 2678 1338 2707 sentium
1354 2677 1501 2715 legitime
1520 2676 1705 2706 constiterit
1723 2676 1889 2713 prefatum
1908 2674 2148 2704 monasterium
2165 2674 2205 2703 ad

1194 2730 1311 2759 sedem
1328 2729 1551 2768 Apos'tolicam
1569 2729 1659 2758 nullo
1681 2728 1789 2757 medio
1811 2731 1958 2765 spectare
1973 2726 2024 2756 vei
2040 2726 2207 2764 pertinere

1194 2783 1234 2812 ad
1251 2782 1364 2813 alium.
1384 2782 1656 2820 compositionem
1674 2781 1821 2811 eandem.
1844 2789 1941 2819 quam
1962 2779 2022 2809 tibi
2039 2779 2099 2809 sub
2116 2779 2207 2809 bulla

1229 2929 1248 2951 1.
1262 2928 1303 2951 On
1321 2935 1353 2951 110
1371 2936 1513 2958 remarque
1534 2935 1581 2958 pas
1599 2928 1631 2950 de
1654 2931 1742 2950 traces
1765 2926 1797 2949 110
1822 2926 2033 2949 remantements
2051 2925 2118 2948 dans
2135 2927 2206 2948 cette

1196 2972 1267 2995 bulte
1284 2972 1412 2995 adressee
1429 2972 1442 2994 a
1457 2972 1578 3002 l’evequc
1596 2971 1628 2994 tle
1647 2972 1725 2994 Sora.
