2519 3518
116 303 171 334 537
975 298 1161 334 mxmiffl
1183 298 1343 335 ANNEE.
2149 310 2206 342 538

114 370 229 397 dictum
241 370 484 404 Constantinum,
495 371 649 398 dominum
664 371 700 397 de
714 371 889 403 Lambrouo,
899 371 1013 398 fidelem
1027 371 1120 405 ipsius

115 419 202 452 regis,
212 427 338 453 eumque
354 419 487 446 hortatur
502 428 536 446 nc
550 419 648 454 ipsum
663 419 698 446 de
711 422 805 446 cetero
817 420 953 446 molestet
967 428 1019 446 ncc
1031 428 1047 446 a
1060 419 1120 446 suis

115 467 246 501 patiatur
262 468 423 499 molestari,
440 467 612 502 pracsertim
627 476 694 494 cum
711 468 748 494 sit
764 468 902 501 diligenti
918 467 1121 494 sollicitudine

115 515 322 547 devitandum,
336 524 371 542 ne
384 516 481 542 dictus
496 516 720 548 Constantinus,
734 516 825 550 ipsius
842 516 917 549 regis
930 516 977 542 vel
993 515 1119 542 aliorum

115 564 259 591 indebitis
277 565 486 592 vexationibus
505 565 656 599 fatigatus,
673 565 786 599 aliquid
801 568 920 599 cogatur
931 565 1053 592 efficere.
1070 572 1122 598 per

116 613 193 647 quod
217 613 402 640 discriminis
433 613 559 640 materia
583 613 674 648 possit
706 614 874 640 imminere.
901 628 932 632 —
959 614 1045 645 (Res.
1071 612 1119 644 18,

117 662 137 688 f.
158 661 211 689 219
226 665 270 694 v⁰;
287 670 356 689 ann.
375 662 413 695 X,
431 671 455 688 c.
473 662 539 694 319;
557 677 589 680 —
603 662 760 689 Por‘rnixsi-
773 662 860 689 10290
870 663 909 693 ³⁴.)

159 775 172 790 «
200 786 219 792 ..
244 764 362 792 illustri
384 765 449 800 rcqi
467 765 682 792 Armenoruni.
705 765 796 793 Inter
817 763 882 793 alia
902 772 965 802 que
981 780 1030 791 —.
1047 763 1120 792 Dat.

117 820 153 846 ut
169 825 279 854 supra.
300 828 312 842 »

190 1007 308 1036 3450
653 1005 764 1042 [Terni‚
779 1006 812 1033 19
827 1006 944 1040 janvier
960 1004 1052 1040 1231]

155 1070 261 1104 Bajulo
276 1069 436 1096 Armeniae
458 1069 599 1096 similiter
614 1077 665 1103 pro
681 1069 780 1095 eodem
798 1068 993 1096 Constantino
1009 1067 1122 1095 scribit.

119 1132 152 1137 —
166 1118 252 1150 (Rue.
270 1117 314 1151 18,
333 1119 354 1144 i.
370 1117 424 1144 220
437 1120 476 1150 r⁰;
495 1126 564 1145 ann.
584 1118 624 1150 X,
645 1125 670 1144 e.
687 1117 754 1149 32ος
770 1131 801 1134 -
816 1117 982 1149 Pori-nass,
999 1116 1054 1143 sub
1069 1124 1124 1142 nu-

119 1174 199 1194 mero
214 1166 302 1193 10290
312 1167 350 1198 ³.)

159 1278 173 1292 α
190 1267 292 1296 Nobili
306 1267 375 1296 ‘vtro
395 1289 414 1296 ..
433 1267 534 1303 bajulo
550 1267 704 1295 Armenie.
728 1266 774 1295 Ex
795 1265 890 1295 corde
908 1269 1019 1295 nostro
1038 1282 1086 1293 —.
1109 1276 1122 1291 »

188 1463 301 1491 345¹
654 1460 766 1496 [Terni,
782 1462 816 1489 19
830 1463 948 1496 janvier
960 1461 1053 1498 1237.]

153 1524 326 1558 Principem
342 1524 580 1557 Antiochenum,
598 1524 769 1551 memoratis
784 1525 1028 1558 praecedentibus
1049 1525 1124 1560 epis-

117 1573 201 1606 tolis,
216 1574 351 1600 hortatur
371 1575 516 1607 quatenus
531 1572 668 1599 eumdem
683 1572 915 1600 Constantinum
931 1582 949 1600 a
963 1574 1124 1608 praedictis

117 1629 183 1656 rege
198 1623 227 1648 et
242 1621 356 1655 bajulo,
371 1629 422 1648 seu
437 1629 454 1648 a
470 1620 653 1655 quibuslibet
670 1620 738 1647 aliis
748 1642 754 1652 ‚
769 1622 851 1648 nullo
867 1621 952 1648 modo
973 1622 1124 1649 molestari

115 1670 282 1705 permittat.
306 1685 338 1688 —
362 1670 449 1702 (Rae.
471 1669 520 1702 18,
539 1670 560 1696 f.
577 1669 630 1696 220
645 1672 685 1701 r‘²;
708 1678 778 1696 ann.
795 1670 839 1703 X,
859 1679 884 1697 c.
901 1670 969 1703 321;
994 1686 1026 1689 -
1047 1671 1125 1698 Ροτ-

113 1727 218 1752 'mas-r,
233 1719 286 1746 sub
302 1727 425 1746 numero
437 1718 526 1746 10290
536 1718 575 1750 *.)

158 1832 171 1847 <t
191 1821 291 1850 Nobili
307 1821 375 1849 viro
392 1843 412 1849 ..
428 1821 570 1858 principi
589 1821 787 1850 Antiocheno.
809 1821 945 1851 Devotis
964 1821 1045 1851 filiis
1067 1821 1125 1852 de-

117 1881 195 1903 cens
210 1890 260 1902 -—.
277 1873 351 1902 Dat.
368 1877 404 1902 ut
420 1881 531 1911 supra.
554 1884 566 1898 n

151 1996 255 2021 3452.
271 2008 302 2011 —
318 1994 352 2020 In
368 1993 494 2020 eundem
511 1993 632 2020 modum
650 2014 667 2020 ..
687 1994 795 2019 illustri
810 1995 868 2026 reyi
883 1994 977 2027 Cypri.
993 2010 1025 2013 —
1040 1995 1125 2028 (POT-

116 2050 220 2074 THAST,
235 2041 289 2069 sub
302 2050 425 2069 numero
437 2041 526 2069 10290
536 2042 575 2073 *.)

152 2094 256 2118 3453.
271 2105 303 2109 --
319 2091 353 2118 In
368 2091 495 2118 eundem
512 2091 633 2117 modum
656 2112 674 2118 ..

117 2139 217 2166 militie
236 2139 347 2172 Templi.

690 2092 822 2124 maqislro
837 2094 860 2117 et
876 2092 1014 2124 fratribus
1030 2092 1126 2118 domus

152 2191 255 2215 3454.
270 2203 303 2206 —
319 2188 352 2215 In
368 2187 495 2215 eundem
512 2188 633 2215 modum
652 2209 670 2215 ..
688 2189 821 2220 mayz‘stro
837 2192 860 2214 el
877 2189 1015 2221 fratribus
1031 2190 1127 2223 Hospi-

117 2237 182 2264 talis
193 2237 424 2263 lerosolimilani.
437 2251 469 2254 —
483 2236 542 2268 (Cf.
557 2236 582 2264 J.
595 2237 766 2264 DELAV1LLE
780 2237 822 2264 LE
836 2238 951 2271 Romx,
967 2238 1128 2265 Cartulaire

117 2282 226 2319 general
245 2286 277 2311 de
294 2285 394 2310 l'ordre
409 2284 454 2310 des
472 2285 652 2317 Hospitaliers
667 2285 699 2310 [lc
718 2285 882 2311 Saint-Jean
904 2286 936 2311 de
958 2286 1126 2319 Jerusalem,

118 2336 140 2362 t.
154 2334 192 2368 11,
208 2342 237 2369 p.
253 2333 316 2367 509,
333 2337 363 2360 n⁰
377 2333 470 2364 2155.)

188 2521 306 2549 3455
681 2519 782 2552 Terni,
796 2519 830 2546 14
845 2519 963 2553 janvier
975 2520 1054 2548 1237.

152 2582 383 2617 Archiepiscopo
399 2584 427 2609 et
443 2581 574 2615 capitulo
587 2580 827 2613 Patraceusibus,
845 2595 877 2599 —
894 2589 1017 2615 quorum
1034 2584 1129 2610 eccle—

119 2632 164 2659 sia
176 2631 209 2659 in
224 2631 392 2666 receptione
405 2630 629 2665 quamplurium
644 2629 864 2663 canonicorum,
879 2633 941 2657 tam
955 2639 1006 2665 per
1019 2631 1127 2659 Sedem

119 2680 322 2715 Apostolicam
337 2688 426 2714 quam
439 2687 491 2714 per
504 2679 614 2712 legatos
628 2677 732 2712 ipsius,
747 2681 809 2704 erat
824 2681 956 2712 gravata,
971 2682 1009 2713 et,
1025 2681 1128 2714 paucis

118 2729 168 2756 vel
183 2729 275 2756 nullis
293 2728 446 2756 interdum
462 2736 498 2755 ex
515 2727 609 2762 ipsius
625 2726 777 2753 canonicis
796 2726 827 2753 in
846 2727 901 2753 illa
917 2728 1126 2764 residentibus,

119 2777 267 2805 deiectum
283 2780 345 2804 tam
357 2777 389 2803 in
402 2775 609 2812 spiritualibus
621 2784 710 2809 quam
722 2775 753 2802 in
768 2775 980 2809 temporalibus
993 2777 1128 2811 patieba-

119 2828 177 2859 tur,
188 2826 267 2853 unde
282 2826 394 2853 eisdem
410 2824 610 2852 residentibus
629 2824 763 2851 custodia
776 2824 864 2850 castri
877 2827 905 2851 et
923 2827 1017 2852 terrae
1032 2826 1127 2861 ipsius

120 2875 272 2908 ecclesiae,
288 2878 390 2910 utpote
405 2875 524 2902 vicinae
538 2874 682 2907 hostibus,
697 2881 755 2900 non
771 2873 835 2900 sine
848 2874 964 2907 magnis
978 2874 1127 2903 laboribus

120 2926 149 2951 et
159 2924 296 2959 expensis
310 2923 499 2956 imminebat,
516 2938 548 2941 —
563 2923 699 2956 indulget
710 2925 742 2949 ut
757 2930 808 2956 per
822 2921 936 2949 litteras
951 2925 1127 2957 apostolicas

120 2980 178 2999 11011
198 2973 340 3000 facientes
358 2973 394 3000 de
412 2973 467 3000 hac
482 2971 671 3006 indulgentia
685 2970 878 3003 mentionem,
896 2979 953 2997 non
970 2974 1127 3000 teneantur

1201 372 1331 406 aliquem
1356 374 1482 407 recipere
1504 375 1533 400 in
1555 375 1745 407 canonicum,
1769 376 1825 402 nisi
1849 377 1898 410 qui
1921 378 1992 404 velit
2012 381 2039 404 ct
2060 379 2149 412 poss-it
2173 379 2203 405 in

1203 422 1335 455 praefata
1348 422 1471 449 ccclesia
1486 423 1676 450 residentiam
1695 425 1789 451 facere
1805 426 1998 459 personalem.
2013 428 2142 455 —‹R1;‹;.
2159 427 2202 460 18,

1203 470 1223 495 f.
1236 469 1288 496 220
1304 473 1341 502 r⁰;
1358 479 1428 497 anm
1448 471 1491 501 X,
1511 480 1535 497 c.
1553 472 1626 502 322.)

1246 581 1258 596 α
1279 593 1296 598 ..
1314 572 1538 609 archiepiscopo
1553 578 1578 601 ιι
1594 574 1728 610 capitulo
1747 575 1988 604 thornensibus.
2008 576 2102 606 Cum.
2120 577 2206 606 sicut

1204 631 1241 652 ex
1271 640 1317 651 —-.
1349 624 1420 653 Dat.
1453 625 1659 660 Ituci-amne,
1694 626 1823 656 XVIIII
1848 627 2006 657 kalendas
2032 628 2204 663 februarii,

1203 675 1414 713 pontificatus
1432 677 1535 706 nostri
1552 686 1638 707 auno
1656 678 1793 708 decimo.
1813 692 1826 705 »

1276 856 1392 884 3456

1241 918 1393 951 Magistris
1420 919 1507 945 Petro
1535 919 1571 945 de
1599 919 1709 946 Sonion
1732 922 1776 951 (ε
1790 919 1805 947 2
1828 921 1936 954 Sonjon
1956 920 2013 948 ='?
2030 922 2206 955 S=:›ng·2‹›ns),

1206 967 1434 1002 paenitentiario
1446 968 1632 1001 Belvacensi,
1649 969 1819 1001 XVernacio,
1836 970 1990 997 Tei-visino
2004 971 2159 1003 canonico,
2179 974 2207 997 ct

1206 1015 1372 1051 Ricc[ardo]
1395 1017 1473 1043 dicto
1495 1018 1624 1051 Angelo,
1649 1018 1865 1046 Cenomanensi
1893 1020 2048 1052 canonico,
2076 1020 2208 1047 Parisius

1206 1065 1467 1097 commorantibus,
1480 1065 1602 1092 mandat
1613 1070 1757 1100 quatenus
1768 1067 1799 1093 in
1816 1075 1903 1093 causa
1916 1070 2015 1094 exorta
2032 1068 2109 1095 inter
2121 1067 2209 1095 abba-

1205 1116 1266 1140 tem
1292 1113 1464 1140 monasterii
1487 1113 1590 1141 Sancti
1612 1114 1742 1141 Victoris
1764 1115 1958 1148 Parisiensis,
1980 1125 2014 1142 cx
2035 1124 2094 1143 una
2110 1119 2207 1151 parte,

1206 1164 1235 1188 et
1256 1161 1383 1188 Sanctae
1397 1162 1565 1188 Genovefae
1583 1165 1611 1189 et
1629 1163 1770 1196 quosdam
1787 1164 1859 1190 alios
1878 1164 1997 1191 abbates
2013 1165 2144 1198 ejusdem
2155 1187 2161 1197 ,
2178 1165 2208 1191 id

1206 1213 1249 1238 est
1269 1211 1364 1237 sancti
1387 1210 1563 1244 Augustini,
1585 1211 1712 1244 ordinis,
1734 1220 1769 1238 ex
1789 1213 1892 1245 altera,
1918 1227 1949 1230 —
1972 1221 2058 1247 super
2080 1222 2111 1239 eo
2133 1213 2209 1247 quod

1206 1259 1298 1286 iidem
1318 1259 1445 1286 Sanctae
1461 1259 1628 1286 Genox-efae
1646 1262 1675 1286 et
1690 1260 1743 1286 alii
1758 1259 1889 1291 abbates,
1911 1261 1988 1287 inter
2003 1264 2108 1293 cetera,
2126 1270 2209 1288 cum-

1207 1308 1274 1335 dem
1292 1308 1395 1335 Sancti
1411 1308 1541 1335 Victoris
1557 1308 1692 1335 abbatem
1710 1309 1793 1342 quasi
1811 1310 1989 1343 possessione
2009 1311 2082 1343 juris
2099 1310 2210 1344 praesi-

1207 1357 1297 1384 dendi
1313 1357 1443 1390 capitulo
1459 1356 1589 1390 generali
1605 1357 1681 1391 quod
1699 1357 1776 1391 apud
1790 1358 1974 1391 praedit-tum
1993 1359 2096 1385 Sancti
2110 1359 2210 1386 Victo-

1206 1405 1247 1431 ris
1270 1405 1482 1432 monasterium
1506 1405 1661 1431 aunuatim
1685 1405 1826 1432 celebrari
1850 1410 2058 1438 consueverat,
2085 1407 2211 1441 spoliare

1207 1454 1397 1486 dicebantur,
1420 1468 1451 1471 -—
1472 1454 1647 1488 procedant,
1667 1457 1695 1480 et
1715 1454 1809 1488 ipsam
1831 1455 2010 1482 sufficienter
2032 1456 2209 1483 instructam

1207 1503 1243 1529 ad
1270 1503 1465 1537 apostolicum
1495 1502 1651 1529 remittant
1680 1511 1804 1529 examen
1816 1525 1822 1535 ,
1853 1504 2044 1537 praefigentes
2079 1505 2211 1538 partibus

1207 1551 1370 1581 terminum
1384 1551 1628 1585 peremptorium,
1640 1559 1695 1585 quo
1706 1552 1865 1585 apostolico
1879 1553 2048 1586 conspectui
2060 1561 2089 1579 se
2098 1561 2211 1587 reprae-

1207 1602 1334 1627 sentent.
1348 1615 1380 1617 —
1394 1600 1480 1631 (Rae.
1498 1599 1542 1632 18,
1560 1600 1579 1626 f.
1597 1599 1649 1632 220
1667 1603 1711 1632 v¹³;
1733 1608 1802 1627 ann.
1820 1601 1859 1633 X,
1876 1609 1900 1627 c.
1918 1601 1992 1632 323.)

1755 859 1859 890 Terni,
1876 859 1910 885 22
1925 860 2041 893 jam-ier
2056 860 2134 886 1237.

1249 1713 1262 1727 ι(
1287 1701 1442 1738 Mayislris
1462 1701 1549 1730 Petro
1571 1701 1605 1729 de
1626 1701 1760 1737 Sonion,
1785 1703 2006 1738 penitentiario
2028 1703 2209 1738 Beli-acensi,

1212 1754 1380 1788 ll'ernacio,
1407 1754 1574 1787 Tervisino,
1597 1758 1623 1782 el
1638 1753 1804 1792 Ricc[ardo]
1823 1754 1901 1783 dicto
1921 1755 2047 1791 Anyelo,
2067 1756 2211 1784 Cenoma-

1207 1807 1296 1836 nensi
1313 1807 1484 1841 canonicis,
1503 1807 1642 1835 Parisios
1657 1808 1927 1836 commorantibus.
1948 1807 2079 1837 Dudum
2094 1807 2213 1838 dilecto

1207 1860 1276 1889 filio
1300 1883 1320 1889 ..
1348 1859 1464 1889 abbate
1486 1859 1681 1889 monasterii
1704 1860 1817 1890 Sancti
1839 1860 1985 1890 Victoris
2010 1861 2212 1891 Parisiensis

1208 1913 1395 1951 accepimus
1409 1917 1643 1950 conquerente,
1662 1913 1758 1951 quod,
1780 1922 1853 1942 rum
1873 1937 1892 1942 ..
1911 1914 2029 1944 Sancte
2046 1915 2213 1945 Genovefe

1209 1970 1240 1996 et
1258 1965 1392 2004 quidam
1411 1964 1470 1994 alii
1486 1965 1621 1995 abbates
1643 1965 1694 1994 sui
1715 1965 1843 1996 ordinis
1867 1967 1952 2004 apud
1974 1968 2211 1997 monasteiium

1207 2019 1317 2057 ipsum
1337 2018 1377 2048 ad
1400 2017 1553 2056 generale
1575 2018 1757 2056 capitulum
1780 2020 1956 2049 convenire
1980 2021 2213 2050 consueverint

1209 2071 1392 2105 annuatim,
1407 2075 1449 2107 et,
1465 2079 1501 2101 eo
1516 2071 1714 2109 presidente,
1731 2071 1855 2101 ibidem
1871 2076 2015 2102 statuere
2031 2081 2094 2111 que
2109 2073 2149 2102 ad
2160 2082 2214 2104 re-

1208 2124 1441 2154 formationem
1464 2124 1570 2162 ipsius
1595 2123 1722 2153 ordinis
1745 2124 1922 2158 faciebant,
1951 2125 2051 2154 iidem
2078 2125 2213 2156 abbates

1208 2178 1318 2216 ipsum
1335 2177 1432 2216 quasi
1447 2176 1657 2215 possessione
1676 2176 1868 2215 hujusmodi
1885 2186 1942 2215 pro
1959 2186 2016 2207 sue
2034 2178 2213 2208 voluntatis

1209 2230 1348 2260 arbitrio
1367 2230 1563 2268 spoliarunt.
1584 2230 1680 2261 Unde
1700 2238 1758 2260 nos
1778 2231 2048 2268 procuratoribus
2070 2233 2214 2269 partium

1208 2288 1287 2314 tunc
1312 2283 1348 2312 in
1376 2288 1489 2313 nostra
1513 2283 1681 2321 presentia
1710 2283 1900 2313 constitutis
1925 2283 2082 2314 dilectum
2108 2285 2214 2315 filium

1210 2340 1361 2366 nostrum
1385 2336 1580 2375 O[ttonem],
1610 2336 1723 2366 Sancti
1749 2335 1879 2365 Nicolai
1905 2336 1940 2365 in
1969 2337 2107 2367 Carcere
2137 2338 2215 2368 Tul-

1208 2388 1300 2418 liano
1321 2388 1498 2418 diaconum
1521 2388 1739 2423 cardinalem,
1765 2389 1991 2419 concessimus
2012 2390 2213 2425 auditorem;

1210 2450 1320 2472 coram
1337 2450 1400 2480 quo
1417 2441 1549 2471 tandem
1566 2441 1678 2471 libello
1702 2450 1720 2470 a
1736 2446 1946 2479 procuratore
1963 2442 2092 2472 abbatis
2108 2444 2214 2481 ipsius

1209 2494 1416 2533 procuratori
1440 2494 1578 2524 alterius
1600 2494 1704 2532 partis
1727 2494 1882 2530 exhibito,
1902 2499 1931 2523 et
1954 2494 2010 2524 lite
2029 2495 2063 2524 in
2085 2497 2215 2533 negotio

1209 2547 1282 2585 ipso
1310 2546 1459 2585 legitime
1487 2551 1684 2581 contestata,
1716 2546 1793 2585 quia
1822 2556 1920 2584 super
1946 2546 2012 2577 hiis
2042 2557 2105 2586 que
2135 2549 2215 2579 hinc

1209 2600 1287 2630 inde
1308 2601 1401 2630 suere
1424 2600 1608 2638 proposita,
1627 2608 1691 2629 non
1710 2599 1816 2637 potuit
1835 2599 1941 2629 eidem
1959 2600 2120 2630 cardinali
2141 2601 2214 2631 fieri

1209 2652 1308 2691 plena
1344 2653 1443 2687 fides,
1477 2652 1636 2690 magistro
1671 2651 1811 2686 Jacobo,
1845 2651 2076 2682 archidiacono
2113 2654 2214 2683 Mori-

1210 2706 1323 2741 nensi‚
1346 2710 1377 2736 et
1402 2704 1631 2744 conjudicibus
1657 2704 1727 2733 suis
1750 2712 1884 2733 causam
1912 2704 2017 2741 ipsam
2040 2705 2101 2734 sub
2126 2710 2214 2735 certa

1209 2758 1315 2788 forma
1338 2758 1492 2788 duximus
1515 2756 1800 2790 committendam,
1827 2755 1950 2785 eisdem
1975 2756 2213 2788 nichilominus

1208 2811 1423 2850 injungentes
1447 2815 1482 2840 ut
1508 2819 1526 2839 a
1551 2809 1700 2847 personis
1726 2808 1965 2846 principalibus
1987 2809 2212 2847 juramentum

1210 2863 1249 2893 de
1275 2863 1413 2894 veritate
1442 2862 1581 2892 dicenda
1611 2861 1675 2891 sibi
1703 2862 1847 2890 facerent
1878 2860 2038 2890 exhiberi.
2065 2862 2212 2901 Cumque

1208 2916 1417 2954 postmodum
1443 2916 1572 2945 dilectis
1597 2914 1676 2943 filiis
1703 2937 1721 2942 ..
1748 2914 1861 2943 Sancti
1887 2914 1997 2943 satiri.
2026 2915 2214 2944 Bituricen-

1210 2969 1257 2999 sis
1279 2968 1432 3003 diocesis,
1452 2973 1481 2998 et
1507 2991 1527 2997 ..
1551 2967 1663 2997 sancti
1686 2966 1852 2995 Ambrosii
1873 2966 2092 2996 Bituriccnsis
2114 2967 2214 2997 abba-
