2423 3487
146 298 202 328 339
709 267 715 272 μ
870 292 1110 323 11Εο1510135
1132 291 1187 320 DE
1209 284 1432 323 GREGOIRE
1456 295 1514 324 IX.
2187 294 2245 325 340

148 362 305 400 Alioquin
332 360 561 398 prenominato
587 360 823 389 Suessionensi
851 359 1002 396 episcopo
1031 357 1153 387 nostris

149 415 264 444 damus
296 413 416 442 litteris
443 412 678 442 in.mandatis.
706 416 739 441 ut
764 421 820 441 vos
846 412 885 441 ad
902 412 933 440 id
959 411 1153 440 auctoritate

149 472 271 501 nostray
291 465 420 495 sublato
437 464 667 502 appellationis
685 464 865 494 obstaculo.
881 463 1064 502 compellat.
1079 464 1152 492 Dat.

148 525 181 549 ut
200 528 309 556 supra.
331 531 342 543 ›»

183 654 285 677 3052.
302 665 332 668 —
351 651 382 676 ln
403 649 528 676 eundem
552 652 610 675 tere
627 649 745 676 modum
768 649 911 683 scriptum
935 652 977 676 051
994 657 1080 683 super
1100 649 1154 675 hoe

146 700 229 725 eidem
245 699 432 725 Suessionettsi
448 699 574 731 episcopo.

217 918 335 945 3058

184 981 293 1013 Regem
310 979 453 1006 Franciae
472 983 567 1012 rogat.
586 982 685 1005 monet
706 981 733 1005 01
749 979 912 1005 obtestatur
933 981 1077 1012 quatenus
1093 979 1156 1013 epi-

147 1037 266 1063 scopum
285 1030 313 1055 et
333 1028 488 1054 ecclesiam
510 1028 706 1054 Belvacenses
728 1028 764 1054 ad
785 1028 850 1061 jura
868 1030 896 1055 et
917 1028 1068 1055 libertates
1090 1036 1156 1055 suas

147 1079 234 1112 plene
250 1076 387 1103 restituat
408 1078 436 1103 et
458 1076 500 1102 eis
521 1076 555 1102 de
578 1076 673 1103 illatis
689 1076 807 1103 damnis
830 1078 857 1103 et
880 1076 1016 1109 irrogatis
1036 1076 1156 1110 injuriis

147 1125 381 1152 satisfactionem
397 1124 487 1151 iaciat
502 1124 646 1151 exhiberi.
665 1139 696 1142 —
711 1125 797 1155 (Bm.
815 1124 858 1157 18,
875 1126 894 1151 f.
912 1125 963 1151 137
977 1128 1014 1157 1”;
1031 1133 1101 1151 ann.
1116 1125 1155 1158 X,

147 1183 172 1201 0.
187 1174 218 1206 5;
232 1188 263 1192 ——
279 1173 413 1200 Mona-Au
430 1173 513 1205 1191,
532 1173 624 1203 1112.)

710 916 843 947 Viterbe,
859 916 893 942 22
911 924 987 943 niars
1003 916 1082 942 1236.

190 1300 202 1314 «
229 1310 245 1315 ..
272 1288 390 1316 illustri
415 1288 478 1323 reyi
502 1287 642 1315 Francie.
668 1286 805 1316 Utinam
831 1286 952 1324 regalis
981 1287 1157 1325 prudentia

147 1339 312 1377 intelligat
336 1339 468 1377 plenius
492 1348 550 1376 per
572 1348 605 1369 se
629 1339 734 1377 ipsam
760 1343 790 1369 et
815 1348 831 1368 a
857 1339 927 1369 suis
952 1340 982 1369 01
1003 1340 1157 1370 fidelibus

148 1392 290 1422 fideliter
311 1396 492 1430 exponatur
513 1396 673 1430 quantum
691 1393 839 1422 Romana
859 1392 1007 1422 Ecclesia
1024 1393 1084 1422 tibi
1101 1393 1157 1423 de-

148 1445 278 1479 tulerit,
303 1445 336 1474 in
359 1445 473 1474 multis
496 1445 757 1482 gravaminilms,
776 1445 911 1484 injuriis
931 1450 960 1475 et
977 1447 1155 1484 pressuris,

150 1508 212 1537 que
235 1502 301 1527 tam
322 1497 602 1533 Rothomaeensis
631 1497 756 1535 pluries
785 1508 883 1536 quam
909 1498 972 1528 alie
995 1499 1090 1536 regni
1109 1499 1157 1529 tui

151 1550 301 1585 ecclesie,
314 1555 459 1588 tempore
471 1554 536 1585 1110,
551 1555 663 1580 contra
678 1551 925 1588 progenitorum
940 1556 1070 1582 tuorum
1083 1561 1156 1582 con-

149 1603 372 1638 suetudinem,
392 1603 449 1641 qui
463 1612 577 1632 omnes
593 1603 750 1633 ecclesias
765 1608 795 1633 et
812 1604 900 1634 viros
913 1605 1156 1635 ecclesiasticos

148 1657 202 1695 pio
219 1665 348 1694 semper
368 1661 397 1686 et
418 1660 567 1694 prompto
590 1657 835 1686 venerabantur
857 1658 993 1692 affectu,
1012 1659 1047 1687 in
1063 1659 1158 1688 dero-

151 1709 318 1747 gationem
352 1709 517 1738 libertatis
553 1709 777 1739 ecclesiastice
811 1715 887 1739 sunt
920 1720 1094 1749 perpesse.
1128 1716 1159 1742 et

150 1771 248 1800 quam
267 1761 490 1799 equanimiter
506 1761 694 1799 Apostolica
719 1762 836 1793 Sedes.
858 1762 1035 1800 diligenter
1052 1768 1158 1793 atten-

151 1815 231 1844 dens
251 1814 348 1852 quod,
371 1813 477 1843 adhuc
497 1814 531 1842 in
550 1818 634 1843 etate
652 1819 765 1844 tenera
782 1815 993 1845 constitutus.
1013 1816 1159 1845 nondum

149 1867 245 1896 firma
262 1866 372 1895 radice
387 1866 577 1896 stabilieras
589 1867 729 1896 forsitan
745 1867 966 1897 adolescentie
981 1873 1033 1898 tue
1048 1869 1157 1906 pedes,

150 1919 341 1958 hujusmodi
355 1919 558 1956 gravamina.
571 1919 712 1958 injurias
727 1924 755 1949 et
768 1929 952 1957 pressuras.
969 1930 1034 1950 11011
1050 1925 1159 1951 tamen

151 1972 275 2011 absque
294 1971 396 2001 multa
414 1971 521 2001 cordis
540 1972 761 2002 amaritudine
785 1977 815 2002 et
838 1973 955 2011 grandi
973 1974 1159 2005 turbatione

151 2025 266 2060 animi,
292 2025 421 2054 duxerit
440 2024 624 2054 toleranda.
645 2034 836 2064 quanquam
853 2027 939 2064 apud
961 2027 1068 2065 ipsam
1087 2036 1159 2058 esse

152 2087 217 2107 non
236 2078 352 2107 debeat
367 2078 513 2115 acceptio
529 2087 757 2116 personarum.
778 2083 811 2108 ut
835 2079 931 2109 aliter
952 2080 1112 2110 divitibus
1129 2085 1161 2110 et

150 2131 354 2170 potentibus⁷
373 2136 401 2160 et
420 2131 516 2161 aliter
533 2131 671 2170 abjectis
688 2136 719 2161 et
735 2132 921 2162 humilibus
938 2133 1053 2163 debeat
1070 2134 1160 2172 judi-

152 2193 237 2214 care.
257 2194 297 2213 ne
315 2185 355 2213 sit
374 2185 408 2213 in
425 2184 580 2214 manibus
597 2185 667 2214 suis
684 2194 840 2215 mensura
857 2186 975 2224 iniqua
991 2191 1021 2216 et
1038 2191 1161 2217 statera

154 2236 284 2271 dolosa,
306 2237 335 2266 si
357 2236 453 2266 aliter
475 2236 544 2266 illis
568 2242 598 2267 et
622 2237 697 2267 istis
721 2237 816 2268 aliter
835 2238 1008 2274 metiatur3
1029 2245 1161 2278 propter

155 2289 242 2327 quod
258 2298 411 2318 veremur
427 2298 468 2319 ne
487 2294 599 2319 contra
623 2298 683 2319 nos
706 2290 810 2328 possit
830 2290 913 2319 illud
933 2291 1162 2329 propheticum

155 2341 304 2379 adaptari
319 2351 324 2370 :
341 2354 353 2368 «
371 2350 491 2371 manus
507 2342 685 2372 mulierum
702 2343 970 2373 misericordium
984 2353 1061 2374 suos
1075 2345 1161 2375 filios

155 2406 168 2421 »
193 2394 414 2424 (1000110111111ι
446 2406 471 2424 »,
497 2404 582 2429 cuin,
605 2395 643 2425 de
660 2396 751 2433 regia
775 2396 881 2426 salute
899 2396 1045 2426 solliciti.
1069 2402 1100 2427 et
1122 2398 1162 2428 ad

155 2447 397 2477 consulendum
416 2452 482 2476 tam
499 2448 586 2477 fame
609 2457 707 2486 quam
732 2448 850 2478 honori
872 2449 960 2488 ejus,
986 2450 1020 2478 in
1042 2450 1160 2488 ipsius,

155 2501 241 2530 sicut
258 2504 420 2535 tenemur,
439 2500 615 2531 dilectione
633 2502 810 2537 ferventes,
829 2502 864 2531 in
885 2502 1006 2532 talibus
1024 2512 1089 2533 non
1106 2504 1162 2534 de-

153 2553 327 2583 buerimus
350 2562 495 2591 parcere,
521 2558 555 2583 ut
581 2554 687 2583 filium
718 2563 814 2593 quem
840 2559 950 2585 tenere
978 2555 1161 2593 diligimus,

153 2606 370 2641 lucraremur,
389 2615 429 2636 ne
447 2606 511 2636 sihi
524 2615 672 2636 essemus
685 2607 882 2645 perditionis
897 2609 1037 2643 occasio.
1057 2613 1085 2638 et
1103 2618 1162 2639 no-

154 2659 206 2688 bis
224 2659 323 2688 etiam
341 2668 439 2688 causa
456 2659 584 2689 mortis,
599 2660 696 2694 Sane.
715 2663 876 2698 quantum
891 2660 1028 2691 honoris
1045 2666 1074 2691 ct
1093 2662 1163 2700 glo-

154 2711 213 2746 rie,
235 2715 395 2749 quantum
418 2711 526 2741 laudis
550 2716 580 2741 et
600 2712 686 2741 fame
711 2712 797 2750 apud
816 2721 930 2742 omnes
953 2713 1162 2744 Christianos

155 2768 331 2798 accrescat,
351 2764 407 2801 qui
426 2769 455 2793 te
474 2773 550 2794 vere
573 2764 773 2794 catholicum
796 2765 978 2803 principem
999 2771 1028 2795 et
1047 2766 1163 2797 Chris-

190 2914 209 2938 1.
225 2915 339 2942 10111511,
363 2917 474 2944 Tin-en„
496 2915 543 2944 tv,
567 2916 601 2939 to.
622 2916 659 2939 Le
681 2919 754 2939 texte
776 2920 854 2946 porte
870 2921 1022 2942 coxerunt.-
1046 2920 1163 2942 decoxe-

157 2959 223 2988 runt
238 2960 279 2980 est
295 2957 344 2981 mis
360 2957 395 2981 ici
412 2964 482 2988 pour
495 2958 520 2981 le
537 2959 653 2988 rythme.

1237 359 1461 389 tianissimum
1491 370 1603 399 regem
1629 361 1798 399 predicant
1825 365 1855 391 et
1885 360 2060 395 extollunt,
2093 361 2122 390 si
2148 369 2185 390 ex
2213 364 2244 390 10

1237 417 1371 442 sumunt
1396 413 1561 451 exemplar
1588 413 1746 444 ecclesias
1774 417 1804 443 et
1830 413 2046 443 eeclesiarum
2072 413 2244 443 ministros

1237 464 1388 494 devotius
1406 469 1435 495 et
1453 466 1619 496 efficacius
1636 465 1832 496 honorandi.
1852 466 1973 504 regalis
1991 466 2154 496 serenitas
2169 474 2244 504 per-

1237 517 1380 555 pendere
1398 518 1517 555 poterit
1533 528 1591 556 per
1607 527 1641 548 se
1657 519 1775 556 ipsam,
1798 523 1829 548 et
1846 518 2035 556 intelligere
2051 518 2195 556 plenius,
2216 518 2245 548 si

1237 571 1441 600 contrarium
1464 571 1595 601 feceris.
1621 571 1701 610 quid
1721 580 1758 601 ex
1783 571 1894 601 divine
1916 571 2100 610 majestatis
2119 571 2245 602 offensa

1238 622 1430 661 contingere
1448 623 1507 652 tibi
1526 624 1647 661 possit;
1675 628 1703 653 et
1725 624 1855 653 utinam
1873 632 1938 653 non
1955 623 2142 661 contingat!
2160 623 2245 660 Quia

1238 684 1315 705 vero
1332 676 1389 714 qui
1405 676 1545 705 multum
1565 675 1684 714 diligit,
1708 676 1849 706 multum
1867 676 1977 711 timet.
2003 685 2039 706 ac
2055 685 2113 715 per
2128 676 2191 706 hoc
2206 685 2244 706 ex

1238 728 1341 758 multe
1365 728 1553 758 dilectionis
1575 729 1694 759 affectu
1715 738 1814 768 quem
1839 729 1879 758 ad
1902 738 2076 767 personam
2101 733 2192 759 tuam
2214 733 2245 759 et

1239 788 1379 817 regnum
1395 781 1552 817 gerimus.
1567 781 1627 810 tibi
1644 790 1709 811 non
1727 790 1902 819 possumus
1919 790 1984 811 non
1999 781 2125 815 timere,
2139 785 2246 812 atten-

1239 834 1354 863 dentes
1374 834 1459 872 quod
1476 835 1562 864 circa
1579 835 1816 865 Belvacensem
1833 835 2007 865 ecclesiam
2024 834 2185 865 celsitudo
2198 843 2246 865 re-

1240 886 1304 923 gia.
1324 887 1542 925 quorundam.
1562 891 1597 917 ut
1613 887 1770 923 creditur,
1788 888 2012 917 circumventa
2030 887 2192 923 consiliis,
2211 896 2246 918 se

1239 939 1355 968 habuit
1378 939 1478 969 nimis
1500 939 1596 975 dure.
1622 949 1740 970 manus
1763 949 1840 970 suas
1860 940 1899 969 ad
1924 940 2031 978 ipsius
2049 940 2191 979 injurias
2216 944 2247 970 et

1240 1001 1418 1030 gravamen
1437 993 1632 1027 extendens,
1658 993 1696 1022 de
1717 993 1812 1032 cujus
1833 992 2082 1031 gravaminibus
2104 997 2135 1023 et
2157 993 2247 1032 inju-

1240 1045 1300 1075 riis
1315 1054 1373 1084 per
1389 1045 1639 1084 inquisitiones,
1658 1049 1724 1075 tam
1740 1053 1797 1084 per
1811 1045 2019 1076 venerabiles
2033 1045 2154 1076 fratres
2170 1054 2248 1076 nos-

1240 1102 1308 1128 tros
1327 1122 1344 1127 .,
1362 1098 1629 1134 Laudunensem,
1651 1122 1667 1127 ..
1688 1098 1965 1128 Suessionensem
1982 1102 2013 1129 et·
2031 1122 2050 1127 ..
2068 1098 2248 1129 Cathalau-

1240 1160 1378 1182 nensem
1414 1152 1583 1190 episcopos
1598 1175 1603 1182 .
1635 1152 1830 1182 auctoritate
1867 1152 2018 1187 concilii,
2057 1161 2155 1190 quam
2190 1160 2248 1190 per

1240 1205 1397 1235 dilectum
1422 1204 1528 1234 filium
1554 1205 1751 1242 magistrum
1779 1205 1937 1244 P[etrum]
1966 1205 2005 1235 de
2032 1204 2246 1240 Collemedio,

1241 1257 1470 1296 cappellanum
1495 1262 1661 1292 nostrum,
1687 1258 1892 1296 prepositum
1916 1258 2028 1288 Sancti
2053 1257 2246 1293 Audomari,

1240 1311 1436 1340 auctoritate
1453 1310 1644 1348 apostolica,
1658 1311 1773 1342 factas.
1792 1310 1888 1340 nobis
1905 1310 2246 1345 constititevidenter‚

1240 1371 1299 1392 nec
1319 1362 1467 1393 valentes
1487 1363 1697 1393 afflictionem
1720 1363 1813 1392 illius
1832 1362 1970 1392 ecclesie
1992 1372 2028 1392 ac
2049 1367 2142 1393 tuum
2167 1371 2249 1401 quo-

1240 1425 1303 1455 que
1319 1416 1514 1454 periculum,
1535 1416 1622 1454 quod
1637 1420 1790 1446 versatur
1809 1416 1844 1445 in
1867 1416 1950 1454 ipsa,
1969 1415 2060 1446 salva
2076 1416 2249 1447 conscien-

1241 1469 1286 1499 tia
1303 1474 1332 1499 et
1351 1469 1475 1507 absque
1492 1469 1618 1499 lesione
1634 1469 1732 1504 same,
1747 1469 1889 1499 ulterius
1904 1469 1965 1499 5111)
1981 1469 2249 1499 dissimulatione

1241 1523 1384 1552 transire
1416 1532 1421 1551 :
1452 1522 1681 1552 excellentiam
1710 1527 1799 1552 tuam
1828 1531 1994 1560 rogamus,
2021 1531 2194 1552 monemus
2218 1525 2250 1552 et

1241 1575 1414 1605 hortamur
1433 1579 1573 1611 attente,
1599 1575 1803 1605 obtestantes
1826 1584 1884 1613 per
1905 1575 2085 1605 Dominum
2108 1574 2248 1606 Jhesum

1241 1628 1424 1662 Christum,
1440 1628 1475 1657 in
1492 1628 1586 1667 cujus
1604 1625 1738 1658 nomihe
1756 1628 1900 1658 flectitur
1916 1636 2012 1657 omne
2029 1636 2127 1665 genu,
2145 1627 2249 1658 celes-

1243 1681 1335 1715 tium,
1356 1681 1563 1710 terrestrium
1581 1685 1609 1710 et
1627 1681 1847 1715 infernorum,
1867 1684 2043 1719 quatenus,
2066 1685 2096 1710 te
2113 1680 2174 1710 sub
2190 1689 2248 1719 po-

1242 1733 1325 1763 tenti
1339 1742 1439 1762 manu
1455 1733 1515 1762 Dei
1532 1733 1726 1767 humilians,
1743 1733 1800 1771 qui
1815 1732 1936 1762 exaltat
1950 1732 2094 1762 humiles
2111 1733 2145 1762 in
2163 1732 2249 1763 salu-

1242 1790 1317 1820 tem,
1346 1785 1572 1815 venerabilem
1601 1787 1739 1816 fratrem
1769 1790 1918 1816 nostrum
1950 1809 1967 1814 ..
2001 1786 2191 1824 episcopum
2219 1789 2251 1816 et

1243 1838 1418 1868 ecclesiam
1432 1838 1651 1869 Belvarenses
1669 1839 1710 1868 ad
1727 1839 1803 1877 jura
1823 1843 1854 1868 et
1871 1838 2042 1868 libertates
2060 1847 2137 1868 suas
2153 1838 2249 1877 plene

1242 1892 1412 1926 restituas,
1431 1896 1462 1921 et
1479 1892 1516 1921 de
1534 1891 1637 1921 illatis
1654 1892 1806 1930 dampnis
1826 1900 1863 1921 ac
1878 1891 2034 1930 irrogatis
2050 1891 2185 1930 injuriis
2201 1891 2250 1921 eis

1243 1944 1507 1974 satisfactionem
1530 1945 1634 1974 facias
1655 1945 1800 1974 debitam
1821 1944 1988 1980 exhiberi,
2009 1953 2050 1974 ne
2067 1944 2104 1974 in
2123 1944 2250 1974 offensa

1243 1999 1390 2036 ipsorum
1405 1998 1551 2036 episcopi
1567 2002 1596 2028 et
1615 1998 1754 2028 ecclesie
1771 1998 1918 2027 divinam
1930 1997 2065 2036 gravius
2080 1997 2251 2028 incurrere

1242 2056 1274 2080 te
1297 2051 1477 2088 contingat.
1503 2051 1678 2089 Alioquin,
1706 2054 2011 2089 quantumcumque
2037 2055 2068 2091 te
2095 2055 2252 2089 tanquam

1244 2103 1422 2142 specialem
1438 2104 1585 2134 Ecclesie
1604 2103 1710 2133 filium
1727 2103 1875 2134 tenerius
1892 2103 2084 2142 diligamus,
2105 2103 2184 2142 quia
2202 2106 2252 2132 ta-

1243 2166 1318 2187 men
1335 2157 1393 2186 ubi
1416 2157 1601 2195 periculum
1622 2157 1774 2191 vertitur,
1799 2166 1865 2187 non
1889 2161 1938 2187 est
1957 2156 2173 2186 deferendum
2191 2155 2251 2186 ho-

1243 2210 1327 2239 mini
1353 2214 1466 2239 contra
1491 2211 1606 2245 Deum,
1633 2210 1787 2240 omittere
1811 2210 1851 2240 de
1880 2214 1988 2240 cetero
2014 2218 2079 2240 non
2103 2209 2252 2239 valemus

1245 2263 1326 2301 quin
1342 2264 1377 2292 in
1397 2263 1628 2302 prosecutione
1648 2263 1779 2302 justitie
1803 2263 1967 2293 dictorum
1987 2263 2133 2302 episcopi
2150 2266 2182 2293 01
2200 2270 2254 2292 00-

1244 2315 1356 2351 010510,
1375 2321 1535 2355 quantum
1550 2325 1624 2346 cum
1640 2317 1708 2347 Deo
1726 2321 1757 2347 et
1772 2316 1946 2346 honestate
1962 2315 2158 2354 poterimus,
2175 2323 2252 2353 pro-

1245 2369 1412 2399 cedamus.
1431 2370 1501 2399 Dat.
1522 2373 1557 2399 ut
1573 2378 1683 2408 supra.
1705 2381 1717 2395 1>

1317 2581 1434 2609 3⁰59
1809 2580 1943 2614 Viterbe,
1957 2581 1991 2608 22
2007 2588 2085 2607 mars
2101 2579 2180 2607 1236.

1282 2643 1439 2671 Lamberto
1454 2644 1578 2671 Deodati
1601 2645 1675 2672 laico
1692 2640 1811 2671 feudum
1830 2644 1906 2678 quod
1929 2644 2024 2671 tuerat
2040 2641 2188 2677 quondam
2206 2649 2254 2668 ar-

1246 2692 1463 2726 chipresbyteri
1479 2693 1514 2719 de
1530 2696 1624 2720 castro
1638 2693 1759 2720 Lat-iani
1780 2696 1807 2720 et
1825 2692 1970 2720 Guidonis
1984 2692 2020 2719 de
2033 2691 2142 2725 Papia,
2159 2690 2190 2717 in
2206 2698 2254 2717 eo-

1246 2740 1313 2766 dem
1329 2743 1433 2774 castro,
1449 2742 1543 2775 quoad
1559 2742 1680 2775 vixerit,
1697 2750 1730 2769 ac
1746 2750 1797 2776 per
1810 2742 1907 2776 ipsum
1923 2740 2024 2768 liberis
2041 2739 2134 2774 ipsius
2149 2746 2253 2766 001100-

1246 2788 1300 2815 dit.
1319 2804 1350 2807 —
1367 2790 1453 2820 (Rae.
1474 2790 1517 2823 18,
1540 2792 1559 2817 f.
1581 2791 1633 2817 137
1653 2794 1697 2823 v⁰;
1721 2799 1790 2817 ann.
1807 2791 1847 2823 X,
1867 2798 1891 2816 0.
1913 2789 1952 2820 6.)

1288 2915 1301 2929 α
1322 2905 1477 2933 Lamberto
1493 2906 1616 2934 Dcozlati
1632 2907 1721 2934 laico.
1742 2905 1835 2934 Fidei
1857 2908 1910 2933 tue
1930 2911 1965 2932 ac
1986 2920 2033 2930 —.
2052 2903 2125 2931 Dat.
2143 2901 2255 2931 Viter-

1246 2955 1304 2989 bii,
1324 2957 1371 2986 xl
1388 2957 1547 2987 kalendas
1564 2957 1689 2996 aprilis,
1709 2966 1795 2986 anno
1812 2957 1949 2987 decimo.
1970 2967 1982 2981 n

2416 687 2423 693 a
2412 587 2423 676 ιιι..-
