2519 3518
123 0 162 14 .“’“
171 0 203 13 “·”σ

0 55 27 73 1⁶²¹,
45 62 53 66 -
70 56 74 59 ’

64 295 120 326 261
898 276 1125 316 NEUVIEME
1147 276 1305 313 ANNEE.
2080 287 2138 317 252,

67 363 270 393 nostrorum,
293 357 517 387 Romanorum
539 354 750 389 Pontificum,
777 353 1010 383 confirmamus
1032 353 1064 380 et

65 409 232 451 presentis
259 408 373 446 scripti
394 406 568 446 privilegio
592 405 854 440 communimus3
881 408 1063 434 statuentes

65 466 104 494 ut
118 461 250 497 milites,
270 467 462 490 vavassores
479 463 510 489 et
526 457 728 488 francoleni¹
745 457 778 486 in
794 457 930 495 prefatis
950 464 1064 486 mona-

67 514 203 545 chorum
216 511 304 542 villis
315 511 480 548 degentes,
495 519 577 549 quas
591 510 715 548 utique,
727 509 766 538 ad
782 508 905 545 regalia
920 507 1064 536 militum

67 565 204 596 servitia
220 562 427 602 exequenda,
445 566 480 592 ut
497 561 601 600 quieti
618 570 676 591 sue
691 561 790 590 iidem
809 559 961 590 monachi
981 559 1065 589 libe-

69 617 139 647 rius
151 625 264 646 vacare
276 614 417 649 valeant,
431 613 692 652 supradictorum
706 613 930 650 episcoporum
944 616 973 641 et
988 611 1065 640 alio-

66 678 142 700 rum
159 667 298 699 consilio
316 667 381 702 sihi
396 674 584 696 reservasse
605 665 803 699 dinoscitur,
821 664 1065 702 earundemque

69 721 225 751 villarum
243 719 381 750 ecclesie
397 723 428 749 et
447 718 571 748 decime
594 722 691 756 atque
705 716 948 755 possessiones.
970 715 1010 744 ab
1029 724 1066 746 eo

69 777 102 804 et
116 772 186 803 suis
200 770 489 810 predecessoribus
505 769 680 808 prebendis
699 769 931 798 canonicorum
949 767 1066 797 Liche-

67 824 296 862 feldcn[sium]
316 823 479 862 deputate,
503 826 534 853 et
554 820 639 861 q'uod
661 821 785 852 residui
801 821 835 850 in
853 820 949 850 terris
969 824 1066 858 atque

70 876 336 917 possessionibus
362 875 401 906 ad
428 874 629 914 episcopales
656 883 736 904 usus
763 873 884 903 ibidem
911 872 1064 907 retinuit,

71 929 138 960 tuis
154 933 351 967 tuorumque
368 926 615 958 successoribus
635 926 761 960 cedant,
779 931 809 955 et
826 925 938 955 eadem
957 924 1067 954 omnia

69 981 201 1020 integra
222 981 314 1011 vobis
337 985 368 1011 ct
391 980 520 1010 illibata
540 983 770 1018 pe1·nianeant;
797 978 852 1007 tali
873 977 999 1007 scilicet
1019 985 1067 1006 ra-

72 1034 161 1064 tione
177 1038 212 1063 ut
235 1033 273 1063 de
296 1032 362 1062 hiis
385 1042 448 1071 que
467 1031 634 1071 jamdictis
654 1030 824 1060 monachis
841 1034 917 1060 sunt
938 1029 1066 1064 collata,

71 1085 123 1116 vel
137 1094 200 1124 que
216 1086 250 1115 in
268 1084 470 1123 episcopales
487 1092 567 1114 usus
584 1084 686 1121 [sunt]
700 1086 836 1117 retenta,
857 1082 916 1111 tibi
930 1081 980 1111 vel
998 1090 1068 1110 suc-

71 1137 261 1168 cessoribus
284 1137 364 1173 tuis,
388 1135 533 1176 [aliquis]
555 1135 658 1166 nichil
676 1135 858 1172 infringere
879 1134 995 1164 audeat
1017 1134 1070 1164 vel

72 1194 210 1223 mutare,
230 1198 289 1219 nec
305 1189 431 1227 aliquid
448 1188 523 1218 inde
540 1187 723 1217 distrahere
742 1186 792 1216 vel
809 1186 964 1216 distracta
980 1185 1070 1214 mili-

73 1242 136 1272 tari
157 1241 292 1271 servitio
315 1241 482 1279 deputare.
505 1240 551 1270 Ea
574 1240 672 1270 etiam
693 1248 771 1277 que,
792 1247 810 1268 a
828 1237 1070 1276 predecessori-

72 1293 135 1322 bus
151 1293 217 1323 tuis
233 1293 382 1330 dispersa
403 1297 434 1322 et
449 1292 617 1326 distracta,
636 1290 828 1321 auctoritate
845 1289 1022 1328 apostolica
1038 1293 1070 1319 et

68 1345 195 1384 judicio
220 1344 443 1374 ecclesiastico
465 1343 552 1373 idem
575 1343 786 1381 predecessor
809 1346 883 1371 tuus
907 1341 947 1370 ad
963 1341 1018 1380 jus
1039 1345 1070 1370 et

73 1397 256 1427 dominium
272 1400 325 1425 tue
339 1395 476 1426 ecclesie
490 1395 664 1428 revocavit,
685 1393 835 1424 videlicet
850 1394 1066 1431 Scrapetostz

74 1447 285 1482 Pachinton.‚
309 1446 485 1480 Olleston.,
509 1446 687 1483 Tihigton.,
712 1445 846 1479 Hintas‚
871 1444 922 1474 vel
947 1453 1010 1482 que
1034 1444 1070 1473 in

73 1503 257 1538 posterum,
283 1499 350 1528 Deo
374 1498 530 1536 propitio,
556 1502 590 1527 tu
614 1497 684 1535 ipse
709 1497 831 1535 poteris
858 1505 1068 1534 recuperare,

73 1551 167 1582 vobis
187 1555 218 1581 et
238 1559 295 1589 per
314 1559 371 1580 vos
393 1549 609 1581 Coventrensi
632 1548 770 1579 ecclesie
788 1548 983 1578 inconvulsa
1001 1557 1071 1578 ser-

74 1606 202 1633 ventur.
228 1603 329 1632 Porro
356 1601 502 1640 ejusdem
527 1600 591 1630 loci
616 1600 769 1630 monachi
794 1599 893 1629 talem
915 1599 1071 1629 ohedien-

76 1655 155 1684 tiam
184 1654 401 1685 Coventrensi
431 1653 582 1691 episcopo
614 1653 671 1691 qui
700 1661 758 1690 pro
785 1656 929 1690 tempore
954 1652 1070 1687 fuerit,

73 1706 265 1742 exhibeant,
297 1705 405 1744 qualis
433 1705 677 1739 Wintoniensi,
712 1704 848 1742 Elyensi
878 1708 909 1734 et
938 1704 1072 1741 XVigor-

76 1759 187 1790 niensi
210 1758 371 1797 episcopis
390 1758 547 1788 canonice
570 1766 588 1787 a
609 1757 678 1787 suis
699 1756 870 1787 monachis
887 1756 1071 1786 exhibetur.

75 1810 292 1842 Decernimus
314 1818 390 1848 ergo
412 1814 485 1844 etc.,
507 1818 613 1848 usque
634 1819 640 1838 :
661 1809 859 1839 omnimodis
882 1809 1072 1846 profutura;

77 1863 169 1893 salva
191 1863 286 1893 Sedis
307 1862 494 1901 Apostolice
515 1862 721 1892 auctoritate.
746 1861 781 1892 Si
800 1870 865 1900 qua
880 1861 983 1899 igitur
999 1866 1073 1896 etc.‚

75 1923 183 1954 usque
209 1924 216 1943 ε
247 1914 414 1953 subjaceat
443 1913 572 1943 ultioni.
605 1913 741 1944 Cunctis
760 1918 880 1956 ‘autem
909 1917 970 1942 etc.
1000 1914 1073 1942 Dat.

74 1967 233 2004 Viterhii,
253 1976 310 2006 per
335 1975 468 1997 manum
497 1966 648 2004 magistri
663 1966 844 2001 Willelmi,
866 1966 984 1996 Sancte
1009 1967 1076 1995 Ro-

75 2028 174 2050 mane
206 2019 350 2050 Ecclesie
383 2017 664 2052 vicecancellarii,
697 2018 763 2047 XII
796 2017 954 2047 kalendas
989 2026 1077 2047 mar-

77 2071 132 2106 tii,
165 2071 346 2101 indictione
369 2071 483 2105 VIIII,
516 2069 759 2100 Incarnationis
789 2069 960 2099 Dominice
991 2078 1077 2099 anno

77 2124 319 2155 M⁰CC⁰XXXV
338 2124 413 2162 (sic),
438 2122 649 2161 pontificatus
673 2131 750 2152 vero
777 2122 901 2151 domini
927 2122 1078 2159 Gregorii

77 2184 161 2214 pape
175 2176 274 2206 VIIII
291 2183 377 2205 anno
393 2183 490 2205 nono.
508 2186 520 2200 n

151 2341 267 2369 295¹!
610 2341 741 2375 Viterbe‚
758 2342 792 2369 19
806 2342 912 2369 {evrier
927 2342 1006 2369 1236.

115 2402 211 2430 Priori
229 2406 257 2430 et
278 2403 431 2430 monachis
448 2402 708 2436 Coventrensibus‚
722 2403 758 2430 de
773 2403 874 2430 eadem
893 2411 923 2430 re
938 2402 1078 2435 scribens,

81 2450 204 2477 mandat
219 2453 364 2484 quatenus
377 2450 571 2479 Coventrensi
587 2454 615 2477 et
635 2451 853 2478 Licliefeldensi
867 2451 1000 2485 episcopo
1013 2450 1080 2477 obe-

80 2498 183 2530 diant;
201 2498 333 2532 alioquin
354 2498 455 2526 abbati
474 2498 510 2525 de
525 2499 696 2533 Aynesham
713 2500 758 2530 (=
774 2498 927 2531 Ensham),
941 2498 1030 2532 priori
1045 2498 1081 2525 de

82 2640 201 2665 Alberie.
222 2641 254 2665 δε
275 2647 309 2665 ne
327 2645 424 2665 trouve
445 2641 514 2665 dans
533 2642 559 2665 la
576 2642 704 2665 nouvelle
725 2641 830 2666 edition
848 2642 896 2665 des
914 2643 1027 2671 Reyesta
1047 2641 1082 2664 de

82 2684 169 2708 'arrii
187 2691 294 2709 aucune
313 2685 393 2709 lettre
409 2685 569 2709 d'Innocont
584 2685 609 2709 11
627 2685 754 2710 adr-essee
774 2686 789 2708 ῗι
805 2692 842 2709 un
857 2686 961 2716 eveque
977 2685 1010 2709 de
1027 2685 1081 2709 Co-

83 2730 198 2758 ventry;
217 2728 285 2752 mais
300 2735 336 2752 on
354 2731 419 2759 peut
434 2735 468 2752 on
483 2729 552 2753 citer
565 2735 619 2753 une
635 2729 668 2752 de
685 2728 787 2753 Lucius
803 2729 841 2756 11.
858 2729 995 2752 d'ailleurs
1010 2729 1082 2759 frag-

84 2771 226 2800 mentaire,
241 2771 278 2795 du
293 2771 306 2795 Δ
321 2772 374 2795 mai
391 2771 449 2795 1144
464 2771 757 2801 (sura-Loweurem
773 2772 852 2801 859⁴).

118 2813 139 2837 l.
154 2815 346 2838 Francotenus
362 2820 396 2838 ne
413 2821 442 2838 se
463 2818 560 2839 trouve
577 2822 625 2846 pas
640 2815 708 2839 daus
723 2815 766 2840 Du
782 2815 893 2844 Canum
909 2815 978 2839 mais
992 2817 1083 2839 Fran-

83 2858 206 2881 colentis
220 2859 248 2881 et
260 2858 469 2882 Franchitanus
484 2859 524 2888 (=
539 2860 624 2882 tibere
640 2860 759 2889 tenens).

115 2899 140 2925 2.
158 2899 232 2924 Ponr
246 2901 399 2930 Ser-potos!
413 2901 453 2931 (=
466 2903 625 2932 Sci-aptota).

1145 348 1271 376 Osneia¹
1288 352 1317 376 et
1332 350 1507 377 cancellario
1520 350 1652 378 Oxoniae
1668 351 1803 384 injungat
1819 355 1849 378 ut
1866 352 1941 385 ipsos
1959 352 1995 379 ad
2011 351 2041 379 id
2057 360 2139 379 oom-

1145 397 1267 430 pellant.
1283 411 1314 415 —
1327 397 1413 428 (nm.
1431 397 1474 430 18,
1491 398 1511 424 f.
1529 398 1579 424 107
1595 401 1640 430 v·;
1656 406 1725 424 ann.
1743 399 1795 430 lx,
1812 408 1836 425 c.
1853 399 1927 430 380.)

1186 514 1199 528 «ι
1219 525 1239 531 ..
1252 504 1353 540 priori
1365 508 1391 532 et
1407 504 1563 532 monachis
1581 505 1838 533 Coccum-ensibus.
1856 505 2071 543 Signiticante
2088 513 2140 535 ve-

1147 555 1286 584 nerabili
1308 556 1408 586 fratre
1429 573 1477 584 —.
1499 557 1571 586 Dat.
1588 556 1743 586 viterbii.
1763 557 1807 586 XI
1831 557 1988 587 kalendas
2011 558 2137 590 martii.

1147 616 1233 637 anno
1250 616 1344 637 nono.
1367 620 1379 634 ι

1218 801 1334 830 2958
1678 801 1808 834 Vsterbe,
1822 802 1854 829 21
1871 802 1976 829 tevrier
1991 803 2069 829 1236.

1183 863 1408 893 Archidiacono,
1425 862 1534 888 decano
1550 865 1577 889 et
1595 863 1756 889 succentori
1769 863 2066 893 Cathalaunensibus,
2084 871 2142 890 me-

1150 913 1261 936 morata
1277 910 1400 943 epistota
1415 918 1501 943 supra
1517 909 1570 936 sub
1586 918 1705 936 numero
1720 910 1790 937 ‘2949
1806 914 1919 939 notata.
1936 911 2054 937 mandat
2070 919 2143 944 qua·

1149 960 1233 984 tenus
1244 957 1404 984 sententias
1415 966 1431 984 a
1444 957 1572 983 scabinis
1590 957 1792 987 Remensibus.
1808 958 1836 984 in
1852 966 1921 991 quus
1935 966 2008 992 papa
2024 958 2060 985 ab
2072 958 2143 992 ipsis

1149 1005 1483 1032 excommunicationem
1500 1005 1618 1038 proferri
1635 1005 1836 1035 mandaverat,
1852 1007 2063 1039 promulgatas,
2076 1014 2141 1032 eum

1150 1055 1339 1087 temporalem
1356 1053 1591 1086 jurisdictionem
1611 1057 1710 1079 contra
1732 1054 1884 1079 [lemensis
1904 1054 2043 1080 ecclesiae
2063 1054 2142 1087 jura,

1149 1105 1182 1128 ut
1199 1101 1360 1133 dicebatur,
1377 1104 1545 1127 exercerent
1557 1121 1563 1131 ,
1580 1100 1677 1126 irritas
1695 1103 1723 1127 et
1739 1101 1840 1127 inanes
1855 1101 2045 1132 denuntient,
2063 1101 2144 1127 inhi-

1151 1148 1252 1176 bentes
1263 1156 1298 1174 ne
1310 1148 1375 1182 quis
1389 1148 1456 1174 illas
1472 1148 1592 1174 mandet
1601 1148 1792 1174 exsecutioni.
1804 1162 1833 1166 -
1844 1149 1929 1180 (ἷξες.
1943 1148 1986 1175 18.
2002 1148 2084 1174 [107
2097 1152 2142 1179 νς

1150 1205 1220 1223 ann.
1235 1197 1288 1228 IX,
1300 1205 1324 1222 c.
1339 1196 1387 1223 381
1400 1205 1407 1228 ;
1420 1210 1451 1214 —
1464 1197 1619 1223 ΡοτιἯΛςτ
1631 1196 1940 1227 10098.om1·ss01·n1n·0;
1954 1211 1985 1215 —
1999 1199 2036 1223 cf.
2049 1203 2144 1229 supra,

1150 1253 1179 1271 n.
1195 1243 1265 1271 2907
1277 1247 1305 1270 et
1318 1244 1410 1275 2949.)

1192 1362 1205 1376 α
1225 1373 1245 1378 ..
1264 1351 1494 1385 archidiacono,
1516 1372 1534 1378 ..
1555 1350 1666 1378 decano
1691 1355 1716 1378 et
1740 1372 1759 1378 ..
1785 1352 1954 1379 succentori
1981 1351 2149 1379 Cathalau-

1151 1403 1305 1431 nensibus.
1322 1401 1607 1440 Conquerentibus
1626 1401 1746 1431 dudum
1764 1401 1893 1431 dilectis
1911 1401 1989 1431 liliis
2010 1402 2095 1440 [ete.
2113 1406 2147 1431 ut

1153 1463 1262 1492 supra7
1280 1454 1314 1482 in
1332 1453 1469 1491 epistola
1486 1453 1546 1483 sub
1561 1462 1697 1483 nurnero
1714 1454 1788 1482 2114ss
1802 1458 1921 1487 notata.
1939 1462 2041 1491 usque
2059 1453 2079 1492 z]
2097 1462 2150 1483 re-

1152 1506 1263 1537 cessit.
1274 1506 1381 1537 Unde.
1395 1514 1467 1535 cum
1483 1505 1610 1535 scabini
1624 1510 1653 1535 ct
1663 1505 1750 1535 cives
1761 1505 1930 1535 memorati
1940 1510 2149 1534 contumaces

1154 1559 1307 1592 existant,
1324 1558 1417 1587 vobis
1435 1566 1492 1595 per
1513 1557 1641 1587 litteras
1660 1562 1788 1586 nostras
1811 1556 2039 1585 mandavimus
2059 1560 2095 1585 ut
2115 1556 2149 1585 in

1155 1610 1323 1643 scabin0s;
1341 1613 1407 1638 tam
1430 1608 1522 1638 illius
1540 1609 1694 1646 temporis
1713 1616 1810 1646 quam
1828 1608 2005 1646 presentis.
2022 1616 2151 1637 excom-

1154 1662 1391 1691 municationis
1407 1661 1604 1691 sententiani
1622 1661 1807 1698 proferatis.
1819 1660 1922 1689 simili
1935 1660 2030 1689 modo
2038 1664 2151 1689 contra

1155 1715 1231 1745 illos
1247 1715 1304 1753 qui
1321 1723 1377 1752 pro
1394 1719 1537 1752 tempore
1554 1714 1726 1743 substituti
1741 1714 1876 1743 fuerint.
1891 1713 2088 1751 processuri.
2109 1713 2153 1742 I't

1156 1768 1258 1806 igitur
1274 1767 1312 1796 de
1329 1775 1388 1796 sua
1405 1766 1511 1796 salute
1527 1766 1721 1803 diligentius
1738 1766 1881 1801 cof-'itare
1898 1769 2067 1801 cogantur.
2085 1764 2154 1794 dis-

1155 1820 1250 1849 tricte
1266 1818 1476 1856 precipiendo
1492 1818 1685 1847 mandamus
1700 1822 1875 1855 qnatenus,
1889 1817 1915 1845 si
1930 1817 2007 1846 dicti
2026 1816 2151 1845 scabini

1157 1872 1203 1901 sic
1217 1871 1489 1901 excommunicati
1503 1870 1632 1908 aliquas
1649 1870 1831 1899 sententias
1847 1869 1997 1898 duxerint
2013 1868 2153 1906 promul-

1158 1923 1295 1961 gandas,
1315 1932 1385 1957 eas,
1404 1927 1560 1960 tanquam
1575 1922 1646 1960 ipso
1659 1922 1732 1960 jure
1749 1921 1868 1955 nullas,
1887 1921 2089 1950 denuntietis
2107 1920 2153 1949 ir-

1157 1976 1238 2005 ritas
1263 1980 1294 2005 ct
1318 1975 1450 2009 inanes,
1469 1974 1661 2003 auctoritate
1685 1978 1796 2003 nostra
1822 1972 2059 2002 nichilominus
2084 1971 2153 2001 dis-

1158 2027 1288 2056 trictius
1314 2026 1505 2056 inhibentes
1529 2035 1569 2055 ne
1594 2025 1668 2063 quis
1693 2025 1767 2054 illas
1793 2024 1976 2054 executioni
1999 2023 2153 2052 mandare

1158 2083 1337 2117 presumat,
1357 2087 1412 2108 eos
1435 2077 1492 2116 qui
1515 2082 1628 2107 contra
1645 2077 1795 2110 fecerint.
1814 2075 1942 2105 sublato
1963 2074 2155 2113 appellatio—

1160 2132 1213 2161 nis
1239 2130 1422 2165 obstaculo,
1446 2129 1672 2168 percellentes.
1703 2128 1796 2164 Quod
1820 2128 1848 2156 si
1874 2136 1937 2157 non
1965 2136 2078 2156 omnes
2105 2143 2154 2155 ——-.

1159 2185 1232 2214 Dat.
1250 2182 1405 2217 ViterbiL
1423 2183 1521 2212 VIIII
1538 2180 1696 2210 kalendas
1714 2180 1834 2214 martii,
1853 2188 1938 2209 anno
1956 2188 2052 2208 nono.
2073 2191 2085 2204 1>

1233 2377 1352 2405 2959

1196 2441 1373 2475 Episcopum
1390 2439 1536 2473 quondam
1554 2437 1766 2469 Mutinensem,
1780 2436 1966 2470 Apostolicae
1980 2435 2063 2462 Sedis
2080 2435 2159 2468 lega·

1162 2492 1236 2521 tum,
1251 2490 1349 2514 monet
1363 2490 1391 2513 et
1402 2487 1534 2513 hortatur
1550 2488 1694 2519 quatenus
1710 2488 1777 2511 vota
1791 2483 2034 2517 peregrinationis
2050 2490 2158 2516 paupe-

1161 2545 1226 2564 rum
1251 2535 1518 2569 crucesignatorum
1546 2534 1576 2560 in
1599 2532 1752 2560 Bremensi
1777 2531 1940 2565 provincia.
1966 2538 2018 2557 nec
2041 2538 2096 2555 non
2126 2530 2156 2556 in

1162 2582 1406 2617 Magdeburgensi
1418 2603 1424 2614 ‚
1448 2580 1679 2614 Havelbergensi
1704 2583 1731 2606 et
1754 2578 1879 2605 dimidia
1903 2577 2156 2609 Brandeburgeusi

1161 2639 1263 2658 versus
1277 2630 1414 2661 Albeain,
1425 2629 1457 2656 in
1472 2628 1628 2660 Verdensi,
1642 2627 1793 2654 Mindensi
1807 2631 1835 2652 et
1848 2625 2067 2652 Padeburnensi
2081 2624 2158 2650 dioe-

1162 2679 1276 2706 cesibus
1291 2687 1324 2705 ae
1340 2679 1370 2705 in
1385 2677 1543 2705 Gollandia
1556 2678 1600 2708 (=
1616 2674 1818 2704 Gotlilandia),
1833 2676 1983 2699 convertat-
1999 2672 2028 2698 in
2043 2679 2157 2698 succur-

1162 2736 1226 2754 sum
1241 2727 1371 2754 fidelium
1388 2727 1419 2753 in
1438 2725 1570 2760 partibus
1585 2723 1737 2751 Lis-oniae.
1753 2721 1954 2755 Semigalliae,
1970 2720 2114 2747 Curoniae
2130 2723 2156 2745 et

1162 2776 1322 2804 Esthoniae
1335 2775 1537 2802 existentium.
1548 2780 1651 2806 eosque
1664 2769 1916 2797 exhortationibus
1932 2768 2068 2794 informet
2084 2770 2114 2793 ut
2127 2774 2159 2793 se

1688 2374 1821 2406 Vsterbe,
1838 2375 1870 2401 15
1887 2374 1993 2400 sevrier
2009 2373 2086 2400 1236.

1197 2901 1217 2926 i.
1234 2903 1285 2925 Mt.
1300 2907 1310 2924 .·
1325 2900 1360 2924 de
1377 2899 1487 2924 Osnoie.
