2519 3518
100 271 155 303 153
937 264 1165 303 NEUVIEME
1186 266 1345 303 ANNEE.
2125 280 2180 309 154

101 349 116 365 n
139 338 259 368 Actum
274 337 424 374 Velletri,
442 339 476 368 in
495 338 616 378 palatio
633 339 792 378 episcopi,
809 341 961 377 presente
977 341 1008 367 et
1024 345 1102 367 con-

102 402 116 418 »
141 391 306 421 sentiente
323 391 456 422 domino
474 392 633 430 Gregorio
656 391 695 422 de
716 391 836 422 Sancto
856 389 1027 430 Apostolo‚
1045 389 1103 420 do-

102 455 117 471 »
141 443 225 474 mini
240 453 322 482 pape
338 444 539 475 subdiacono
555 449 586 475 et
602 444 782 483 capellano,
802 444 1008 474 vicedomino
1024 443 1103 473 Vel-

102 507 116 524 »
140 495 236 532 let1·i;
269 497 478 535 presentibus
510 506 640 536 quoque
668 501 699 527 et
727 495 965 535 recipientibus
994 495 1102 525 donno

103 561 117 576 n
141 548 294 580 Johanne
311 549 349 579 de
366 549 520 588 Nimpha‚
539 549 667 584 abbate,
687 553 718 580 et
735 550 836 579 fratre
851 548 1015 582 Johanne,
1033 556 1103 578 mo-

103 613 117 629 »
142 601 248 632 nacho
260 602 418 640 (predicti)
433 602 626 632 monasterii
640 602 762 632 Montis
775 601 877 632 Aurei
891 599 1100 640 Anagn[ini];

103 665 118 681 ι»
140 653 176 684 in
191 654 360 692 presentia
374 654 560 690 Thomasii,
585 653 855 692 archipresbiteri
878 653 991 684 Sancti
1013 652 1103 683 Petri

104 718 118 733 »a
143 706 182 736 de
206 706 370 745 Nimpha;
397 706 562 737 Johannis
586 706 625 736 dc
648 706 824 741 Porciano,
848 705 960 736 cleriei
985 705 1104 735 Sancte

105 770 119 786 n
143 759 248 789 Marie
264 758 302 789 de
318 759 459 794 Norma;
483 758 603 797 Angeli
619 763 650 790 et
671 759 836 790 Johannis
854 758 893 789 de
916 759 1040 792 Massa,
1058 757 1103 787 sa-

105 823 120 839 n
143 811 325 842 miliarium
346 811 471 842 domini
491 820 587 850 pape,
614 812 747 842 testium
769 811 809 841 ad
833 811 894 841 hoc
917 809 1104 849 specialiter

106 875 120 891 n
143 868 350 902 rogator-uim
366 872 481 894 mense
500 863 732 902 septembr[is]‚
750 863 960 902 pontificatus
979 862 1104 892 domini

105 927 119 943 υ
144 916 295 954 Gregorii
311 924 392 954 pape
408 916 507 947 VIIII
525 924 611 946 anno
629 920 755 954 quarto.
777 927 790 942 r>

175 1104 317 1141 [2549]
622 1130 630 1139 ,
677 1106 812 1138 Perouse,
827 1105 862 1132 18
876 1105 940 1139 juin
955 1105 1034 1132 1235.

142 1167 387 1204 [Instrumentum
410 1167 575 1202 Raynaldi,
595 1166 741 1194 Ostiensis
760 1169 789 1193 et
811 1166 1007 1193 Vellctrensis
1029 1166 1106 1200 epis-

104 1217 186 1251 copi,
213 1216 250 1243 ad
281 1215 414 1243 eamdem
446 1215 662 1242 concessionem
690 1214 850 1249 pertinens,
877 1214 920 1241 sic
948 1214 1055 1248 incipit
1079 1216 1107 1240 et

105 1264 226 1292 desinit.
244 1278 275 1282 ——
293 1264 379 1296 (Res.
394 1263 438 1296 18,
455 1264 475 1290 f.
491 1262 526 1290 66
540 1261 598 1297 ι·“,)]

148 1377 162 1391 α
182 1363 381 1397 Rainaldus,
399 1362 612 1393 miseratione
630 1362 743 1391 divina
764 1362 929 1392 Ostiensis
952 1366 983 1392 et
997 1361 1108 1392 Velle-

108 1429 122 1444 »
147 1415 269 1447 trensis
285 1415 468 1453 episcopus,
486 1414 557 1444 viro
572 1413 755 1444 venerabili
771 1413 819 1453 [..]
836 1414 947 1443 abbati
963 1418 993 1444 ct
1006 1413 1109 1443 dilec-

108 1481 122 1496 n
146 1469 190 1499 tis
206 1468 310 1507 [filiis]
326 1467 396 1497 suis
413 1467 589 1497 conventui
605 1467 723 1497 Sancte
740 1467 843 1496 Marie
859 1466 898 1496 de
914 1466 1037 1501 Gloria,
1055 1475 1109 1496 sa-

109 1533 123 1549 »
146 1521 250 1551 lutem
277 1520 312 1549 in
342 1520 492 1550 Domino.
524 1519 611 1549 Olim
640 1519 765 1549 domini
793 1519 832 1549 de
860 1518 1046 1549 Sarmineto
1071 1536 1110 1540 —-

109 1586 124 1601 ι)
148 1573 333 1604 munimine
353 1572 557 1602 roborantes.
578 1573 650 1602 Dat.
670 1572 812 1607 Perusii,
830 1572 932 1602 XIIII
950 1571 1109 1602 kalendas

110 1639 124 1654 n
145 1626 238 1666 julii,
261 1625 473 1664 pontificatus
491 1625 616 1655 domini
638 1625 791 1663 Gregorii
807 1633 889 1663 pape
903 1625 1003 1654 VIIII
1023 1633 1110 1655 anno

110 1691 125 1706 ¹>
149 1687 246 1709 nono.
266 1690 279 1704 π

180 1863 298 1891 2ἵ50

147 1924 274 1952 Sanctae
291 1924 405 1951 Mariae
417 1924 453 1950 de
469 1923 622 1958 Religione
641 1927 670 1950 et
690 1924 816 1951 Sanctae
829 1924 987 1956 Feliculae,
1001 1924 1113 1950 ordinis

110 1973 208 2000 sancti
234 1972 344 2005 Marci,
373 1972 533 2007 prioribus,
559 1972 783 2004 Parmensibus,
811 1980 881 2006 quos
907 1973 970 1999 loco
997 1972 1112 1999 abbatis

112 2020 215 2047 Fontis
230 2020 302 2046 vivi
320 2020 351 2046 in
370 2020 424 2047 hoc
443 2019 558 2053 negotio
579 2019 726 2053 subrogat,
747 2020 869 2046 mandat·
889 2022 1032 2054 quatenus
1051 2029 1113 2047 mo-

113 2068 274 2095 nasterium
301 2067 404 2095 Sancti
428 2066 609 2099 Alexandri,
631 2067 801 2094 Parmensis
823 2067 978 2100 dioecesis,
1001 2068 1113 2095 ordinis

112 2116 209 2143 sancti
228 2116 394 2148 Benedicti,
406 2116 551 2149 corrigant
567 2118 595 2142 et
608 2116 777 2142 reforment.
793 2130 824 2133 —
838 2116 924 2148 (Rno.
941 2115 984 2148 18,
997 2117 1017 2142 i.
1029 2116 1064 2143 66
1074 2119 1112 2148 r⁰;

112 2173 183 2192 ann.
201 2165 254 2197 IX,
271 2173 295 2191 c.
309 2163 378 2196 2103
393 2178 425 2182 —
442 2164 597 2191 Formas-r
609 2163 712 2196 100023
728 2178 758 2181 —
775 2164 812 2190 cf.
831 2171 927 2198 supra,
944 2167 973 2191 n⁰
985 2165 1077 2196 1492.)

677 1863 813 1895 Pe’rouse,
828 1863 863 1890 26
877 1865 946 1890 aout
961 1863 1039 1890 1235.

157 2277 170 2291 a
191 2287 210 2293 ..
227 2265 335 2294 Sancte
355 2264 449 2293 Mai-ie
473 2264 506 2292 de
529 2262 703 2301 Reli9i0n[e]
723 2268 748 2292 et
768 2262 815 2302 [..]
839 2264 947 2293 Sancte
967 2265 1112 2299 Feticule,

113 2317 203 2347 ordin
211 2318 233 2346 is
248 2317 347 2346 sancti
360 2317 466 2350 Marci,
477 2316 644 2353 prioribus,
659 2315 907 2354 I'armen[sibus].
920 2316 1006 2346 Olim
1020 2316 1115 2347 nobis

114 2373 271 2407 suggesto
292 2386 341 2397 —-.
366 2369 438 2398 Dat.
466 2368 613 2402 Perusii,
630 2368 694 2398 VII
718 2367 876 2398 kalendas
901 2369 1113 2407 septembris,

116 2430 204 2452 anno
220 2430 317 2451 nono.
337 2433 350 2448 »

189 2604 305 2634 225¹

152 2667 264 2695 Abbati
283 2667 468 2694 Marmosolii
488 2670 516 2693 et
541 2666 630 2700 priori
652 2666 778 2692 Sanctae
800 2665 912 2692 Mariae
936 2666 972 2692 de
996 2667 1117 2694 Mirteto

117 2724 207 2751 supra
219 2716 393 2750 Nympham
408 2714 529 2741 mandat
545 2717 703 2748 quatenus,
717 2722 784 2740 cum
800 2714 933 2740 consules
953 2717 980 2741 et
994 2716 1118 2749 populus

117 2763 294 2798 Nymphani
326 2763 357 2789 in
386 2762 523 2789 incendio
550 2766 643 2788 terrae
669 2769 738 2788 suae
770 2761 967 2788 instrumenta
1000 2770 1117 2789 suorum

119 2812 349 2839 tenimentorum
365 2811 506 2838 terminos
521 2809 704 2836 continentia
721 2809 903 2842 amisissent,
920 2810 999 2836 inira
1015 2811 1118 2837 termi-

119 2867 171 2887 nos
191 2862 366 2886 memoratos
388 2862 476 2885 testes
498 2858 616 2885 idoneos
636 2865 706 2891 quos
730 2865 816 2891 super
839 2858 892 2884 hoc
911 2857 1003 2884 iidem
1020 2858 1119 2892 Nym-

118 2907 212 2942 phani
227 2907 367 2934 duxerint
383 2906 597 2941 producendos,
612 2905 717 2932 iisdem
735 2905 927 2939 Nymphanis
940 2906 1117 2940 petentibus,

689 2604 824 2636 Perouse,
841 2604 875 2630 30
886 2607 954 2631 aout
966 2605 1044 2632 1235.

1183 338 1329 372 recipiant
1348 343 1377 367 et
1396 342 1578 375 examinent,
1594 351 1692 370 eorum
1708 343 1787 370 dicta
1810 344 1838 370 in
1860 344 1978 378 publica.
1994 345 2180 373 munimenta

1184 387 1276 422 redigi
1293 389 1444 416 facientes.
1462 404 1492 408 —
1509 391 1653 423 (R20.18,
1671 392 1690 418 f.
1705 391 1739 418 66
1755 395 1800 423 ι”ς
1817 401 1886 419 ann.
1901 393 1953 425 lx,
1970 401 1995 420 c.
2011 393 2086 425 211.)

1226 500 1238 513 α
1260 511 1277 516 ..
1296 489 1396 518 abbati
1412 490 1607 525 Marmosolii,
1630 514 1649 519 ..
1664 493 1765 529 priori
1779 493 1887 521 Sancte
1903 494 1997 522 Marte
2014 494 2047 522 de
2064 495 2181 523 Jlirteto

1183 549 1277 578 supra
1293 542 1470 579 Nimpham,
1495 543 1678 572 l'elletrensis
1694 544 1826 573 diocesis.
1844 544 1961 574 Dilecti
1983 545 2042 574 filii
2061 554 2180 576 consu-

1184 592 1232 622 les
1254 610 1302 622 —.
1329 594 1400 623 Dat.
1429 594 1574 630 Perusii,
1602 596 1649 625 111
1677 595 1834 626 kalendas
1855 597 2066 635 septembris,
2095 607 2181 628 anno

1185 653 1282 675 nono.
1301 658 1313 671 n

1255 822 1372 850 2252
1770 825 1904 858 Perouse,
1920 827 1935 853 4
1951 829 2017 853 aaut
2034 827 2111 854 1235.

1221 882 1364 917 Episcopo
1375 883 1590 915 Lemovicensi,
1604 899 1634 903 —
1647 894 1732 919 quem
1745 893 1759 911 (ι
1772 887 1906 913 nonnulli
1919 887 2029 914 nobiles
2041 890 2067 914 et
2080 890 2183 922 poten-

1187 937 1201 956 »
1217 932 1270 963 tes,
1285 930 1500 958 dissensionum
1517 935 1545 958 et
1561 933 1760 960 turbationum
1777 937 1907 961 auctores
1922 943 1973 961 nec
1987 944 2042 961 non
2057 936 2181 970 ruptarii

1187 985 1202 1002 υ
1217 986 1250 1004 ac
1264 978 1404 1005 bonorum
1418 979 1682 1007 ecclesiasticorum
1697 981 1786 1008 etiam
1801 981 1948 1009 invasores
1963 991 1976 1008 ι)
1990 983 2183 1010 Lemovicen-

1187 1026 1227 1052 sis
1242 1027 1398 1059 dioecesis,
1414 1035 1449 1054 ex
1471 1036 1504 1054 eo
1526 1028 1601 1062 quod
1617 1029 1745 1063 ipsorum
1767 1029 1955 1057 insolentiam
1971 1031 2122 1065 satagebat
2136 1040 2184 1059 co-

1187 1074 1319 1107 hercere,
1336 1083 1387 1109 per
1401 1075 1532 1102 diversas
1548 1076 1662 1103 litteras
1677 1078 1850 1111 apostolicas
1867 1078 1903 1105 ad
1924 1079 2040 1106 diversa
2055 1083 2083 1107 et
2098 1080 2185 1107 valde

1187 1126 1299 1149 remota
1320 1123 1381 1150 loca
1401 1132 1498 1150 coram
1514 1124 1639 1151 diversis
1654 1125 1802 1158 judicibus
1818 1126 1965 1153 iaciebant
1982 1127 2127 1154 malitiose
2142 1128 2185 1155 ci-

1187 1170 1256 1203 tari,
1270 1171 1347 1197 unde
1358 1171 1546 1205 contingebat
1560 1173 1646 1206 quod,
1661 1173 1730 1199 dum
1746 1182 1795 1208 per
1808 1178 2006 1208 procuratores
2020 1184 2084 1202 suos
2095 1177 2185 1203 vellet

1188 1218 1337 1245 interdum
1361 1227 1457 1246 coram
1481 1221 1648 1247 eorumdem
1673 1221 1805 1255 judicum
1831 1223 1979 1256 aliquibus
2003 1232 2184 1258 comparere,

1188 1266 1279 1293 iidem
1297 1271 1495 1301 procuratores
1511 1269 1723 1302 spoliabantur,
1739 1270 1940 1304 capiebantur,
1957 1271 2186 1299 verberabantur

1189 1317 1217 1341 et
1238 1315 1440 1342 tractabantur
1459 1316 1627 1349 inhoneste,
1645 1312 1676 1335 '—
1697 1317 1830 1351 indulget
1850 1327 1886 1345 ne
1905 1320 1982 1346 ultra
2002 1320 2073 1347 duas
2093 1321 2187 1347 dietas

1189 1370 1206 1389 a
1221 1362 1343 1389 civitate
1361 1363 1564 1391 Lemovicensi
1585 1373 1635 1398 per
1655 1366 1728 1392 tales
1748 1366 1861 1393 litteras
1883 1375 1899 1393 a
1923 1367 1997 1394 Sede
2018 1369 2189 1402 Apostolica

1188 1410 1373 1444 impetratas,
1390 1411 1427 1438 ad
1441 1412 1587 1445 Judicium
1604 1413 1682 1439 trahi
1704 1414 1809 1447 possit,
1831 1414 1888 1441 nisi
1909 1417 2055 1449 praefatae
2071 1416 2187 1444 litterae

1190 1457 1226 1485 de
1251 1458 1437 1493 indulgentia
1463 1461 1609 1494 praesenti
1636 1462 1754 1495 plenam
1784 1463 1907 1490 fecerint
1935 1464 2126 1491 mentionem⁴
2154 1479 2187 1484 —

1190 1507 1277 1537 (Rae.
1293 1507 1338 1539 18,
1354 1508 1375 1534 f.
1389 1507 1424 1534 66
1438 1510 1484 1539 v⁰;
1498 1516 1567 1535 ann.
1583 1508 1635 1541 IX,
1649 1517 1674 1535 c.
1689 1509 1756 1541 212;
1771 1524 1803 1528 —
1819 1510 1950 1539 Monssau
1964 1511 2042 1544 1190,
2059 1513 2079 1538 t.
2096 1512 2152 1543 98.)

1233 1618 1247 1633 ει
1267 1628 1287 1636 ..
1305 1609 1437 1646 episcopo
1454 1609 1666 1638 Lemovicensi.
1690 1609 1845 1639 Exhibita
1862 1610 1957 1641 nobis
1974 1616 2027 1641 tue
2045 1629 2093 1640 —.
2115 1613 2189 1642 Dat.

1192 1657 1335 1695 Perusii,
1353 1661 1387 1690 II
1402 1669 1506 1690 nonas
1523 1662 1666 1699 augusti,
1683 1671 1769 1692 anno
1784 1671 1881 1693 nono.
1900 1675 1913 1689 n

1264 1836 1383 1865 2⁷53

1228 1898 1372 1933 Episcopo
1386 1898 1602 1931 Salamantino,
1617 1907 1670 1926 nec
1684 1908 1740 1926 non
1756 1903 1783 1927 et
1799 1900 1908 1928 decano
1921 1906 1948 1928 et
1960 1903 2099 1936 magistro
2111 1904 2192 1930 scho-

1193 1947 1288 1973 larum
1311 1947 1536 1974 Zamorensibus
1562 1948 1683 1975 mandat
1705 1954 1847 1982 quatenus
1872 1955 2068 1984 exsequantur
2091 1960 2192 1979 omnes

1193 1995 1332 2022 articulos
1346 1995 1480 2022 mandati
1495 1995 1532 2022 ab
1548 1996 1610 2030 ipso
1626 2005 1700 2031 papa
1715 1997 1751 2023 ad
1767 1997 1935 2032 episcopum
1957 2000 2148 2027 Palentinum
2164 2005 2193 2027 et.

1194 2044 1256 2077 ejus
1279 2044 1447 2077 conjudices
1467 2048 1568 2071 contra
1587 2052 1682 2078 regem
1706 2045 1907 2079 Portugaliae.
1929 2048 2068 2074 ecclesiae
2087 2048 2193 2075 Portu-

1194 2092 1322 2126 galensis
1342 2095 1570 2126 persecutorem,
1591 2093 1714 2125 directi;
1731 2094 1806 2128 quod
1827 2094 1850 2121 si
1874 2103 1922 2122 rex
1944 2096 2109 2130 praedictus
2124 2096 2193 2124 sub-

1194 2142 1288 2167 tracta
1301 2140 1455 2167 restituere
1467 2148 1501 2167 ac
1515 2141 1718 2175 Portugalensi
1733 2142 1866 2177 episcopo
1879 2147 1906 2169 et
1920 2143 1980 2170 suis
1991 2144 2026 2171 de
2037 2145 2194 2172 securitate

1195 2188 1349 2222 providere
1373 2196 1431 2215 non
1455 2189 1617 2221 curaverit,
1643 2189 1739 2223 ipsum
1764 2191 2052 2219 excommunicatum
2077 2192 2195 2227 publice

1195 2236 1350 2269 nuntient,
1367 2239 1395 2264 et
1411 2237 1474 2263 loca
1486 2236 1523 2264 ad
1539 2245 1612 2271 quae
1626 2237 1657 2264 in
1673 2246 1760 2272 regno
1775 2247 1826 2265 suo
1838 2239 1968 2273 venerit,
1985 2248 2016 2267 eo
2031 2243 2193 2275 praesente,

1195 2284 1354 2311 interdicto
1369 2285 1566 2312 ecclesiastico
1582 2285 1752 2319 subjiciant.
1770 2301 1800 2305 —
1817 2287 1903 2318 (Rae.
1917 2288 1961 2320 18,
1978 2289 1998 2315 f.
2015 2288 2048 2315 66
2062 2291 2107 2321 v·;
2124 2297 2193 2316 ann.

1196 2332 1254 2365 IX,
1270 2341 1295 2359 c.
1311 2332 1380 2364 2133
1397 2347 1429 2351 —
1445 2333 1483 2359 ef.
1499 2340 1599 2366 supra,
1617 2337 1646 2360 n⁹
1661 2334 1752 2366 1351.)

1763 1839 1898 1872 Perouse,
1912 1840 1943 1867 31
1959 1843 2027 1867 aaut
2042 1841 2120 1868 1235.

1239 2445 1253 2459 ιι
1273 2455 1292 2461 ..
1309 2434 1442 2470 episcopo
1457 2428 1719 2469 Salamantinos..
1737 2435 1848 2465 decano
1863 2442 1889 2465 ει
1907 2459 1924 2464 ..
1945 2439 2089 2474 magistro
2104 2438 2195 2466 scola-

1197 2494 1269 2514 rum
1286 2485 1545 2514 Zamorrensibus.
1566 2485 1666 2521 Licet,
1685 2491 1844 2525 quantum
1860 2496 1934 2517 cum
1949 2506 1996 2516 —.
2019 2489 2103 2519 Sane
2122 2497 2197 2526 gra-

1198 2537 1251 2566 via
1267 2541 1297 2566 et
1311 2537 1441 2567 diversa
1455 2537 1647 2574 gravamina
1662 2547 1724 2577 que
1738 2561 1758 2567 ..
1776 2540 1977 2577 portugallie
1987 2549 2041 2570 rex
2055 2540 2196 2570 illustris

1199 2588 1369 2618 dicebatur
1386 2588 1510 2618 inferre
1527 2589 1757 2627 Portugalensi
1775 2591 1930 2626 ecclesie,
1955 2597 2020 2621 tam
2040 2593 2073 2622 in
2090 2593 2195 2631 capite

1199 2649 1298 2679 quam
1313 2641 1348 2670 in
1366 2640 1534 2675 membris,
1552 2641 1776 2673 intelleximus
1799 2643 1877 2673 olim
1897 2653 1955 2682 per
1973 2644 2055 2674 bone
2073 2653 2196 2675 merno-

1198 2693 1248 2723 rie
1261 2716 1281 2721 ..
1298 2692 1569 2730 portugalensem
1585 2694 1785 2732 episcopum.
1799 2695 1884 2733 apud
1897 2696 2014 2726 Sedem
2030 2696 2196 2734 Apostoli-

1200 2753 1271 2774 cam
1287 2745 1514 2774 constitutum.
1532 2745 1623 2775 Idem
1639 2746 1725 2775 enim
1744 2746 1837 2776 nobis
1854 2748 1945 2784 gravi
1961 2748 2196 2786 conquestione

1199 2797 1395 2826 monstravit
1407 2796 1493 2835 quod
1504 2805 1559 2827 res
1571 2797 1652 2835 ipse,
1666 2802 1814 2835 pretextu
1828 2799 1998 2837 cujusdam
2012 2808 2109 2838 prave
2123 2809 2196 2830 con-

1200 2849 1395 2883 stitutionis,
1407 2857 1504 2887 quam
1517 2849 1565 2888 [..]
1581 2858 1721 2887 proavus
1737 2850 1806 2888 ejus
1824 2850 1982 2886 ediderat,
1998 2856 2032 2880 ut
2045 2851 2197 2882 videlicet

1200 2901 1320 2931 mulier
1337 2901 1495 2938 capiatur,
1512 2909 1585 2930 cum
1601 2910 1663 2939 qua
1681 2910 1820 2939 persona
1839 2902 2061 2933 ecclesiastica
2078 2904 2198 2942 reperi-
