2519 3518
155 328 215 360 369
1017 314 1204 352 DIXIEME
1224 313 1385 351 ANNEE.
2190 325 2248 356 370

157 394 224 433 ipsi
242 392 449 424 adversarios
466 399 543 422 suos
557 391 681 425 dicunt,
697 399 754 429 per
765 390 894 421 litteras
911 393 1053 423 nostras,
1067 387 1162 426 quasi

157 446 388 476 malefactores
428 447 555 474 vestros
590 447 782 481 reputantes
819 442 968 477 eosdem,
1006 440 1162 479 gravibus

158 497 347 537 sumptibus
369 501 401 527 et
421 495 592 526 laboribus
616 496 775 533 fatigatis.
799 495 1004 525 Auctor-itate
1026 494 1164 531 insuper

158 550 276 581 talium
297 549 496 584 litterarum,
522 548 562 578 ad
580 548 710 587 judices
729 548 816 587 juris
838 548 983 585 ignaros,
1001 546 1094 577 valde
1110 554 1164 576 re-

158 606 266 633 motos
290 602 450 640 vobisque
475 601 648 639 propitios,
669 605 783 631 contra
804 605 931 630 vestros
957 599 1164 629 adversarios

158 654 386 689 obtentarum,
414 653 526 691 aliquo
550 653 655 683 amico
675 657 784 683 vestro
809 653 961 687 citatore‚
983 656 1020 681 ut
1040 651 1165 681 dictum

159 711 228 742 est,
256 707 446 745 impetrato,
477 714 702 744 quoscumque
728 705 841 740 vultis,
865 705 961 735 citari
988 704 1099 734 facitis
1125 703 1164 733 ab

159 759 286 794 eodem,
313 759 482 796 assignato
508 758 556 788 eis
581 758 779 796 quandoque
804 762 869 787 tam
894 757 987 787 brevi
1011 756 1164 791 termino,

159 821 225 851 quo
251 820 421 850 nunquam
445 810 575 840 valeant
599 819 806 848 comparere,
830 814 866 839 ut
889 810 936 839 sic
956 813 1070 839 contra
1089 808 1165 838 illos

160 864 251 894 velut
270 868 385 894 contra
409 867 635 897 contumaces,
660 863 689 892 si
712 871 777 892 non
804 866 1030 900 compareant,
1052 870 1165 900 proce-

159 917 268 947 datur.
287 916 321 947 Si
338 916 395 954 qui
414 924 502 950 vero,
521 916 642 954 quibus
659 915 876 945 committitur
892 915 1060 944 citationis
1077 914 1166 944 edic-

160 972 242 1003 tum,
256 969 294 998 (10
309 968 591 1007 sigillisjudicum
603 968 804 997 dubitantes,
818 967 870 997 vel
885 967 963 1005 quia
977 967 1166 997 citatorium

161 1021 235 1051 sine
265 1020 386 1057 sigillis
416 1020 464 1049 cis
492 1019 683 1054 ostenditis,
711 1019 797 1057 quod
821 1019 1044 1049 incontinenti
1072 1019 1166 1049 vobis

160 1072 254 1103 reddi
270 1073 451 1111 precipitis,
470 1072 509 1102 ad
525 1072 699 1102 citationes
715 1071 891 1110 procedere
908 1072 1164 1109 pretermittant,

161 1124 203 1155 ad
221 1129 346 1162 septem
362 1124 413 1154 vel
435 1129 506 1154 octo
528 1124 634 1154 dietas
655 1128 786 1162 propter
808 1123 869 1153 hoc
885 1123 1018 1153 trahitis
1035 1124 1165 1154 eosdem

161 1177 197 1206 in
213 1185 366 1211 causam,
385 1181 415 1206 et
433 1186 548 1214 graves
565 1176 678 1206 subire
695 1176 825 1206 labores
849 1185 885 1206 ac
904 1185 1003 1206 onera
1023 1175 1166 1214 compel-

160 1228 232 1258 litis
264 1237 493 1266 expcnsarum,
525 1229 692 1258 cessiones
723 1229 907 1263 actionum,
939 1237 1021 1266 quas
1053 1233 1167 1258 contra

161 1280 369 1310 honestatem
391 1285 533 1310 vestram
553 1280 717 1318 recipitis,
740 1290 798 1318 per
818 1280 947 1310 litteras
969 1280 1166 1318 apostolicas

161 1337 411 1371 prosequentes.
429 1333 514 1368 Quia
529 1341 605 1362 vero
622 1332 776 1362 nonnulli
792 1332 905 1362 clerici
922 1337 954 1362 et
971 1332 1066 1368 laici,
1082 1333 1168 1362 sicut

162 1385 366 1420 audivimus,
390 1385 451 1414 hoc
471 1385 618 1423 exemplo
634 1385 795 1423 corrupti,
820 1394 877 1423 per
891 1385 1020 1415 litteras
1038 1390 1168 1415 nostras

161 1442 358 1475 presumunt
380 1437 503 1466 similia
519 1441 725 1475 perpetrare,
748 1441 779 1466 et
801 1446 839 1467 ex
858 1437 940 1472 hiis,
967 1437 1051 1467 sicut
1075 1447 1168 1468 acce-

160 1490 282 1528 pimus,
304 1489 491 1527 Apostolice
508 1489 585 1519 Sedi
603 1489 799 1524 detrahitur,
817 1490 1078 1527 proponentibus
1094 1490 1168 1529 plu-

160 1542 255 1572 ribus
272 1542 332 1572 1100
345 1542 493 1572 accidere
510 1551 567 1580 pro
581 1542 684 1572 nimio
696 1542 808 1572 favore
822 1552 920 1581 quem
934 1543 1027 1573 robis
1039 1544 1169 1582 impen-

161 1594 238 1624 dere
267 1603 333 1624 non
361 1602 548 1629 cessamus,
585 1603 622 1624 30
649 1595 735 1632 apud
763 1594 885 1624 multos
914 1600 1023 1625 vestra
1050 1595 1169 1634 religio

160 1645 311 1676 redditur
327 1646 451 1680 odiosa,
473 1655 548 1681 1105,
571 1655 619 1681 03,
638 1646 724 1676 510111
744 1655 803 1676 1100
820 1646 992 1683 debemus,
1012 1657 1086 1677 cum
1103 1652 1170 1678 tam

160 1698 254 1737 gravi
270 1698 425 1728 scandalo
443 1698 582 1728 tolerare
600 1698 766 1734 nolentes,
785 1699 934 1729 districte
951 1700 1045 1730 vobis
1062 1701 1169 1738 preci-

160 1751 281 1790 piendo
295 1751 490 1781 mandamus
503 1755 667 1789 quatenus
679 1750 740 1781 hec
754 1755 785 1780 et
799 1751 921 1781 similia
934 1752 1044 1782 taliter
1057 1762 1170 1783 emen-

161 1803 239 1834 dare
259 1804 398 1839 curetis,
419 1804 506 1842 quod
521 1803 645 1834 clamor
663 1804 854 1843 hujusmodi
871 1805 911 1834 ad
927 1814 986 1835 nos
1006 1806 1044 1835 de
1061 1811 1170 1836 cetero

161 1864 227 1886 non
245 1856 410 1892 ascendat,
430 1865 490 1886 nec
506 1861 620 1886 contra
635 1865 692 1886 vos
709 1857 885 1895 procedere
899 1857 1015 1888 durius
1032 1859 1170 1897 compel-

161 1909 288 1945 lamur;
306 1909 450 1940 scientes
467 1918 526 1939 nos
542 1909 728 1940 venerabili
739 1910 836 1939 fratri
850 1914 962 1940 nostro
981 1934 1000 1939 ..
1019 1912 1171 1950 episcopo

161 1965 194 1991 et
207 1961 338 1992 dilectis
353 1961 433 1992 filiis
458 1984 478 1990 ..
500 1962 624 1992 decano
645 1962 900 1993 Pictavensibus
919 1967 950 1993 et
971 1986 991 1992 ..
1009 1964 1171 1994 archidia-

159 2022 243 2044 cono
259 2014 457 2049 Alnisiensi,
474 2015 723 2044 Xanctonensis
740 2015 893 2051 diocesis,
909 2017 1032 2046 nostris
1049 2016 1172 2047 litteris

160 2067 367 2106 injunxisse,
389 2071 426 2096 ut
448 2076 504 2097 vos
526 2067 567 2097 ad
592 2067 627 2096 id
649 2071 806 2097 moneant
829 2072 861 2098 et
882 2068 1059 2104 inducant,
1086 2071 1173 2108 quod

161 2128 262 2158 super
280 2119 347 2149 hiis
362 2120 565 2155 invenerint,
586 2120 682 2150 nobis
698 2120 842 2150 fideliter
858 2121 928 2151 suis
946 2121 1069 2152 litteris
1084 2124 1172 2154 rese-

161 2175 286 2202 rentes.
303 2172 377 2201 Dat.
389 2171 533 2202 Viterbii
545 2195 551 2207 ‚
565 2172 596 2202 X
611 2171 770 2202 kalendas
787 2173 877 2209 maii,
899 2182 986 2204 anno
1002 2174 1140 2205 decimo.
1157 2188 1170 2203 »

198 2319 302 2343 3117.
320 2331 352 2335 -
370 2317 402 2343 In
418 2317 546 2344 eundem
567 2317 627 2344 fere
645 2317 765 2344 modum
786 2318 929 2353 seriptum
950 2322 993 2347 est
1013 2328 1100 2355 super
1117 2321 1172 2349 hoc

161 2364 221 2389 illis
237 2363 270 2398 [..
285 2366 405 2398 episcopo
420 2366 443 2390 et
457 2384 476 2390 ..
491 2365 592 2391 decano
609 2365 822 2399 pictavensibus,
839 2368 863 2392 et
878 2386 897 2394 ..
913 2367 1107 2395 archidiacono
1121 2370 1172 2396 Al-

163 2413 290 2443 m'simsi,
306 2412 501 2439 ,tununnensis
516 2411 649 2448 diocesis}

235 2611 288 2639 3¹
299 2612 354 2640 18
726 2615 864 2649 Viterbe,
880 2616 914 2643 18
929 2618 1005 2645 avril
1021 2619 1100 2646 1236.

200 2673 324 2700 Barensi
345 2676 374 2701 et
394 2674 538 2701 Tranensi
561 2676 791 2711 archiepiscopis
810 2681 838 2705 et
856 2679 991 2714 episcopo
1010 2681 1173 2710 Melfitensi

166 2721 290 2748 mandat
318 2724 479 2756 quatenus,
506 2723 704 2758 inquisitione
731 2726 809 2753 tacta
837 2727 873 2753 de
899 2729 1036 2756 nefandis
1058 2732 1174 2759 actibus

166 2769 316 2803 Gregorii,
340 2770 456 2798 abbatis
481 2773 656 2799 monasterii
681 2773 808 2801 Sanctae
832 2775 990 2804 Trinitatis
1014 2779 1173 2814 Venusini,

164 2817 302 2845 abbatem
330 2819 466 2846 eumdem
491 2820 529 2847 ab
556 2821 691 2854 ejusdem
719 2824 890 2851 monasterii
915 2825 1175 2856 administratione

165 2869 334 2898 amoveant,
355 2870 384 2894 et
406 2875 439 2894 ea
459 2876 533 2902 quae
551 2877 603 2903 per
630 2870 719 2897 illum
739 2871 775 2898 de
797 2871 882 2899 bonis
897 2874 1028 2908 ejusdem
1045 2876 1177 2905 alienata

166 2912 338 2941 invenerint
348 2914 457 2942 illicite
469 2917 518 2943 vel
531 2917 686 2951 distracta,
704 2919 741 2946 ad
751 2920 798 2953 jus
814 2924 842 2948 et
855 2922 1065 2956 proprietatem
1081 2925 1176 2959 ipsius

168 2963 341 2989 monasterii
367 2967 521 2998 revocent,
550 2966 697 2994 facientes
722 2968 818 2996 eidem
848 2972 1026 2999 monasterio
1052 2973 1088 3000 de
1109 2981 1176 3008 per—

289 3015 475 3048 cnncomn
493 3025 544 3055 lx,
563 3028 581 3050 t.
601 3026 636 3051 11.

1245 395 1316 414 sona
1331 387 1437 415 idonea
1452 396 1502 422 per
1513 389 1688 416 electionem
1701 389 1873 416 canonicam
1888 390 2048 423 provideri.
2061 406 2093 410 —
2105 392 2191 425 (nm.
2203 393 2248 426 18,

1245 436 1266 462 f.
1280 435 1332 462 148
1345 438 1385 468 r⁹;
1400 444 1470 463 ann.
1487 436 1526 469 X,
1543 445 1568 464 c.
1585 437 1643 469 52.)

1287 547 1300 562 α
1320 558 1340 564 ,.
1358 536 1484 565 Barensi
1500 541 1527 565 et
1547 559 1566 565 ..
1594 537 1744 566 Tranensi
1765 538 2001 576 archiepiscopis
2023 544 2049 568 et
2072 561 2091 569 ..
2116 540 2252 578 episcopo

1245 589 1411 625 Melfitensi.
1430 588 1639 619 Abusionum
1655 589 1853 627 gravissima
1868 590 1958 620 senis
1973 608 2022 620 —.
2041 592 2127 622 Sane
2142 592 2251 623 relatu

1246 640 1382 679 majoris
1405 644 1436 670 et
1458 641 1602 670 sanioris
1626 641 1728 678 partis
1750 641 1892 671 fratrum
1912 644 2107 673 monasterii
2131 644 2250 675 Sancte

1246 692 1420 722 Trinitatis
1440 692 1643 732 X'enusin[i],
1667 693 1794 722 ordinis
1820 694 1926 723 sancti
1952 695 2136 731 Benedicti,
2164 696 2251 735 quod

1247 744 1288 774 ad
1303 753 1362 774 nos
1381 744 1472 774 nullo
1488 745 1596 775 medio
1615 744 1737 774 dicitur
1752 745 1929 783 pertinere,
1943 747 2103 777 mirantes
2123 748 2252 786 accepi-

1246 806 1320 827 mus
1344 797 1430 836 quod
1455 798 1648 835 Gregorius,
1675 798 1777 828 abbas
1806 798 1892 836 ejus,
1923 799 2171 838 ethimologiam
2199 801 2251 830 sui

1248 850 1393 880 nominis
1409 859 1473 880 non
1491 851 1675 885 attendens,
1695 859 1754 880 nec
1771 850 1896 889 aliquid
1913 851 1951 881 de
1963 852 2118 890 ope-ribus
2135 853 2252 883 hones·

1248 902 1325 932 tatis
1344 911 1533 937 assumens,
1558 912 1620 941 quc
1645 907 1710 932 tam
1732 903 1847 933 beatus
1870 904 2050 941 Gregorius
2067 914 2164 943 quam
2182 905 2252 942 glo·

1247 955 1356 984 riosus
1370 955 1631 992 prcsati'ordinis
1647 955 1820 985 institutor
1838 956 1989 986 docuisse
2006 966 2041 985 ac
2059 957 2166 994 egisse
2179 966 2252 987 con-

1248 1007 1340 1037 tinue
1356 1007 1585 1041 dinoscuntur,
1609 1008 1642 1036 in
1663 1008 1864 1038 monasterio
1886 1009 2031 1038 residere
2053 1009 2203 1047 despicit,
2222 1015 2254 1040 et

1249 1060 1380 1089 nedum.
1399 1060 1485 1098 quod
1506 1060 1612 1097 ipsius
1635 1060 1796 1095 intendat,
1819 1062 2054 1090 conservandis
2077 1062 2173 1092 bonis
2198 1067 2254 1092 aut

1247 1112 1516 1150 possessionibus
1532 1111 1742 1150 ampliandis,
1757 1112 1866 1147 immo,
1884 1113 1954 1150 ipsa
1971 1113 2151 1143 luxuriose.
2167 1114 2254 1152 quod

1249 1164 1421 1202 potissime
1452 1164 1491 1193 de
1517 1163 1686 1193 claustrali
1713 1173 1786 1193 cum
1814 1164 1933 1194 rubore
1963 1165 2100 1201 dicitur,
2134 1175 2255 1195 consu-

1248 1217 1378 1251 mendo,
1396 1216 1543 1254 ejusdcm
1560 1217 1714 1251 oratorio,
1728 1216 1869 1246 officinis
1887 1221 1917 1246 01
1929 1217 2080 1246 domibus
2098 1227 2255 1256 reparan-

1249 1269 1300 1298 dis
1316 1277 1429 1298 curam
1447 1268 1592 1306 aliquam
1613 1277 1678 1297 non
1696 1269 1873 1306 impendit,
1892 1278 1993 1307 quare
2013 1272 2046 1298 tit
2067 1271 2151 1308 quod
2169 1271 2255 1300 mul-

1249 1321 1371 1351 totiens
1394 1321 1429 1350 in
1456 1321 1582 1355 eodem,
1602 1321 1771 1358 p[lurijmo
1788 1330 1951 1350 concursu
1976 1321 2175 1360 pluviarum.
2203 1323 2256 1352 vix

1251 1374 1363 1403 divina
1389 1373 1550 1403 celebrari
1574 1373 1720 1408 valeant,
1750 1378 1805 1402 aut
1835 1374 1870 1402 in
1895 1374 2037 1403 officinis
2065 1375 2210 1413 ejusdem
2238 1386 2254 1403 a

1250 1425 1423 1456 monachis
1441 1426 1558 1456 haberi
1575 1426 1781 1455 commodum
1801 1426 2004 1462 mansionis;
2023 1427 2159 1465 quibus,
2177 1427 2258 1456 olim

1251 1478 1366 1508 multis
1383 1487 1537 1513 numero,
1556 1486 1645 1507 nunc
1661 1487 1737 1507 vero
1758 1478 1988 1516 paucissimis,
2008 1484 2183 1517 paupertas
2198 1489 2256 1517 pro

1251 1533 1390 1568 divitiis,
1410 1542 1468 1571 pro
1484 1532 1634 1562 ubertate
1650 1533 1807 1570 penuria,
1831 1537 1859 1562 et
1885 1534 2037 1571 angustia
2055 1534 2257 1564 successisse

1251 1586 1401 1621 noscitur
1411 1595 1469 1624 pro
1479 1585 2092 1624 (10101ος51011001110001110005111501,
2108 1586 2147 1615 ad
2159 1595 2258 1624 quem

1252 1638 1331 1668 olim
1347 1637 1483 1676 plurimi
1499 1637 1729 1675 properabant,
1748 1637 1796 1666 ibi
1815 1637 1854 1666 ad
1871 1638 2102 1675 Redemptoris
2119 1638 2258 1675 gloriam

1251 1691 1426 1729 religionis
1447 1690 1599 1720 habitum
1615 1694 1835 1725 assumentes,
1859 1695 1887 1719 et
1907 1690 2042 1719 odibilis
2064 1691 2259 1720 101111110101

1253 1752 1329 1782 sepe
1346 1743 1458 1782 sepius
1470 1743 1646 1778 devitatur,
1660 1743 1835 1780 presertim
1847 1752 1921 1772 cum
1937 1743 2045 1772 dictus
2064 1743 2176 1777 abbas,
2190 1744 2258 1772 Deo

1252 1796 1448 1835 preferendo
1465 1795 1648 1831 denarium,
1671 1795 1800 1824 nullum
1816 1795 1863 1824 ibi
1883 1795 2020 1833 recipiat
2042 1796 2109 1825 nisi
2129 1805 2186 1833 per
2202 1805 2258 1833 pe-

1253 1850 1350 1879 cunie
1364 1849 1605 1883 interventum,
1624 1848 1705 1886 quin
1721 1848 1822 1877 immo
1840 1865 1888 1882 —,
1907 1848 2078 1877 inimicam
2098 1849 2163 1877 sibi
2179 1857 2257 1877 con—

1254 1903 1397 1932 stituens
1420 1901 1607 1935 caritatem,
1627 1900 1771 1930 infirmis
1795 1901 1967 1930 monachis
1985 1901 2175 1930 necessaria
2193 1909 2258 1930 non

1252 1954 1425 1993 impendit,
1438 1953 1496 1983 sed
1504 1962 1559 1983 eos
1570 1953 1778 1983 immanitate
1791 1957 1880 1982 tanta
1891 1953 2073 1991 perturbat,
2083 1953 2168 1991 quod
2180 1953 2256 1990 ipsi,

1252 2007 1368 2037 relicto
1384 2006 1597 2041 monasterio,
1609 2006 1649 2035 ad
1664 2010 1758 2035 notos
1771 2010 1801 2036 et
1813 2006 1979 2044 proximos
1995 2006 2189 2045 [recurrere]
2202 2014 2259 2043 pro

1254 2060 1320 2090 vite
1344 2059 1502 2090 remediis
1527 2058 1779 2097 compelluntur,
1804 2064 1835 2088 et
1858 2059 1887 2088 si
1911 2058 2042 2097 quando
2063 2067 2176 2088 eorum
2198 2057 2259 2087 ali-

1255 2113 1330 2152 quis
1356 2113 1392 2142 in
1417 2112 1476 2142 tali
1503 2112 1691 2142 calamitate
1713 2112 1864 2146 moritur,
1889 2111 1986 2150 quasi
2008 2111 2204 2149 peregrinus
2229 2115 2261 2140 et

1255 2166 1381 2196 advena
1398 2165 1439 2195 ad
1455 2164 1659 2203 sepulturam
1680 2164 1829 2203 ejusdem
1846 2164 2042 2193 monasterii
2063 2167 2260 2201 reportatur.

1255 2219 1422 2253 Preterea,
1441 2226 1482 2247 ne
1499 2217 1587 2247 idem
1605 2217 1647 2246 sit
1663 2216 1702 2246 de
1719 2225 1777 2246 sue
1794 2216 1904 2245 carnis
1918 2216 2074 2253 despectu
2092 2215 2260 2250 notabilis,

1255 2271 1386 2301 cuidam
1402 2270 1515 2308 nepoti
1531 2278 1590 2299 500
1607 2269 1838 2299 molendinum
1853 2268 2004 2303 contulit,
2026 2268 2192 2306 quondam
2209 2268 2263 2296 in-

1254 2324 1425 2352 firmorum
1447 2321 1628 2352 commodis
1649 2321 1859 2359 deputatum,
1883 2320 2102 2358 pauperibus,
2122 2328 2263 2358 quorum

1255 2376 1303 2405 ibi
1324 2380 1457 2406 centum
1476 2384 1535 2413 per
1553 2375 1623 2404 dies
1646 2373 1797 2412 singulos
1818 2373 2050 2412 pascebantur,
2069 2377 2099 2402 et
2119 2372 2262 2402 infirmis

1255 2429 1423 2459 subtracto
1446 2428 1564 2458 solatio
1590 2427 1677 2466 quod
1702 2427 1738 2456 in
1758 2427 1830 2464 ipso
1851 2425 2034 2456 liberaliter
2056 2425 2260 2455 obtinebant.

1255 2482 1343 2518 Quid
1356 2481 1474 2520 plura?
1493 2481 1578 2517 Quia
1599 2479 1749 2518 delinqui
1768 2479 1808 2508 ab
1825 2487 1862 2509 eo
1881 2478 2037 2513 creditur,
2055 2478 2095 2513 si,
2114 2477 2263 2514 neglecto

1254 2543 1410 2573 paupere,
1427 2534 1476 2563 ibi
1492 2534 1584 2563 dives
1601 2532 1723 2571 aliquis
1739 2532 1932 2566 honoretur,
1949 2531 2019 2560 loco
2038 2530 2095 2568 qui
2109 2530 2149 2559 ad
2165 2538 2264 2559 usum

1255 2591 1448 2625 magnatum
1473 2591 1504 2617 et
1533 2590 1704 2624 potentum
1726 2584 1910 2614 habebatur
1929 2583 2065 2617 ibidem,
2091 2583 2187 2612 ruine
2209 2591 2262 2612 re-

1255 2640 1344 2676 licto,
1362 2640 1449 2670 bona
1464 2639 1630 2678 quondam
1647 2638 1694 2668 eis
1711 2637 1862 2675 deputari
1879 2636 1987 2669 solita,
2008 2644 2065 2673 per
2081 2635 2188 2672 ipsius
2205 2634 2262 2663 ab-

1256 2693 1343 2722 batis
1359 2693 1525 2722 incuriam
1541 2695 1617 2721 sunt
1633 2694 1844 2727 consumpta;
1862 2689 1956 2727 quus
1968 2696 2096 2717 camera
2110 2686 2262 2724 personis

1255 2745 1403 2775 vanitate
1416 2744 1525 2783 plenis
1542 2748 1572 2773 et
1585 2743 1757 2772 honestate
1770 2741 1895 2775 vacuis,
1910 2739 1991 2778 quin
2005 2740 2105 2768 immo
2119 2747 2176 2776 pro
2188 2738 2261 2768 labe

1255 2797 1394 2827 lascivie
1422 2795 1648 2827 sollicitudine
1674 2794 1831 2824 continua
1856 2791 2058 2826 devitandis,
2086 2795 2201 2828 patens
2231 2794 2263 2819 et

1258 2852 1365 2881 amica
1379 2850 1539 2885 redditur,
1558 2858 1595 2879 eo
1611 2846 1760 2887 quodibi
1776 2846 1916 2875 fratrum
1932 2843 2115 2874 adam-anda
2130 2851 2262 2881 presen-

1291 2976 1312 3001 1.
1328 2978 1378 3000 Ms.
1395 2984 1402 2998 :
1418 2974 1492 3005 quod
1507 2981 1569 2998 eum
1585 2974 1664 2996 locus
1679 2972 1750 3002 ipse.
