2423 3487
130 292 179 321 531
848 286 1085 316 REGISTRES
1108 285 1162 314 DE
1185 276 1406 314 GREGOIRE
1430 285 1488 314 1x.
2161 284 2216 314 532

129 360 231 391 legato,
250 357 369 384 mandat
383 360 413 382 ut
428 356 559 383 Petrum.
572 355 700 388 judicem
718 353 925 385 Arborensem,
943 353 1003 386 qui,
1017 360 1067 386 pro
1080 352 1127 378 di-

128 407 219 434 versis
235 405 400 432 excessibus
421 404 525 438 quibus
541 403 670 437 graviter
691 403 796 429 Sedem
816 402 1015 436 Apostolicam
1035 400 1127 427 offen-

127 457 223 485 derat,
239 457 266 481 et
282 462 332 488 pro
348 462 379 480 eo
396 453 557 487 potissime,
575 452 650 485 quod
666 451 820 477 adstiterat
837 451 982 484 quondam
1002 449 1126 480 Ubaldo,

127 513 222 531 socero
242 512 306 533 suo,
325 502 354 528 in
379 501 531 527 invasione
551 500 739 527 Calaritanae
756 499 939 533 provinciae,
961 499 995 524 ad
1018 499 1127 524 Roma-

127 562 194 580 nam
208 551 369 579 Ecclesiam
383 549 569 583 pertinentis,
583 548 866 575 excommunicatus,
881 547 916 573 ad
929 546 1021 580 ipsius
1035 553 1127 579 papae

127 600 321 636 praesentiam
340 598 530 632 personaliter
546 596 670 623 debebat
684 596 828 627 laborare,
845 595 1058 622 absolutionem
1077 602 1127 627 pe-

127 650 248 680 titurus,
268 647 303 674 ab
320 648 381 681 ipso
402 646 537 673 cautione
558 649 675 679 recepta
697 648 724 671 et
745 645 878 678 injuncto
897 644 922 670 ei
941 643 1016 677 quod
1038 643 1127 669 suerit

126 696 352 731 injungendum,
367 695 509 722 absolvat.
521 709 551 712 —
564 694 650 725 (Rae.
668 693 711 725 18,
730 694 749 719 f.
762 693 812 719 214
826 695 870 724 νος
885 700 954 718 ann.
967 691 1006 724 Χ,
1019 700 1044 718 c.
1057 691 1125 723 302;

126 761 157 764 —
172 747 208 772 ef,
226 752 320 777 supra,
336 747 364 770 n⁰
377 743 451 774 276.)

167 866 178 878 (t
198 853 340 888 ,Πηρὼ-[νο
353 848 559 886 Αίωῆαηιῖνο]1
579 849 735 885 capellano
757 852 873 881 nostro,
894 848 1057 884 Apostolice
1074 847 1126 875 Se-

125 906 171 934 dis
187 907 291 941 [effato.
312 903 400 932 Licet
418 904 549 936 Petrus,
571 901 670 939 judex
692 918 740 928 ——.
759 901 831 929 Dat.
852 901 1056 934 lutei-amne,
1076 899 1126 928 III

125 967 228 987 nonas
242 956 403 995 januarii,
426 954 635 992 pontificatus
652 953 756 983 nostri
771 961 857 982 anno
874 952 1011 982 decimo.
1031 963 1044 978 n

195 1155 311 1183 3423
665 1150 775 1186 [Terni,
792 1150 807 1176 3
822 1150 938 1184 janvier
951 1149 1020 1176 1237
1030 1147 1054 1184 P]

160 1218 264 1246 Eidem
278 1217 356 1244 idem
372 1215 508 1247 mandat,
526 1214 711 1248 supplicante
725 1212 879 1245 Adelasia,
897 1220 985 1238 uxore
999 1211 1124 1244 Ubaldi,

123 1267 232 1302 judicis
250 1264 416 1296 Turritani,
434 1272 483 1297 pro
502 1263 581 1289 dicto
600 1261 725 1294 Ubaldo,
743 1261 807 1295 qui,
825 1262 889 1295 post
912 1259 1123 1286 inhibitionem

126 1315 210 1343 Sedis
234 1313 434 1349 Apostolicae‚
466 1311 667 1339 Calaritanam
695 1309 880 1344 provinciam
905 1308 1066 1335 invaserat.
1093 1322 1124 1326 —

124 1365 211 1396 (Rae.
226 1363 269 1396 18,
286 1364 305 1389 f.
322 1362 373 1389 214
388 1364 431 1393 v⁰;
446 1368 516 1387 ann.
533 1360 572 1393 X,
589 1368 614 1386 c.
632 1359 697 1391 303;
713 1373 744 1376 —
759 1359 797 1385 cf.
811 1365 907 1390 supra,
926 1360 954 1384 n⁰
970 1357 1045 1388 276.)

167 1484 179 1497 κ
198 1471 312 1500 Eidem.
331 1469 420 1499 Licet
436 1467 596 1502 Ubaldus,
612 1467 711 1506 judex
728 1484 775 1494 —.
799 1478 810 1492 >2

197 1667 316 1696 3424

163 1730 266 1757 Eidem
291 1729 412 1755 mandat
437 1729 580 1761 quatenus
603 1726 731 1753 nobilem
758 1726 911 1753 mulierem
937 1726 1125 1760 Adelasiam,

125 1779 276 1806 dominam
292 1777 461 1811 provinciae
476 1775 666 1808 Turritanae,
682 1775 705 1802 si
725 1776 798 1802 forte
814 1775 991 1802 sententiam
1009 1784 1127 1802 excom-

127 1826 338 1854 municationis
365 1825 532 1857 incurrerit,
558 1824 702 1851 absolvat.
723 1839 753 1842 -
775 1825 861 1856 (Rae.
888 1824 935 1856 18,
960 1825 979 1850 f.
1003 1824 1054 1851 214
1079 1827 1125 1856 v⁰;

125 1884 194 1903 ann.
212 1875 250 1907 X,
268 1883 292 1901 c.
309 1874 383 1905 304.)

696 1665 795 1697 Terni,
812 1665 828 1691 8
843 1664 959 1698 janvier
974 1664 1053 1691 1237.

166 1995 179 2009 α
212 1982 326 2010 Eidem.
357 1980 543 2019 Apostolice
573 1979 649 2010 Sedi
679 1979 851 2009 devotione
881 1997 930 2008 ——.
964 1981 1037 2009 Dat.
1071 1981 1128 2010 In-

126 2040 283 2069 teramne,
302 2035 346 2064 VI
365 2034 439 2063 idus
452 2033 610 2072 januarii,
630 2042 715 2062 anno
732 2032 870 2062 decimo.
890 2045 902 2058 n

198 2233 314 2260 34²5

164 2293 274 2321 Abbati
295 2292 491 2320 Everbacensi
513 2295 558 2324 (·--
582 2292 750 2325 Eberbach,
771 2301 820 2319 seu
841 2292 1129 2320 Erbach—i.—Rhein-

129 2343 206 2377 gau),
221 2341 416 2375 Maguntinae
432 2341 582 2373 dioecesis,
600 2349 653 2367 nec
668 2349 725 2368 non
742 2343 770 2367 et
785 2341 895 2367 decano
911 2343 939 2367 et
954 2341 1129 2369 scholastico

130 2390 317 2424 Maguntinis
341 2390 462 2416 mandat
484 2391 642 2423 quatenus,
660 2403 691 2407 —
707 2397 773 2415 eum
794 2389 856 2423 ipse
877 2397 953 2423 papa
972 2389 1081 2417 decano
1101 2392 1129 2417 et

128 2439 259 2474 capitulo
273 2437 508 2471 Coloniensibus,
526 2437 586 2472 qui,
601 2440 794 2472 proponentes
810 2437 866 2464 sibi
883 2438 1031 2471 stipendia
1047 2447 1063 2465 a
1077 2438 1129 2466 Co-

128 2486 255 2515 loniensi
271 2486 435 2520 praeposito
452 2486 550 2512 minus
570 2485 748 2513 sufficienter
769 2485 933 2512 ministrari
946 2488 964 2519 ¹,
982 2493 996 2511 «
1012 2495 1127 2513 crucem

129 2543 143 2562 i>
164 2535 307 2562 celebrem
325 2535 355 2561 in
373 2534 541 2562 Coloniensi
556 2534 680 2561 ecclesia
695 2534 898 2567 constitutam,
911 2543 984 2568 quae
996 2543 1013 2561 a
1029 2536 1130 2562 multi-

130 2592 143 2610 »
164 2583 268 2611 tudine
289 2583 420 2610 fidelium
444 2583 475 2609 in
496 2583 592 2610 multa
612 2583 779 2610 reverentia
797 2583 906 2616 jugiter
926 2582 1128 2617 habebatur»,

127 2631 164 2658 ad
184 2634 291 2658 terram
312 2631 521 2665 deposuerant,
539 2631 707 2658 mandasset
728 2633 761 2657 ut
780 2631 891 2657 dictam
908 2639 1024 2658 crucem
1039 2631 1069 2658 in
1087 2633 1129 2659 lo-

127 2687 194 2707 cum
211 2679 370 2714 pristinum
387 2682 580 2712 resumerent,
595 2694 626 2698 -
641 2679 751 2706 eisdem
769 2678 994 2707 Coloniensibus
1009 2680 1040 2706 in
1056 2680 1129 2708 dicti

701 2231 805 2263 Terni,
819 2231 835 2257 5
848 2230 964 2264 J'anvier
978 2231 1057 2258 1237.

161 2806 181 2829 1.
201 2806 241 2830 Cf.
258 2813 354 2836 supra,
371 2811 398 2830 n⁸
415 2807 483 2836 3157,
498 2807 549 2830 col.
567 2806 610 2831 392
625 2813 630 2830 :
649 2815 660 2829 «
682 2813 730 2837 pro
750 2813 783 2830 eo
804 2805 877 2836 quod
895 2805 1027 2836 [decanus
1044 2807 1129 2831 Colo-

128 2849 242 2880 niensis]
265 2850 373 2873 dicebat
396 2850 486 2880 ipsum
510 2850 679 2881 prepositum
703 2849 917 2880 [Coloniensem]
940 2851 1029 2873 minus
1054 2851 1129 2874 suffi-

127 2893 231 2916 eleuter
247 2894 446 2918 amministrare
463 2894 601 2924 stipendia
616 2894 668 2917 sibi
684 2896 710 2917 et
724 2894 784 2917 aliis
801 2893 941 2917 canonicis
955 2893 1129 2919 Coloniensis

129 2939 274 2963 ecclesie...
289 2949 299 2960 υ

1212 351 1345 377 mandati
1360 351 1547 378 exsecutione
1559 350 1752 383 cessantibus,
1765 351 1841 377 illud
1853 359 1939 385 super
1951 351 2004 377 hoc
2018 351 2138 385 exsequi
2152 359 2215 385 pro-

1211 402 1324 425 curent.
1344 414 1374 417 —
1391 400 1477 430 (REG.
1497 399 1540 431 18,
1559 401 1579 426 f.
1596 400 1647 426 214
1664 402 1707 431 v⁰;
1725 408 1794 426 ann.
1809 400 1853 432 X,
1871 408 1895 426 c.
1911 399 1985 431 305.)

1253 512 1265 525 «
1287 522 1306 527 ..
1324 501 1425 528 abbati
1445 501 1651 533 Ererbacensi,
1672 501 1851 537 Mayuntine
1867 501 2003 535 diocesis,
2024 524 2043 530 ..
2061 501 2173 530 decano
2191 507 2216 530 el

1212 574 1232 582 ..
1259 553 1413 581 scolastico
1436 554 1638 590 illayztizlinis.
1663 552 1790 582 Dilecto
1811 552 1880 582 filio
1904 576 1921 582 ..
1948 553 2140 584 Coloniensi
2165 571 2214 582 —.

1211 606 1284 634 Dal.
1303 605 1502 639 Iolci-amne,
1522 605 1618 634 nonis
1631 605 1791 644 januarii,
1810 614 1896 635 anno
1912 605 2050 636 decimo.
2071 618 2083 632 2>

1281 776 1398 804 3426
1789 777 1889 810 Terni,
1904 777 1920 804 9
1934 777 2051 811 janvier
2065 778 2143 805 1237.

1245 838 1389 873 Episcopo
1400 839 1538 866 Trecensi
1554 839 1676 866 mandat
1690 841 1845 873 quatenus,
1863 854 1895 858 —-
1912 848 1979 867 cum
1993 840 2083 867 abbas
2098 849 2216 868 monas-

1209 886 1277 913 terii
1292 885 1523 921 Pulter[iensis],
1537 887 1574 914 ad
1587 888 1752 914 Romanam
1766 888 1931 915 Ecclesiam
1944 889 2026 915 nullo
2038 889 2216 923 pertinentis

1210 935 1375 967 mediante,
1394 937 1512 969 propter
1532 935 1658 962 nimiam
1678 935 1866 964 debilitatem
1885 939 1914 963 et
1929 937 2134 964 valetudinem
2154 945 2217 964 cor-

1209 984 1298 1018 poris,
1313 984 1344 1010 in
1357 984 1472 1010 senium
1489 985 1548 1018 jam
1564 993 1702 1018 vergens,
1720 985 1756 1012 de
1776 987 1871 1012 cetero
1887 986 2100 1013 monasterium
2117 986 2215 1020 ipsum

1209 1033 1370 1067 gubernare
1382 1042 1439 1059 non
1452 1035 1559 1067 posset,
1571 1042 1604 1060 ac
1618 1033 1741 1068 proinde
1753 1036 1872 1068 cuperet
1884 1034 2027 1068 praedicti
2043 1034 2217 1062 monasterii

1209 1082 1341 1115 regimen
1354 1082 1513 1116 resignare,
1527 1097 1558 1100 —
1573 1083 1703 1110 cessione
1717 1083 1779 1117 ejus
1791 1086 1918 1117 recepta,
1931 1083 2022 1110 faciat
2035 1083 2143 1117 eidem,
2158 1092 2218 1111 mo-

1208 1132 1307 1157 raturo
1323 1130 1377 1157 sub
1391 1131 1483 1157 futuri
1499 1131 1615 1158 abbatis
1630 1131 1810 1165 obedientia,
1828 1131 1905 1159 sicut
1916 1132 1967 1158 uni
1982 1140 2017 1159 ex
2033 1132 2101 1159 aliis
2118 1140 2218 1160 mona-

1208 1178 1272 1205 chis
1298 1179 1430 1212 ejusdem
1454 1180 1642 1213 monasterii,
1664 1180 1824 1214 provideri.
1845 1195 1876 1198 —
1895 1181 1983 1213 (Rae.
1998 1181 2047 1214 18,
2062 1182 2082 1208 f.
2104 1181 2156 1208 215
2178 1183 2217 1214 r⁰;

1207 1235 1277 1254 ann.
1295 1227 1334 1260 X,
1352 1236 1376 1254 c.
1394 1227 1464 1261 306;
1481 1243 1513 1246 —
1529 1228 1663 1256 Monam
1679 1229 1758 1262 1191,
1773 1230 1794 1256 f.
1811 1229 1886 1261 185.)

1250 1340 1263 1354 «
1286 1351 1306 1357 ..
1324 1329 1458 1366 episcopo
1478 1330 1625 1358 Trecensi.
1649 1329 1748 1365 Cum,
1772 1329 1858 1359 sicut
1880 1329 1981 1359 abbas
1998 1347 2044 1358 —.
2067 1331 2141 1360 Dat.
2162 1331 2219 1360 In-

1209 1384 1368 1416 teramna,
1384 1382 1413 1412 V
1427 1381 1503 1411 idus
1516 1382 1676 1421 januarii,
1696 1391 1783 1412 anno
1799 1382 1938 1412 decimo.
1961 1394 1973 1408 >2

1280 1554 1399 1582 342⁵?
1792 1553 1893 1588 Terni,
1906 1554 1923 1581 9
1935 1554 2052 1588 janvier
2067 1555 2146 1582 1237.

1244 1616 1355 1643 Abbati
1367 1616 1565 1644 Everbacensi
1578 1618 1618 1649 (ε
1630 1616 1793 1650 Eberbach,
1807 1625 1857 1644 seu
1869 1617 2217 1653 Erbach-i.-Rheingau),

1209 1665 1406 1699 Maguntinae
1423 1665 1576 1699 dioecesis,
1594 1674 1647 1692 nec
1661 1674 1718 1693 non
1739 1668 1767 1693 et
1783 1665 1893 1693 decano
1909 1668 1937 1693 et
1952 1667 2128 1694 scholastico
2150 1667 2218 1695 Ma—

1209 1714 1343 1748 guntinis
1357 1714 1480 1741 mandat
1494 1716 1638 1748 quatenus
1655 1714 1824 1742 Conradum
1840 1713 1886 1749 [de
1902 1713 2002 1749 Bure]‚
2017 1715 2217 1750 praepositum

1210 1763 1433 1796 Coloniensem,
1460 1772 1546 1797 quem
1575 1763 1743 1796 Conradus,
1767 1763 1861 1798 ipsius
1886 1772 1978 1798 papae
2005 1764 2217 1798 subdiaconus,

1209 1812 1394 1846 praepositus
1409 1812 1536 1839 Sanctae
1549 1812 1664 1839 Mariae
1679 1812 1715 1839 ad
1730 1812 1846 1840 Gradus
1858 1812 2054 1846 Coloniensis,
2071 1813 2218 1848 praeposi-

1210 1864 1277 1888 tura
1301 1870 1354 1888 sua
1369 1860 1539 1889 Coloniensi
1555 1869 1606 1895 per
1625 1861 1801 1888 violentiam
1823 1861 2016 1896 spoliaverat,
2032 1862 2064 1889 in
2084 1870 2218 1897 corpora-

1210 1911 1268 1937 lem
1283 1909 1377 1944 ipsius
1391 1909 1611 1944 praepositurae
1627 1910 1840 1944 possessionem
1861 1910 2021 1944 inducant,
2043 1919 2077 1938 ac
2096 1911 2219 1939 inducto

1209 1959 1246 1986 de
1270 1958 1463 1992 proventibus
1490 1958 1621 1992 ejusdem
1654 1966 1706 1993 pro
1731 1960 1863 1993 tempore
1892 1959 2050 1993 praeterito
2080 1960 2218 1987 satisfieri

1210 2007 1337 2040 faciant,
1354 2007 1492 2034 invocato
1507 2007 1544 2034 ad
1561 2007 1629 2039 hoc,
1647 2007 1671 2033 si
1687 2015 1759 2041 opus
1774 2007 1878 2039 fuerit,
1895 2007 2008 2034 auxilio
2024 2007 2139 2035 brachii
2155 2016 2219 2036 sae-

1210 2055 1329 2082 cularis.
1348 2070 1379 2073 —
1397 2056 1484 2087 (Res.
1504 2054 1553 2088 18,
1574 2055 1594 2081 f.
1609 2054 1661 2081 215
1679 2058 1720 2087 r⁰;
1739 2063 1808 2082 ann.
1823 2055 1868 2088 X,
1888 2063 1912 2082 e.
1932 2055 1998 2088 307;
2014 2070 2045 2074 —
2062 2056 2219 2084 Por'rnAsr

1209 2103 1313 2136 102843
1329 2119 1360 2122 —
1377 2105 1415 2131 cf.
1429 2111 1525 2137 supra,
1540 2106 1569 2130 n'³
1583 2103 1675 2135 3157.)

1252 2218 1265 2231 «
1286 2228 1305 2234 ..
1324 2205 1425 2234 abbati
1444 2205 1654 2240 Everbacensi,
1671 2206 1850 2242 Mayzmiine
1869 2205 2009 2241 diocesis,
2029 2229 2049 2235 ..
2067 2206 2179 2236 decano
2194 2211 2221 2236 et

1213 2260 1401 2288 ..scolastico
1415 2259 1619 2296 Mayunlinis.
1636 2257 1785 2288 Dilectus
1800 2257 1890 2288 filius
1905 2258 2134 2289 Con1·adus—-.
2144 2259 2218 2289 Dat.

1211 2312 1412 2347 Interamne,
1431 2312 1459 2341 V
1475 2310 1549 2340 idus
1563 2311 1723 2349 januarii,
1743 2319 1829 2341 anno
1846 2311 1982 2341 decimo.
2005 2323 2018 2338 »

1282 2475 1400 2503 3428
1774 2477 1874 2510 Terni,
1891 2477 1924 2504 13
1937 2477 2054 2511 janvier
2069 2478 2148 2506 1237.

1248 2537 1345 2564 Priori
1361 2539 1389 2564 et
1405 2537 1536 2572 capitulo
1553 2538 1657 2565 Sancti
1679 2538 1781 2565 Ursini
1798 2538 1995 2566 Bituricensis
2009 2540 2133 2567 mandat
2148 2548 2220 2575 qua-

1212 2588 1297 2613 tenus
1321 2586 1519 2620 Germanum,
1542 2595 1701 2621 pauperem
1723 2587 1864 2614 clericum
1890 2587 2036 2615 Eduensis
2063 2588 2219 2623 dioecesis,

1212 2635 1329 2661 nullum
1346 2634 1579 2662 ecclesiasticum
1595 2634 1771 2662 beneficium
1787 2638 1966 2669 assecutum,
1982 2636 2014 2662 in
2028 2636 2159 2671 ipsorum
2173 2645 2220 2664 ec-

1212 2682 1303 2709 clesia
1315 2683 1443 2710 residere
1458 2685 1606 2717 paratum,
1619 2683 1766 2718 recipiant
1777 2683 1808 2710 in
1820 2684 2007 2718 canonicum,
2020 2685 2219 2720 praebendam

1212 2731 1238 2758 ei
1252 2731 1445 2758 conferentes.
1459 2746 1490 2750 —
1507 2732 1594 2764 (ΗΕΘ.
1609 2731 1653 2764 18,
1671 2732 1691 2758 f.
1706 2732 1758 2758 215
1770 2735 1817 2764 v⁰;
1832 2741 1902 2759 ann.
1917 2733 1956 2766 X,
1971 2741 1995 2760 c.
2010 2733 2085 2765 308.)

1254 2843 1266 2857 α
1295 2853 1312 2859 ..
1334 2833 1438 2869 priori
1460 2837 1485 2861 et
1508 2833 1643 2869 capitulo
1662 2832 1769 2862 Sancti
1796 2833 1902 2862 Ursini
1918 2834 2130 2863 Bituricensis.
2157 2835 2221 2865 Pro

1212 2882 1331 2913 dilecto
1347 2883 1416 2913 filio
1432 2901 1480 2912 -—.
1501 2885 1575 2915 Dat.
1595 2885 1803 2920 Interamne,
1823 2884 1934 2915 idibus
1946 2885 2112 2924 januarii,
2134 2895 2220 2918 anno

1212 2935 1351 2965 decimo.
1369 2947 1381 2962 n
1899 2940 1902 2943 ’
