2519 3518
88 277 143 307 189
919 267 1148 306 Nssuviauss
1170 268 1328 306 ANNEE.
2109 280 2163 310 190

87 344 150 370 erat
171 342 344 369 contestatio
360 342 422 369 litis
440 343 533 375 facta3
551 342 606 377 ipsi
623 351 724 369 causas
741 342 864 369 audiant
879 349 964 376 super
979 339 1084 375 quibus

87 389 206 418 eaedem
218 390 334 417 litterae
346 390 461 417 fuerant
471 390 616 418 obtentae.
629 405 659 409 —
671 391 756 421 (Rea.
770 390 813 422 18,
826 391 845 417 t.
856 389 890 417 80
901 393 937 421 r²';
950 397 1018 415 ann.
1032 388 1084 416 IX.

87 446 113 466 c.
127 438 194 471 265;
212 453 243 457 —
259 438 391 466 Monmu
407 438 486 471 1190,
504 440 523 466 f.
537 439 612 470 151.)

131 550 144 565 a
165 561 184 567 ..
201 539 323 574 decano,
342 544 367 568 ιί
384 540 540 577 maqistris
558 539 674 568 Oddom'
686 539 719 567 de
733 539 835 568 Castro
849 538 962 574 liudulfi
977 542 1001 565 el
1014 537 1088 565 ller-

89 592 169 621 berlo
189 591 268 620 dicto
295 592 471 629 Capeliano,
494 592 652 621 canonicis
674 591 907 620 l'arisiensibtts.
933 589 1089 626 Magister

89 643 157 678 W„
176 642 428 673 archidiaconus
445 661 493 672 —.
516 643 588 673 Dat.
608 642 727 677 Asisii,
748 643 791 672 VI
811 651 914 671 nonas
934 640 1087 674 octobris,

90 703 177 726 anno
194 704 290 725 nono.
311 707 323 721 n

163 886 220 914 28
228 886 246 913 Ι
255 886 283 914 8
650 886 749 915 Terni.
765 885 800 913 ‘20
812 885 927 913 octobre
942 885 1020 912 1235.

129 947 245 974 Decano
260 947 432 980 Parisiensi,
444 950 473 974 et
487 947 636 981 magistris
647 945 797 982 H[enrico]
811 947 846 974 de
859 946 1032 978 Venabulis,
1046 954 1093 973 ar-

93 995 268 1023 chidiacono
295 996 481 1028 Lexoviensi,
511 999 539 1023 ct
565 996 726 1028 Vernacio,
756 995 896 1022 canonico
924 995 1092 1026 Tem-isino,

95 1043 228 1071 Parisius
239 1044 444 1076 commoranti,
460 1044 580 1071 mandat
592 1046 735 1077 quatenus
750 1044 798 1075 A.‚
811 1042 1038 1076 Rotbomagensi
1048 1050 1094 1084 ¹ar·

94 1092 279 1124 chidiacono,
299 1100 355 1119 non
374 1091 508 1119 obstante
523 1091 599 1126 quod
621 1094 738 1126 propter
759 1092 900 1126 capitales
919 1091 1094 1117 inimicitias

95 1148 166 1174 quas
183 1148 241 1166 non
257 1148 309 1167 sua
323 1140 411 1174 culpa
425 1139 605 1172 incurrerat,
624 1139 762 1166 ecclesias
779 1139 1034 1166 archidiaconatus
1049 1138 1094 1164 sui

95 1196 153 1215 non
177 1190 290 1222 poterat
305 1188 498 1222 personaliter
512 1187 645 1219 visitare,
662 1187 772 1214 faciant
789 1186 825 1214 ab
838 1186 947 1213 eisdem
963 1186 1095 1213 ecclesiis

96 1236 315 1271 procurationes
342 1236 454 1263 ratione
476 1236 657 1262 visitationis
679 1235 735 1262 sibi
760 1235 874 1262 debitas
895 1234 1038 1261 exbiberi.
1063 1248 1095 1252 —

96 1284 182 1317 (Rea.
195 1283 238 1317 18,
255 1285 276 1310 f.
288 1283 323 1311 80
335 1287 380 1315 v⁰;
394 1291 463 1310 ann.
481 1283 533 1315 IX,
550 1291 574 1310 e.
587 1283 662 1314 266.)

138 1397 151 1411 α
170 1407 189 1413 ..
204 1385 315 1414 decano
326 1385 504 1419 Parisiensi,
522 1385 670 1421 magistro
682 1384 717 1412 H.
735 1384 768 1412 tle
790 1383 982 1422 l'enabttl[is].
997 1383 1098 1412 archi-

96 1437 224 1466 diacono
238 1437 424 1471 Lexovtenst,
442 1442 467 1465 ct
484 1436 653 1475 [mayistro]
676 1438 817 1466 i'crnacio
830 1437 850 1471 ¹,
867 1437 1014 1466 canonico
1030 1437 1099 1465 Ter-

99 1490 216 1524 υἰείηο,
237 1489 376 1518 Parisius
391 1490 606 1518 commoranti.
630 1488 778 1518 Dilectus
794 1489 883 1518 lilius
901 1490 940 1518 A.
958 1506 1004 1517 —.
1024 1489 1097 1518 Dat.

97 1540 324 1580 Interamn[e],
345 1541 428 1570 XIII
450 1540 609 1570 kalendas
632 1540 838 1576 novembris,
857 1549 943 1570 anno
967 1549 1064 1570 nono.
1085 1552 1097 1566 n

171 1730 289 1759 28¹9

136 1793 246 1820 Abbati
260 1793 448 1825 Lucionensi,
463 1793 649 1820 Pictavensis
662 1793 813 1825 dioecesis,
830 1793 976 1827 significat
992 1802 1021 1820 se
1032 1801 1101 1820 cau-

102 1850 165 1869 sam
179 1849 252 1876 quae
269 1841 347 1868 inter
360 1839 588 1876 M[argaritam],
607 1841 789 1868 comitissam
807 1841 996 1874 Britanniae,
1013 1844 1041 1868 et
1056 1841 1102 1868 vi-

103 1889 275 1916 cecomitem
297 1889 434 1916 Tboarcii
454 1897 539 1923 super
554 1889 728 1923 quibusdam
746 1889 924 1922 redditibus,
946 1890 1102 1923 possessio-

104 1937 190 1964 nibus
205 1940 233 1964 et
248 1937 333 1964 rebus
348 1937 416 1964 aliis
431 1937 467 1964 ad
483 1937 579 1975 dotem
591 1937 684 1977 ipsi-us
697 1938 863 1964 comitissae
875 1938 1101 1972 pcrtinentibus,

103 1985 282 2018 vertebatur,
299 1985 334 2012 ad
348 1994 471 2012 examen
487 1985 679 2020 apostolicum
696 1985 814 2012 duxisse
830 1986 1023 2012 revocandam
1035 2007 1041 2018 ,
1061 1986 1103 2012 ei<

105 2041 160 2067 que
189 2033 310 2060 mandat
343 2036 487 2067 quatenus
520 2033 652 2067 partibus
681 2034 840 2060 terminum
873 2034 1102 2068 peremptorium

105 2081 233 2116 primam
253 2081 434 2108 dominicam
451 2082 698 2115 Quadragesimae
713 2082 856 2115 assignet,
873 2090 928 2115 quo
946 2082 1104 2116 apostolico

106 2129 274 2163 conspectui
296 2137 326 2156 sc
350 2132 545 2164 praesentent.
571 2144 603 2148 -—
624 2131 709 2162 (Iino.
731 2130 774 2161 18,
797 2131 816 2156 f.
839 2130 874 2157 80
893 2133 938 2162 v⁰;
957 2138 1026 2157 ann.
1051 2130 1103 2162 IX,

106 2186 131 2205 c.
147 2177 222 2209 267.)

661 1731 760 1763 Terni,
775 1731 809 1758 22
821 1730 937 1758 octobre
950 1731 1028 1758 1235.

149 2291 162 2306 «
183 2302 202 2307 ..
214 2279 315 2308 abbaci
327 2279 517 2311 [lucionensi.
535 2279 718 2307 pictavensis
731 2279 864 2308 diocesis.
877 2279 958 2310 Cum
973 2288 1106 2309 causam

108 2340 171 2371 quc
195 2331 335 2362 vertitur
357 2331 444 2361 inter
465 2331 606 2361 nobilem
627 2331 801 2361 mulierem
823 2333 879 2366 M.,
904 2332 1107 2361 comitissam

109 2383 294 2418 Britannie‚
313 2388 343 2413 et
360 2383 502 2413 nobilem
517 2383 624 2412 virum
639 2383 686 2422 [..]
701 2383 924 2414 vicecomitem
942 2384 1106 2419 Thoai-cii,

110 2436 316 2467 Pictavensis
332 2435 484 2465 diocesis.
503 2444 601 2474 super
617 2435 814 2474 quibusdam
827 2436 1020 2471 redditibus,
1034 2446 1109 2475 pos—

109 2488 317 2519 sessionibus
341 2492 371 2518 ct
395 2489 494 2518 rebus
518 2488 593 2518 aliis
613 2488 653 2518 ad
673 2488 779 2518 dotem
804 2489 910 2527 ipsius
929 2489 1107 2524 comitisse,

102 2543 146 2572 'ut
161 2541 295 2576 asserit,
317 2541 576 2579 pertinentibus,
596 2545 666 2579 post
687 2541 834 2571 diversas
859 2541 1109 2572 commissiones

103 2590 142 2625 'et
158 2594 266 2624 varias
279 2597 291 2613 ²
307 2594 345 2623 ad
362 2594 509 2624 diversos
523 2593 651 2632 judices
672 2593 750 2623 hinc
773 2594 849 2624 inde
868 2594 908 2623 ab
923 2594 1109 2632 Apostolica

111 2647 194 2678 Sede
205 2644 367 2682 obtentas,
381 2647 510 2677 dilectis
524 2646 602 2675 tiliis
612 2670 617 2675 .
627 2670 632 2675 .
643 2647 681 2676 de
696 2648 796 2677 Ponte
806 2647 918 2681 Uncti,
930 2670 950 2675 ..
963 2647 1001 2677 de
1014 2647 1110 2677 Ebrc-

105 2696 199 2730 'duno
216 2703 247 2730 et
265 2723 284 2728 ..
302 2699 340 2729 de
357 2699 511 2729 Hei-betis
529 2699 623 2729 Jucal
641 2699 821 2737 prioribus,
839 2699 983 2737 predicte
1003 2699 1112 2730 dioce-

113 2751 172 2787 sis,
190 2752 230 2782 ad
246 2752 392 2791 ejusdem
407 2751 572 2781 comitisse
589 2751 796 2781 duxissemus
812 2751 1005 2781 instantiam
1024 2761 1112 2782 com-

147 2876 167 2900 1.
184 2878 232 2900 Ms.
249 2885 256 2900 t
272 2885 283 2899 (ι
300 2876 455 2900 Mam-nacto
471 2883 499 2903 »2
517 2884 529 2898 «ι
546 2876 680 2899 Vernacio
697 2885 707 2898 υ
725 2882 758 2899 cn
775 2876 936 2899 mancbctte.

143 2919 167 2943 2.
183 2919 326 2944 Pcut-etre
342 2920 434 2944 saut-il
451 2921 556 2950 nJ'outcr
572 2920 605 2942 ici
623 2921 738 2943 litteras.

1169 339 1361 371 mittendam
1386 352 1392 370 τ
1420 343 1571 377 tandem.
1598 344 1710 374 cadem
1738 349 1936 382 proponente
1960 345 2060 384 quod,
2087 345 2163 375 licet

1168 396 1233 421 tam
1251 402 1360 423 coram
1380 395 1496 433 primis
1519 405 1615 434 quam
1641 397 1739 426 etiam
1763 406 1870 426 coram
1891 397 1973 435 ipsis
1995 397 2164 436 judicibus

1168 445 1269 475 fuerit
1284 455 1341 484 per
1356 447 1611 485 quadriennium
1637 453 1668 478 et
1692 449 1833 487 amplius
1855 449 2058 485 altercatum,
2083 450 2165 479 non-

1169 497 1246 526 dum
1266 502 1373 528 tamen
1395 499 1434 528 ad
1454 499 1522 528 litis
1541 501 1810 530 contestationem
1837 511 2025 540 processum
2048 502 2164 532 extite-

1170 553 1235 584 rat,
1252 550 1355 587 partis
1371 550 1507 581 alterius
1525 552 1649 582 nralitia
1668 553 1824 583 faciente.
1845 554 2075 592 propterquod
2095 554 2165 592 ipsa

1171 611 1263 631 suam
1284 603 1428 632 nondum
1444 609 1593 642 potuerat
1605 605 1768 644 justitiam
1785 606 1932 636 obtinere
1948 616 1954 635 :
1974 615 2049 641 nos,
2067 608 2164 636 finem

1170 653 1286 684 litibus
1303 655 1472 693 cupientes
1489 656 1628 694 imponi,
1650 657 1746 686 dictis
1770 658 1869 695 priori
1893 658 1930 687 de
1949 659 2049 688 Ponte
2068 659 2165 689 I‘ncti

1172 710 1203 736 ct
1220 707 1290 745 ejus
1306 708 1533 746 conjudicibus
1549 708 1699 739 dedimus
1722 710 1755 738 in
1780 710 1944 740 mandatis
1965 716 2016 744 ut,
2037 710 2064 740 si
2082 715 2167 740 esset

1173 758 1228 795 ita,
1247 759 1333 789 infra
1347 764 1487 798 quatuor
1503 770 1631 791 menses
1643 766 1712 800 post
1728 763 1968 800 susceptionem
1983 762 2167 792 litterarum

1174 815 1372 845 nostrarum.
1398 812 1431 841 in
1449 822 1546 842 causa
1572 813 1643 851 ipsa
1661 814 1753 853 juxta
1771 814 1922 844 traditam
1945 815 1992 844 eis
2016 816 2166 844 sormam.

1175 863 1301 894 ratione
1317 865 1492 902 premissa,
1511 865 1733 903 procedentes,
1752 875 1838 896 eam.
1857 867 1883 895 si
1901 867 1938 896 de
1956 867 2096 905 partium
2114 876 2169 896 vo-

1174 915 1301 946 luntate
1325 917 1531 954 procederet,
1556 919 1619 947 tine
1639 918 1748 948 debito
1770 919 1999 954 terminarent;
2022 919 2168 958 alioquin

1175 967 1279 1005 ipsam
1295 968 1334 997 ad
1351 977 1409 998 nos
1424 969 1627 999 remitterent
1641 970 1841 1000 suflicit-nter
1858 971 2064 1000 instructam.
2076 971 2169 1009 preli-

1177 1024 1290 1056 gentes
1309 1020 1456 1058 partibus
1472 1021 1647 1050 terminum
1664 1026 1912 1059 competentem,
1930 1031 1994 1061 quo
2010 1027 2120 1052 nostro
2136 1031 2170 1052 se

1177 1072 1365 1110 conspectui
1387 1077 1632 1110 presentarent,
1652 1073 1792 1111 justam,
1813 1074 1909 1103 dante
1928 1074 2077 1109 Domino,
2096 1082 2172 1104 sen-

1178 1124 1314 1153 tentiam
1332 1129 1517 1162 reccpture3
1536 1129 1577 1158 et,
1596 1125 1623 1154 si
1640 1125 1744 1155 abeis
1760 1125 1800 1154 ab
1816 1125 1926 1164 aliqua
1943 1127 2084 1164 partium
2098 1135 2171 1156 con-

1177 1175 1319 1213 tingeret
1335 1176 1504 1214 appellari,
1520 1186 1579 1206 nec
1595 1182 1703 1207 essent
1721 1187 1818 1216 snper
1831 1178 2047 1216 appellatione
2065 1178 2172 1208 littere

1179 1228 1355 1266 apostolice
1380 1229 1563 1267 impetrate,
1581 1230 1712 1268 utrique
1734 1231 1818 1268 parti
1839 1235 1962 1260 certum
1980 1231 2172 1263 terminum,

1179 1290 1243 1319 quo
1259 1290 1357 1319 super
1374 1281 1436 1311 hoc
1452 1290 1560 1311 coram
1577 1282 1671 1312 nobis
1688 1292 1744 1321 per
1761 1291 1793 1312 se
1811 1283 1861 1312 vel
1879 1292 1936 1321 per
1948 1288 2175 1321 procuratores

1178 1333 1314 1363 idoneos
1341 1338 1580 1372 comparerent,
1612 1339 1781 1373 receptui-e
1800 1336 1979 1374 justitiam,
2006 1336 2175 1373 assignare

1180 1390 1344 1415 curarent.
1374 1386 1523 1425 Cumque
1550 1391 1658 1425 partes
1683 1396 1791 1417 coram
1816 1388 1971 1425 predictis
1995 1388 2174 1427 judicibus,

1181 1439 1374 1468 auctoritate
1390 1439 1535 1476 priorum
1554 1438 1738 1469 litterarum
1759 1440 1798 1469 ad
1819 1449 1873 1470 cos
1890 1440 2103 1470 directarum.
2122 1449 2176 1470 co-

1180 1490 1252 1520 dem
1268 1490 1420 1520 mandato
1437 1491 1579 1520 nondum
1601 1491 1663 1520 sibi
1680 1496 1877 1529 presentatQ
1895 1492 1934 1521 ad
1950 1493 2091 1522 invicem
2107 1492 2176 1521 liti-

1181 1547 1325 1580 gassent,
1346 1543 1431 1572 idem
1448 1543 1640 1578 vicecomes,
1658 1553 1695 1573 ex
1713 1553 1750 1573 eo
1762 1553 1796 1574 se
1813 1545 1971 1579 sentiens,
1987 1550 2020 1574 ut
2038 1545 2176 1580 dicebat,

1180 1595 1304 1634 injuste
1321 1596 1466 1633 gravari,
1487 1596 1573 1634 quod
1589 1596 1652 1625 duo
1669 1597 1814 1635 ipsorum
1826 1597 1986 1633 judicum.
2006 1602 2178 1636 postquam

1182 1656 1289 1678 coram
1307 1648 1356 1677 eis
1370 1651 1401 1678 et
1416 1647 1541 1685 collega
1556 1648 1702 1686 ipsorum
1721 1649 1826 1678 suerat
1843 1658 1941 1687 super
1953 1650 2022 1688 ejus
2039 1650 2177 1688 appella-

1182 1701 1271 1731 tione
1307 1700 1502 1730 contestatio
1530 1700 1599 1730 litis
1630 1701 1713 1730 sacta
1744 1705 1773 1730 ct
1806 1701 1845 1731 de
1874 1701 1944 1740 ipsa
1980 1702 2177 1737 discussum,

1183 1753 1357 1792 quemdam
1372 1752 1579 1783 XVillelmum
1601 1753 1834 1791 presbiterum.
1857 1754 1913 1793 qui
1933 1763 1966 1784 se
1986 1754 2178 1792 subdelega-

1184 1809 1252 1835 tum
1268 1814 1287 1835 a
1303 1805 1398 1835 tertio
1415 1805 1624 1843 proponebat,
1643 1814 1841 1844 quamquam
1857 1806 1895 1835 dc
1913 1806 2179 1845 subdelegatione

1182 1857 1373 1896 hujusmodi
1396 1857 1471 1895 ipsi,
1492 1858 1663 1887 humiliter
1683 1858 1878 1896 postulanti,
1904 1859 1983 1888 fides
2006 1860 2092 1889 sacta
2116 1869 2178 1889 non

1184 1910 1295 1944 fuerit,
1314 1910 1490 1940 manifeste
1511 1916 1697 1948 suspectum
1717 1911 1836 1947 eidem,
1866 1911 1936 1949 ipso
1957 1912 2020 1941 sibi
2037 1913 2181 1942 associa-

1185 1966 1299 1992 verant
1317 1962 1532 1993 reclamantc.
1558 1963 1597 1992 ad
1617 1963 1732 1993 Sedem
1754 1963 1973 2001 Apostolicam
1993 1965 2177 2003 appellavit.

1185 2015 1349 2048 Ceterum,
1371 2015 1494 2045 eisdem
1509 2015 1688 2054 judit-ibus,
1709 2016 1829 2054 quilms
1848 2017 2052 2054 postmodum
2068 2017 2180 2047 eadem

1185 2067 1353 2097 comitissa
1371 2067 1498 2097 litteras
1517 2078 1533 2097 a
1551 2068 1645 2097 nobis
1667 2069 1817 2098 obtentas
1835 2069 1949 2098 ultimo
1968 2070 2178 2107 presentavit.

1186 2129 1325 2159 quarum
1343 2124 1435 2150 tenor
1453 2121 1605 2159 superius
1619 2125 1666 2150 est
1684 2130 1857 2159 expressus
1871 2123 1890 2150 ¹.
1912 2121 2096 2151 volentibus
2109 2131 2182 2160 pro-

1186 2173 1301 2203 cedere
1324 2182 1381 2211 per
1403 2173 1545 2209 easdem,
1570 2173 1656 2203 idem
1678 2174 1859 2203 vicecomes
1885 2175 2051 2212 proposuit
2074 2184 2182 2204 coram

1188 2226 1236 2256 eis
1251 2225 1355 2264 quod,
1378 2234 1451 2255 cnm
1469 2226 1554 2255 dicta
1573 2226 1738 2255 comitissa
1759 2226 1841 2256 falso
1857 2228 2058 2264 suggesserit
2075 2228 2108 2256 in
2127 2236 2184 2257 nc-

1188 2278 1276 2316 gotio
1295 2278 1398 2308 fuisse
1419 2287 1476 2316 per
1492 2278 1746 2317 quadriennium
1770 2284 1799 2308 et
1822 2279 1962 2317 amplius
1979 2279 2182 2309 altercatum.

1188 2331 1327 2361 necdum
1349 2339 1420 2360 esse
1440 2330 1474 2359 in
1491 2340 1528 2360 eo
1547 2331 1586 2360 ad
1603 2330 1672 2361 litis
1694 2332 1964 2361 contestationem
1982 2341 2182 2370 processum.

1188 2383 1291 2422 partis
1308 2383 1444 2413 alterius
1461 2382 1587 2412 malitia
1604 2384 1760 2427 faciente.
1783 2384 2001 2422 [quapropter]
2019 2385 2185 2421 negotium

1189 2436 1297 2465 fuerat
1315 2439 1541 2473 prorogatum,
1559 2436 1733 2473 procedere
1754 2446 1819 2465 non
1842 2442 1989 2475 poterant
2009 2447 2067 2467 nec
2088 2437 2185 2467 debc-

1190 2488 1286 2522 bant;
1305 2492 1335 2517 ct
1351 2488 1429 2526 quia
1445 2488 1523 2517 dicti
1541 2488 1681 2526 judices.
1700 2497 1736 2518 eo
1754 2498 1816 2518 non
1834 2490 1974 2527 cognito,
1993 2494 2103 2519 contra
2120 2490 2186 2519 for-

1191 2550 1277 2570 mam
1294 2541 1440 2570 mandati
1457 2541 1639 2579 apostolici,
1656 2546 1689 2571 ut
1708 2542 1846 2577 dicebat,
1862 2542 1900 2571 ad
1914 2543 2034 2579 negotii
2052 2543 2186 2573 decisio-

1192 2602 1286 2623 nem.
1325 2594 1396 2631 ipso
1428 2593 1611 2623 renitente.
1652 2594 1825 2632 procedere
1860 2595 2095 2633 attemptabant
2128 2605 2185 2625 net·

1191 2646 1345 2676 volebant.
1370 2646 1410 2675 ab
1433 2646 1622 2685 hujusmodi
1645 2655 1773 2676 cessare
1790 2647 1996 2684 gravamine,
2017 2647 2187 2677 humiliter

1192 2701 1358 2740 requisiti,
1370 2701 1410 2730 ad
1421 2705 1565 2730 nostram
1578 2701 1695 2730 iterato
1707 2701 1795 2730 duxit
1811 2701 2011 2731 audientiam
2025 2701 2186 2740 appellan—

1227 2832 1246 2855 l.
1264 2831 1316 2856 Ces
1330 2832 1423 2855 lettres
1434 2839 1468 2855 ne
1482 2835 1544 2855 sont
1560 2839 1607 2862 pas
1619 2832 1820 2862 expressemcnt
1836 2833 2007 2863 rcprodnites
2022 2840 2086 2857 sous
2102 2834 2188 2856 forme

1194 2875 1228 2898 de
1244 2876 1387 2904 vidimus,
1407 2875 1473 2898 mais
1494 2875 1643 2898 seulement
1664 2876 1805 2906 analysecs
1821 2876 1887 2899 dans
1903 2877 1926 2899 ln
1943 2877 2029 2904 bulle;
2047 2884 2109 2906 voy.
2127 2877 2187 2907 plus

1193 2919 1260 2942 haut
1276 2925 1281 2942 :
1300 2928 1311 2939 ‹·
1327 2925 1389 2947 nos,
1407 2918 1485 2941 finem
1500 2918 1602 2946 litibus,
1620 2928 1631 2941 u
1649 2924 1698 2943 etc.
