<?xml version="1.0" encoding="UTF-8"?>
<!DOCTYPE html PUBLIC "-//W3C//DTD XHTML 1.0 Transitional//EN"
    "http://www.w3.org/TR/xhtml1/DTD/xhtml1-transitional.dtd">
<html xmlns="http://www.w3.org/1999/xhtml" xml:lang="en" lang="en">
 <head>
  <title>
</title>
<meta http-equiv="Content-Type" content="text/html;charset=utf-8" />
  <meta name='ocr-system' content='tesseract 3.04.00' />
  <meta name='ocr-capabilities' content='ocr_page ocr_carea ocr_par ocr_line ocrx_word'/>
</head>
<body>
  <div class='ocr_page' id='page_1' title='image "./lesregistresdale02cathuoft_0045.png"; bbox 0 0 2519 3518; ppageno 0'>
   <div class='ocr_carea' id='block_1_1' title="bbox 120 283 2201 326">
    <p class='ocr_par' dir='ltr' id='par_1_1' title="bbox 120 283 2201 326">
     <span class='ocr_line' id='line_1_1' title="bbox 120 283 2201 326; baseline -0.009 4"><span class='ocrx_word' id='word_1_1' title='bbox 120 292 154 322; x_wconf 81' lang='lat'><strong>6¹</strong></span> <span class='ocrx_word' id='word_1_2' title='bbox 957 283 1185 322; x_wconf 67' lang='lat' dir='ltr'><strong>Nssuvu&#39;zuss</strong></span> <span class='ocrx_word' id='word_1_3' title='bbox 1206 283 1365 320; x_wconf 72' lang='lat' dir='ltr'><strong>ANNEE.</strong></span> <span class='ocrx_word' id='word_1_4' title='bbox 2166 298 2201 326; x_wconf 58' lang='lat'><strong>52</strong></span> 
     </span>
    </p>
   </div>
   <div class='ocr_carea' id='block_1_2' title="bbox 118 356 1122 727">
    <p class='ocr_par' dir='ltr' id='par_1_2' title="bbox 118 356 1122 727">
     <span class='ocr_line' id='line_1_2' title="bbox 119 356 1121 392; baseline -0.003 -7"><span class='ocrx_word' id='word_1_5' title='bbox 119 357 186 385; x_wconf 86' lang='lat' dir='ltr'><strong>nico</strong></span> <span class='ocrx_word' id='word_1_6' title='bbox 204 357 480 390; x_wconf 76' lang='lat' dir='ltr'><strong>Cameracensibus,</strong></span> <span class='ocrx_word' id='word_1_7' title='bbox 497 358 618 385; x_wconf 85' lang='lat' dir='ltr'><strong>mandat</strong></span> <span class='ocrx_word' id='word_1_8' title='bbox 632 361 774 392; x_wconf 69' lang='lat' dir='ltr'><strong>quatenus</strong></span> <span class='ocrx_word' id='word_1_9' title='bbox 791 366 908 385; x_wconf 87' lang='lat' dir='ltr'><strong>uxorem</strong></span> <span class='ocrx_word' id='word_1_10' title='bbox 932 361 961 385; x_wconf 86' lang='lat' dir='ltr'><strong>et</strong></span> <span class='ocrx_word' id='word_1_11' title='bbox 984 356 1121 384; x_wconf 81' lang='lat' dir='ltr'><strong>haeredes</strong></span> 
     </span>
     <span class='ocr_line' id='line_1_3' title="bbox 119 405 1120 437; baseline -0.001 -5"><span class='ocrx_word' id='word_1_12' title='bbox 119 405 259 437; x_wconf 86' lang='lat' dir='ltr'><strong>Henrici,</strong></span> <span class='ocrx_word' id='word_1_13' title='bbox 284 405 402 433; x_wconf 87' lang='lat' dir='ltr'><strong>comitis</strong></span> <span class='ocrx_word' id='word_1_14' title='bbox 427 406 555 433; x_wconf 81' lang='lat' dir='ltr'><strong>Grandis</strong></span> <span class='ocrx_word' id='word_1_15' title='bbox 581 406 678 434; x_wconf 81' lang='lat' dir='ltr'><strong>Prati.</strong></span> <span class='ocrx_word' id='word_1_16' title='bbox 702 410 841 433; x_wconf 84' lang='lat' dir='ltr'><strong>moneant</strong></span> <span class='ocrx_word' id='word_1_17' title='bbox 865 410 893 433; x_wconf 84' lang='lat' dir='ltr'><strong>et</strong></span> <span class='ocrx_word' id='word_1_18' title='bbox 918 406 1060 433; x_wconf 79' lang='lat' dir='ltr'>inducant</span> <span class='ocrx_word' id='word_1_19' title='bbox 1084 405 1120 431; x_wconf 90' lang='lat' dir='ltr'><strong>ad</strong></span> 
     </span>
     <span class='ocr_line' id='line_1_4' title="bbox 118 453 1122 489; baseline -0.001 -8"><span class='ocrx_word' id='word_1_20' title='bbox 118 453 309 481; x_wconf 81' lang='lat' dir='ltr'><strong>relaxandam</strong></span> <span class='ocrx_word' id='word_1_21' title='bbox 338 454 496 488; x_wconf 83' lang='lat' dir='ltr'><strong>quamdam</strong></span> <span class='ocrx_word' id='word_1_22' title='bbox 521 454 762 489; x_wconf 67' lang='lat' dir='ltr'><strong>compositionem</strong></span> <span class='ocrx_word' id='word_1_23' title='bbox 788 463 894 489; x_wconf 80' lang='lat' dir='ltr'><strong>quam,</strong></span> <span class='ocrx_word' id='word_1_24' title='bbox 921 454 1122 481; x_wconf 80' lang='lat' dir='ltr'><strong>fraudulenter</strong></span> 
     </span>
     <span class='ocr_line' id='line_1_5' title="bbox 119 503 1122 535; baseline -0.001 -5"><span class='ocrx_word' id='word_1_25' title='bbox 119 503 356 535; x_wconf 82' lang='lat' dir='ltr'><strong>circumventus,</strong></span> <span class='ocrx_word' id='word_1_26' title='bbox 378 503 518 531; x_wconf 81' lang='lat' dir='ltr'><strong>Joffridus</strong></span> <span class='ocrx_word' id='word_1_27' title='bbox 537 503 573 530; x_wconf 87' lang='lat' dir='ltr'><strong>de</strong></span> <span class='ocrx_word' id='word_1_28' title='bbox 593 503 706 531; x_wconf 84' lang='lat' dir='ltr'><strong>Grandi</strong></span> <span class='ocrx_word' id='word_1_29' title='bbox 729 504 831 535; x_wconf 69' lang='lat' dir='ltr'><strong>Frate,</strong></span> <span class='ocrx_word' id='word_1_30' title='bbox 852 504 992 530; x_wconf 81' lang='lat' dir='ltr'><strong>ecclesiae</strong></span> <span class='ocrx_word' id='word_1_31' title='bbox 1009 503 1122 530; x_wconf 84' lang='lat' dir='ltr'><strong>Montis</strong></span> 
     </span>
     <span class='ocr_line' id='line_1_6' title="bbox 120 551 1121 585; baseline 0 -8"><span class='ocrx_word' id='word_1_32' title='bbox 120 551 271 578; x_wconf 80' lang='lat' dir='ltr'><strong>Flasconis</strong></span> <span class='ocrx_word' id='word_1_33' title='bbox 300 551 501 585; x_wconf 84' lang='lat' dir='ltr'><strong>praepositus,</strong></span> <span class='ocrx_word' id='word_1_34' title='bbox 531 559 597 578; x_wconf 91' lang='lat' dir='ltr'><strong>eum</strong></span> <span class='ocrx_word' id='word_1_35' title='bbox 627 551 727 578; x_wconf 88' lang='lat' dir='ltr'><strong>eodem</strong></span> <span class='ocrx_word' id='word_1_36' title='bbox 757 552 904 582; x_wconf 73' lang='lat' dir='ltr'><strong>Henrico,</strong></span> <span class='ocrx_word' id='word_1_37' title='bbox 935 553 1023 578; x_wconf 80' lang='lat' dir='ltr'><strong>fratre</strong></span> <span class='ocrx_word' id='word_1_38' title='bbox 1051 559 1121 582; x_wconf 73' lang='lat' dir='ltr'><strong>suo,</strong></span> 
     </span>
     <span class='ocr_line' id='line_1_7' title="bbox 118 599 1122 634; baseline 0.002 -9"><span class='ocrx_word' id='word_1_39' title='bbox 118 607 206 633; x_wconf 82' lang='lat' dir='ltr'><strong>super</strong></span> <span class='ocrx_word' id='word_1_40' title='bbox 227 599 408 626; x_wconf 80' lang='lat' dir='ltr'><strong>haereditate</strong></span> <span class='ocrx_word' id='word_1_41' title='bbox 428 599 479 631; x_wconf 91' lang='lat' dir='ltr'><strong>H.,</strong></span> <span class='ocrx_word' id='word_1_42' title='bbox 502 599 620 626; x_wconf 79' lang='lat' dir='ltr'><strong>comitis</strong></span> <span class='ocrx_word' id='word_1_43' title='bbox 643 600 771 627; x_wconf 75' lang='lat' dir='ltr'><strong>Grandis</strong></span> <span class='ocrx_word' id='word_1_44' title='bbox 797 600 894 631; x_wconf 76' lang='lat' dir='ltr'><strong>l’rati,</strong></span> <span class='ocrx_word' id='word_1_45' title='bbox 920 600 1048 634; x_wconf 81' lang='lat' dir='ltr'><strong>ipsorum</strong></span> <span class='ocrx_word' id='word_1_46' title='bbox 1071 608 1122 634; x_wconf 84' lang='lat' dir='ltr'><strong>pa-</strong></span> 
     </span>
     <span class='ocr_line' id='line_1_8' title="bbox 120 647 1121 682; baseline 0.002 -8"><span class='ocrx_word' id='word_1_47' title='bbox 120 647 190 680; x_wconf 82' lang='lat' dir='ltr'><strong>tris,</strong></span> <span class='ocrx_word' id='word_1_48' title='bbox 206 647 262 674; x_wconf 82' lang='lat' dir='ltr'><strong>fide</strong></span> <span class='ocrx_word' id='word_1_49' title='bbox 278 648 419 682; x_wconf 85' lang='lat' dir='ltr'><strong>praestita</strong></span> <span class='ocrx_word' id='word_1_50' title='bbox 434 648 612 676; x_wconf 81' lang='lat' dir='ltr'><strong>firmaverat.</strong></span> <span class='ocrx_word' id='word_1_51' title='bbox 629 663 660 666; x_wconf 97' lang='lat'><strong>—</strong></span> <span class='ocrx_word' id='word_1_52' title='bbox 674 649 760 680; x_wconf 69' lang='lat' dir='ltr'><strong>(Rae.</strong></span> <span class='ocrx_word' id='word_1_53' title='bbox 777 648 820 681; x_wconf 82' lang='lat'><strong>18.</strong></span> <span class='ocrx_word' id='word_1_54' title='bbox 838 650 858 675; x_wconf 84' lang='lat' dir='ltr'><strong>f.</strong></span> <span class='ocrx_word' id='word_1_55' title='bbox 875 649 908 675; x_wconf 81' lang='lat'><strong>26</strong></span> <span class='ocrx_word' id='word_1_56' title='bbox 922 653 967 680; x_wconf 79' lang='lat' dir='ltr'><strong>v⁰;</strong></span> <span class='ocrx_word' id='word_1_57' title='bbox 984 657 1053 675; x_wconf 86' lang='lat' dir='ltr'><strong>ann.</strong></span> <span class='ocrx_word' id='word_1_58' title='bbox 1070 649 1121 680; x_wconf 78' lang='lat' dir='ltr'><strong>tx,</strong></span> 
     </span>
     <span class='ocr_line' id='line_1_9' title="bbox 119 696 219 727; baseline 0.01 -5"><span class='ocrx_word' id='word_1_59' title='bbox 119 704 145 722; x_wconf 89' lang='lat' dir='ltr'><strong>c.</strong></span> <span class='ocrx_word' id='word_1_60' title='bbox 162 696 219 727; x_wconf 84' lang='lat'><strong>71.)</strong></span> 
     </span>
    </p>
   </div>
   <div class='ocr_carea' id='block_1_3' title="bbox 120 830 1130 2965">
    <p class='ocr_par' dir='ltr' id='par_1_3' title="bbox 120 830 1130 2965">
     <span class='ocr_line' id='line_1_10' title="bbox 162 830 1121 867; baseline 0.003 -12"><span class='ocrx_word' id='word_1_61' title='bbox 162 840 175 855; x_wconf 89' lang='lat'>«</span> <span class='ocrx_word' id='word_1_62' title='bbox 195 851 213 857; x_wconf 89' lang='lat'><strong>..</strong></span> <span class='ocrx_word' id='word_1_63' title='bbox 235 831 399 867; x_wconf 82' lang='lat' dir='ltr'><strong>preposito,</strong></span> <span class='ocrx_word' id='word_1_64' title='bbox 420 852 437 858; x_wconf 90' lang='lat'><strong>..</strong></span> <span class='ocrx_word' id='word_1_65' title='bbox 459 831 580 859; x_wconf 79' lang='lat' dir='ltr'><strong>cantori</strong></span> <span class='ocrx_word' id='word_1_66' title='bbox 601 835 626 858; x_wconf 80' lang='lat' dir='ltr'><strong>et</strong></span> <span class='ocrx_word' id='word_1_67' title='bbox 642 831 788 867; x_wconf 71' lang='lat' dir='ltr'><strong>maqistro</strong></span> <span class='ocrx_word' id='word_1_68' title='bbox 807 831 921 859; x_wconf 59' lang='lat' dir='ltr'><strong>Alatheo</strong></span> <span class='ocrx_word' id='word_1_69' title='bbox 934 830 967 859; x_wconf 82' lang='lat' dir='ltr'><strong>a&#39;e</strong></span> <span class='ocrx_word' id='word_1_70' title='bbox 983 831 1121 865; x_wconf 75' lang='grc' dir='ltr'><em>ΟΙιὶνυίιι,</em></span> 
     </span>
     <span class='ocr_line' id='line_1_11' title="bbox 120 882 1124 912; baseline 0.001 -2"><span class='ocrx_word' id='word_1_71' title='bbox 120 882 268 911; x_wconf 78' lang='lat' dir='ltr'><strong>canonico</strong></span> <span class='ocrx_word' id='word_1_72' title='bbox 285 882 560 911; x_wconf 75' lang='lat' dir='ltr'><strong>Cameracensibus.</strong></span> <span class='ocrx_word' id='word_1_73' title='bbox 579 882 627 911; x_wconf 72' lang='lat' dir='ltr'><strong>Ad</strong></span> <span class='ocrx_word' id='word_1_74' title='bbox 643 882 844 912; x_wconf 88' lang='lat' dir='ltr'><strong>audientiam</strong></span> <span class='ocrx_word' id='word_1_75' title='bbox 866 887 1010 912; x_wconf 88' lang='lat' dir='ltr'><strong>nostram</strong></span> <span class='ocrx_word' id='word_1_76' title='bbox 1029 890 1124 911; x_wconf 81' lang='lat' dir='ltr'><strong>nove-</strong></span> 
     </span>
     <span class='ocr_line' id='line_1_12' title="bbox 121 933 1122 972; baseline 0.001 -10"><span class='ocrx_word' id='word_1_77' title='bbox 121 933 196 963; x_wconf 82' lang='lat' dir='ltr'>ritis</span> <span class='ocrx_word' id='word_1_78' title='bbox 221 934 412 971; x_wconf 81' lang='lat' dir='ltr'><strong>pervenisse</strong></span> <span class='ocrx_word' id='word_1_79' title='bbox 437 934 540 972; x_wconf 85' lang='lat' dir='ltr'><strong>quod,</strong></span> <span class='ocrx_word' id='word_1_80' title='bbox 563 943 636 963; x_wconf 89' lang='lat' dir='ltr'><strong>cum</strong></span> <span class='ocrx_word' id='word_1_81' title='bbox 661 933 755 968; x_wconf 73' lang='lat' dir='ltr'><strong>olim,</strong></span> <span class='ocrx_word' id='word_1_82' title='bbox 780 933 867 964; x_wconf 86' lang='lat' dir='ltr'><strong>clare</strong></span> <span class='ocrx_word' id='word_1_83' title='bbox 888 934 1044 963; x_wconf 78' lang='lat' dir='ltr'><strong>memorie</strong></span> <span class='ocrx_word' id='word_1_84' title='bbox 1069 935 1122 968; x_wconf 78' lang='lat' dir='ltr'><strong>H.⁷</strong></span> 
     </span>
     <span class='ocr_line' id='line_1_13' title="bbox 121 986 1124 1025; baseline 0 -10"><span class='ocrx_word' id='word_1_85' title='bbox 121 986 239 1016; x_wconf 78' lang='lat' dir='ltr'><strong>comite</strong></span> <span class='ocrx_word' id='word_1_86' title='bbox 256 986 398 1016; x_wconf 88' lang='lat' dir='ltr'><strong>Grandis</strong></span> <span class='ocrx_word' id='word_1_87' title='bbox 416 987 523 1020; x_wconf 85' lang='lat' dir='ltr'><strong>Prati,</strong></span> <span class='ocrx_word' id='word_1_88' title='bbox 547 986 645 1016; x_wconf 89' lang='lat' dir='ltr'><strong>rebus</strong></span> <span class='ocrx_word' id='word_1_89' title='bbox 661 986 817 1016; x_wconf 88' lang='lat' dir='ltr'><strong>humanis</strong></span> <span class='ocrx_word' id='word_1_90' title='bbox 833 991 998 1025; x_wconf 73' lang='lat' dir='ltr'><strong>exempto.</strong></span> <span class='ocrx_word' id='word_1_91' title='bbox 1019 995 1124 1025; x_wconf 88' lang='lat' dir='ltr'><strong>quon-</strong></span> 
     </span>
     <span class='ocr_line' id='line_1_14' title="bbox 120 1039 1123 1078; baseline -0.001 -10"><span class='ocrx_word' id='word_1_92' title='bbox 120 1039 196 1068; x_wconf 86' lang='lat' dir='ltr'><strong>dam</strong></span> <span class='ocrx_word' id='word_1_93' title='bbox 213 1039 389 1074; x_wconf 86' lang='lat' dir='ltr'><strong>Henricus,</strong></span> <span class='ocrx_word' id='word_1_94' title='bbox 408 1043 505 1069; x_wconf 88' lang='lat' dir='ltr'><strong>natus</strong></span> <span class='ocrx_word' id='word_1_95' title='bbox 521 1039 603 1078; x_wconf 68' lang='lat' dir='ltr'><strong>ejus,</strong></span> <span class='ocrx_word' id='word_1_96' title='bbox 622 1048 730 1069; x_wconf 86' lang='lat' dir='ltr'><strong>comes</strong></span> <span class='ocrx_word' id='word_1_97' title='bbox 747 1039 889 1069; x_wconf 87' lang='lat' dir='ltr'><strong>Grandis</strong></span> <span class='ocrx_word' id='word_1_98' title='bbox 907 1039 1008 1073; x_wconf 77' lang='lat' dir='ltr'><strong>Prati.</strong></span> <span class='ocrx_word' id='word_1_99' title='bbox 1023 1043 1123 1068; x_wconf 90' lang='lat' dir='ltr'><strong>totam</strong></span> 
     </span>
     <span class='ocr_line' id='line_1_15' title="bbox 121 1091 1124 1130; baseline 0 -10"><span class='ocrx_word' id='word_1_100' title='bbox 121 1091 339 1122; x_wconf 77' lang='lat' dir='ltr'><strong>hereditatem</strong></span> <span class='ocrx_word' id='word_1_101' title='bbox 356 1100 454 1130; x_wconf 85' lang='lat' dir='ltr'><strong>quam</strong></span> <span class='ocrx_word' id='word_1_102' title='bbox 471 1091 577 1121; x_wconf 87' lang='lat' dir='ltr'><strong>dietus</strong></span> <span class='ocrx_word' id='word_1_103' title='bbox 594 1096 686 1130; x_wconf 88' lang='lat' dir='ltr'><strong>pater</strong></span> <span class='ocrx_word' id='word_1_104' title='bbox 698 1100 778 1121; x_wconf 90' lang='lat' dir='ltr'><strong>suus</strong></span> <span class='ocrx_word' id='word_1_105' title='bbox 791 1095 951 1125; x_wconf 81' lang='lat' dir='ltr'><strong>tenuerat,</strong></span> <span class='ocrx_word' id='word_1_106' title='bbox 967 1099 1124 1129; x_wconf 87' lang='lat' dir='ltr'><strong>occupas-</strong></span> 
     </span>
     <span class='ocr_line' id='line_1_16' title="bbox 121 1143 1125 1181; baseline -0.001 -8"><span class='ocrx_word' id='word_1_107' title='bbox 121 1148 182 1179; x_wconf 79' lang='lat' dir='ltr'><strong>set,</strong></span> <span class='ocrx_word' id='word_1_108' title='bbox 202 1143 342 1174; x_wconf 86' lang='lat' dir='ltr'><strong>dilectus</strong></span> <span class='ocrx_word' id='word_1_109' title='bbox 358 1143 447 1173; x_wconf 85' lang='lat' dir='ltr'><strong>filius</strong></span> <span class='ocrx_word' id='word_1_110' title='bbox 462 1144 621 1174; x_wconf 82' lang='lat' dir='ltr'><strong>Joffridus</strong></span> <span class='ocrx_word' id='word_1_111' title='bbox 644 1143 682 1173; x_wconf 88' lang='lat' dir='ltr'><strong>de</strong></span> <span class='ocrx_word' id='word_1_112' title='bbox 705 1143 831 1173; x_wconf 77' lang='lat' dir='ltr'><strong>Grandi</strong></span> <span class='ocrx_word' id='word_1_113' title='bbox 847 1145 959 1178; x_wconf 78' lang='lat' dir='ltr'><strong>Prato,</strong></span> <span class='ocrx_word' id='word_1_114' title='bbox 977 1143 1125 1181; x_wconf 86' lang='lat' dir='ltr'><strong>preposi-</strong></span> 
     </span>
     <span class='ocr_line' id='line_1_17' title="bbox 121 1196 1123 1234; baseline -0.002 -8"><span class='ocrx_word' id='word_1_115' title='bbox 121 1201 174 1227; x_wconf 86' lang='lat' dir='ltr'><strong>tus</strong></span> <span class='ocrx_word' id='word_1_116' title='bbox 191 1196 329 1227; x_wconf 82' lang='lat' dir='ltr'><strong>ecclesie</strong></span> <span class='ocrx_word' id='word_1_117' title='bbox 352 1196 474 1226; x_wconf 88' lang='lat' dir='ltr'><strong>Montis</strong></span> <span class='ocrx_word' id='word_1_118' title='bbox 496 1196 682 1231; x_wconf 83' lang='lat' dir='ltr'><strong>Flasconis,</strong></span> <span class='ocrx_word' id='word_1_119' title='bbox 702 1200 798 1225; x_wconf 84' lang='lat' dir='ltr'><strong>natus</strong></span> <span class='ocrx_word' id='word_1_120' title='bbox 817 1196 961 1234; x_wconf 87' lang='lat' dir='ltr'><strong>ejusdem</strong></span> <span class='ocrx_word' id='word_1_121' title='bbox 983 1196 1123 1230; x_wconf 72' lang='lat' dir='ltr'><strong>comitis,</strong></span> 
     </span>
     <span class='ocr_line' id='line_1_18' title="bbox 122 1248 1124 1288; baseline -0.002 -9"><span class='ocrx_word' id='word_1_122' title='bbox 122 1257 222 1287; x_wconf 87' lang='lat' dir='ltr'><strong>super</strong></span> <span class='ocrx_word' id='word_1_123' title='bbox 245 1249 394 1288; x_wconf 78' lang='lat' dir='ltr'><strong>portione</strong></span> <span class='ocrx_word' id='word_1_124' title='bbox 417 1248 612 1278; x_wconf 86' lang='lat' dir='ltr'><strong>hereditatis</strong></span> <span class='ocrx_word' id='word_1_125' title='bbox 637 1258 700 1287; x_wconf 85' lang='lat' dir='ltr'><strong>que</strong></span> <span class='ocrx_word' id='word_1_126' title='bbox 727 1248 938 1286; x_wconf 81' lang='lat' dir='ltr'><strong>contingebat</strong></span> <span class='ocrx_word' id='word_1_127' title='bbox 965 1248 1124 1283; x_wconf 73' lang='lat' dir='ltr'><strong>eundem‚</strong></span> 
     </span>
     <span class='ocr_line' id='line_1_19' title="bbox 122 1300 1126 1339; baseline -0.002 -8"><span class='ocrx_word' id='word_1_128' title='bbox 122 1305 253 1331; x_wconf 89' lang='lat' dir='ltr'><strong>nostras</strong></span> <span class='ocrx_word' id='word_1_129' title='bbox 271 1305 385 1330; x_wconf 90' lang='lat' dir='ltr'><strong>contra</strong></span> <span class='ocrx_word' id='word_1_130' title='bbox 400 1301 563 1339; x_wconf 84' lang='lat' dir='ltr'><strong>prefatum</strong></span> <span class='ocrx_word' id='word_1_131' title='bbox 581 1301 635 1335; x_wconf 74' lang='lat' dir='ltr'><strong>H..</strong></span> <span class='ocrx_word' id='word_1_132' title='bbox 654 1301 789 1330; x_wconf 82' lang='lat' dir='ltr'><strong>fratrem</strong></span> <span class='ocrx_word' id='word_1_133' title='bbox 809 1309 917 1335; x_wconf 72' lang='lat' dir='ltr'><strong>suum,</strong></span> <span class='ocrx_word' id='word_1_134' title='bbox 935 1300 975 1330; x_wconf 89' lang='lat' dir='ltr'><strong>ad</strong></span> <span class='ocrx_word' id='word_1_135' title='bbox 994 1324 1012 1329; x_wconf 95' lang='lat'><strong>..</strong></span> <span class='ocrx_word' id='word_1_136' title='bbox 1030 1301 1126 1330; x_wconf 80' lang='lat' dir='ltr'><strong>‹leca-</strong></span> 
     </span>
     <span class='ocr_line' id='line_1_20' title="bbox 122 1353 1126 1392; baseline -0.001 -8"><span class='ocrx_word' id='word_1_137' title='bbox 122 1363 202 1384; x_wconf 89' lang='lat' dir='ltr'><strong>num</strong></span> <span class='ocrx_word' id='word_1_138' title='bbox 219 1354 490 1385; x_wconf 86' lang='lat' dir='ltr'><strong>Cameracensem</strong></span> <span class='ocrx_word' id='word_1_139' title='bbox 510 1357 541 1384; x_wconf 82' lang='lat' dir='ltr'><strong>et</strong></span> <span class='ocrx_word' id='word_1_140' title='bbox 557 1353 700 1391; x_wconf 76' lang='lat' dir='ltr'><strong>collegas</strong></span> <span class='ocrx_word' id='word_1_141' title='bbox 722 1362 799 1383; x_wconf 86' lang='lat' dir='ltr'><strong>suos</strong></span> <span class='ocrx_word' id='word_1_142' title='bbox 819 1353 947 1383; x_wconf 79' lang='lat' dir='ltr'><strong>litteras</strong></span> <span class='ocrx_word' id='word_1_143' title='bbox 970 1354 1126 1392; x_wconf 86' lang='lat' dir='ltr'><strong>impetra-</strong></span> 
     </span>
     <span class='ocr_line' id='line_1_21' title="bbox 122 1406 1127 1444; baseline 0 -9"><span class='ocrx_word' id='word_1_144' title='bbox 122 1407 186 1442; x_wconf 75' lang='lat' dir='ltr'><strong>vit3</strong></span> <span class='ocrx_word' id='word_1_145' title='bbox 205 1410 235 1437; x_wconf 89' lang='lat' dir='ltr'><strong>et</strong></span> <span class='ocrx_word' id='word_1_146' title='bbox 256 1406 404 1441; x_wconf 83' lang='lat' dir='ltr'><strong>tandem,</strong></span> <span class='ocrx_word' id='word_1_147' title='bbox 427 1415 500 1436; x_wconf 89' lang='lat' dir='ltr'><strong>cum</strong></span> <span class='ocrx_word' id='word_1_148' title='bbox 522 1410 654 1444; x_wconf 89' lang='lat' dir='ltr'><strong>propter</strong></span> <span class='ocrx_word' id='word_1_149' title='bbox 676 1406 903 1436; x_wconf 78' lang='lat' dir='ltr'><strong>crudelitatem</strong></span> <span class='ocrx_word' id='word_1_150' title='bbox 927 1410 957 1436; x_wconf 89' lang='lat' dir='ltr'><strong>et</strong></span> <span class='ocrx_word' id='word_1_151' title='bbox 975 1406 1127 1444; x_wconf 73' lang='lat' dir='ltr'><strong>tyranni-</strong></span> 
     </span>
     <span class='ocr_line' id='line_1_22' title="bbox 121 1457 1127 1497; baseline 0 -9"><span class='ocrx_word' id='word_1_152' title='bbox 121 1459 195 1488; x_wconf 87' lang='lat' dir='ltr'><strong>dem</strong></span> <span class='ocrx_word' id='word_1_153' title='bbox 212 1458 350 1497; x_wconf 85' lang='lat' dir='ltr'><strong>predicti</strong></span> <span class='ocrx_word' id='word_1_154' title='bbox 368 1458 482 1488; x_wconf 77' lang='lat' dir='ltr'><strong>t&#39;ratris</strong></span> <span class='ocrx_word' id='word_1_155' title='bbox 498 1458 550 1488; x_wconf 87' lang='lat' dir='ltr'><strong>sui</strong></span> <span class='ocrx_word' id='word_1_156' title='bbox 567 1458 620 1487; x_wconf 82' lang='lat' dir='ltr'><strong>vix</strong></span> <span class='ocrx_word' id='word_1_157' title='bbox 643 1457 776 1496; x_wconf 78' lang='lat' dir='ltr'><strong>aliquod</strong></span> <span class='ocrx_word' id='word_1_158' title='bbox 796 1462 907 1487; x_wconf 90' lang='lat' dir='ltr'><strong>contra</strong></span> <span class='ocrx_word' id='word_1_159' title='bbox 927 1467 1000 1488; x_wconf 90' lang='lat' dir='ltr'><strong>eum</strong></span> <span class='ocrx_word' id='word_1_160' title='bbox 1017 1462 1127 1496; x_wconf 86' lang='lat' dir='ltr'><strong>patro-</strong></span> 
     </span>
     <span class='ocr_line' id='line_1_23' title="bbox 123 1510 1127 1545; baseline -0.002 -4"><span class='ocrx_word' id='word_1_161' title='bbox 123 1511 248 1541; x_wconf 88' lang='lat' dir='ltr'><strong>cinium</strong></span> <span class='ocrx_word' id='word_1_162' title='bbox 274 1511 455 1545; x_wconf 86' lang='lat' dir='ltr'><strong>inveniret,</strong></span> <span class='ocrx_word' id='word_1_163' title='bbox 485 1511 598 1541; x_wconf 89' lang='lat' dir='ltr'><strong>eodem</strong></span> <span class='ocrx_word' id='word_1_164' title='bbox 621 1511 722 1540; x_wconf 82' lang='lat' dir='ltr'><strong>fratre</strong></span> <span class='ocrx_word' id='word_1_165' title='bbox 748 1519 807 1540; x_wconf 89' lang='lat' dir='ltr'><strong>suo</strong></span> <span class='ocrx_word' id='word_1_166' title='bbox 829 1510 1031 1540; x_wconf 88' lang='lat' dir='ltr'><strong>consiliariis</strong></span> <span class='ocrx_word' id='word_1_167' title='bbox 1057 1510 1127 1540; x_wconf 88' lang='lat' dir='ltr'><strong>suis</strong></span> 
     </span>
     <span class='ocr_line' id='line_1_24' title="bbox 121 1563 1128 1602; baseline -0.001 -9"><span class='ocrx_word' id='word_1_168' title='bbox 121 1564 230 1594; x_wconf 88' lang='lat' dir='ltr'><strong>minas</strong></span> <span class='ocrx_word' id='word_1_169' title='bbox 249 1563 414 1594; x_wconf 81' lang='lat' dir='ltr'><strong>terribiles</strong></span> <span class='ocrx_word' id='word_1_170' title='bbox 431 1563 610 1598; x_wconf 78' lang='lat' dir='ltr'><strong>inferente,</strong></span> <span class='ocrx_word' id='word_1_171' title='bbox 629 1572 665 1593; x_wconf 89' lang='lat' dir='ltr'><strong>ac</strong></span> <span class='ocrx_word' id='word_1_172' title='bbox 681 1563 720 1593; x_wconf 85' lang='lat' dir='ltr'><strong>de</strong></span> <span class='ocrx_word' id='word_1_173' title='bbox 741 1563 836 1593; x_wconf 82' lang='lat' dir='ltr'><strong>bonis</strong></span> <span class='ocrx_word' id='word_1_174' title='bbox 858 1563 1004 1602; x_wconf 87' lang='lat' dir='ltr'><strong>paternis</strong></span> <span class='ocrx_word' id='word_1_175' title='bbox 1023 1563 1128 1593; x_wconf 87' lang='lat' dir='ltr'><strong>nichil</strong></span> 
     </span>
     <span class='ocr_line' id='line_1_25' title="bbox 121 1615 1128 1656; baseline -0.003 -9"><span class='ocrx_word' id='word_1_176' title='bbox 121 1616 315 1656; x_wconf 73' lang='lat' dir='ltr'><strong>perciperet,</strong></span> <span class='ocrx_word' id='word_1_177' title='bbox 333 1616 444 1655; x_wconf 82' lang='lat' dir='ltr'><strong>etjam</strong></span> <span class='ocrx_word' id='word_1_178' title='bbox 464 1624 639 1654; x_wconf 87' lang='lat' dir='ltr'><strong>supprema</strong></span> <span class='ocrx_word' id='word_1_179' title='bbox 663 1615 774 1653; x_wconf 89' lang='lat' dir='ltr'><strong>inopia</strong></span> <span class='ocrx_word' id='word_1_180' title='bbox 793 1615 974 1650; x_wconf 77' lang='lat' dir='ltr'><strong>laboraret,</strong></span> <span class='ocrx_word' id='word_1_181' title='bbox 996 1616 1128 1645; x_wconf 81' lang='lat' dir='ltr'><strong>fraudu-</strong></span> 
     </span>
     <span class='ocr_line' id='line_1_26' title="bbox 121 1667 1128 1707; baseline 0 -9"><span class='ocrx_word' id='word_1_182' title='bbox 121 1669 239 1704; x_wconf 71' lang='lat' dir='ltr'><strong>lenter.</strong></span> <span class='ocrx_word' id='word_1_183' title='bbox 258 1668 456 1707; x_wconf 81' lang='lat' dir='ltr'><strong>quibusdam</strong></span> <span class='ocrx_word' id='word_1_184' title='bbox 472 1667 707 1701; x_wconf 71' lang='lat' dir='ltr'><strong>mediantibus.</strong></span> <span class='ocrx_word' id='word_1_185' title='bbox 726 1668 983 1702; x_wconf 77' lang='lat' dir='ltr'><strong>circumvent-us,</strong></span> <span class='ocrx_word' id='word_1_186' title='bbox 1001 1677 1128 1706; x_wconf 85' lang='lat' dir='ltr'><strong>compo-</strong></span> 
     </span>
     <span class='ocr_line' id='line_1_27' title="bbox 123 1721 1127 1759; baseline -0.003 -7"><span class='ocrx_word' id='word_1_187' title='bbox 123 1722 190 1752; x_wconf 84' lang='lat' dir='ltr'><strong>suit</strong></span> <span class='ocrx_word' id='word_1_188' title='bbox 215 1721 325 1751; x_wconf 88' lang='lat' dir='ltr'><strong>taliter</strong></span> <span class='ocrx_word' id='word_1_189' title='bbox 347 1729 421 1751; x_wconf 89' lang='lat' dir='ltr'><strong>cum</strong></span> <span class='ocrx_word' id='word_1_190' title='bbox 443 1721 558 1750; x_wconf 86' lang='lat' dir='ltr'><strong>eodem</strong></span> <span class='ocrx_word' id='word_1_191' title='bbox 582 1731 588 1749; x_wconf 92' lang='lat'><strong>:</strong></span> <span class='ocrx_word' id='word_1_192' title='bbox 617 1733 629 1746; x_wconf 91' lang='lat'>«</span> <span class='ocrx_word' id='word_1_193' title='bbox 653 1721 740 1759; x_wconf 85' lang='lat' dir='ltr'><strong>quod</strong></span> <span class='ocrx_word' id='word_1_194' title='bbox 768 1721 922 1751; x_wconf 78' lang='lat' dir='ltr'><strong>videlieet</strong></span> <span class='ocrx_word' id='word_1_195' title='bbox 943 1721 1127 1759; x_wconf 82' lang='lat' dir='ltr'><strong>portionem</strong></span> 
     </span>
     <span class='ocr_line' id='line_1_28' title="bbox 123 1773 1128 1812; baseline -0.002 -8"><span class='ocrx_word' id='word_1_196' title='bbox 123 1773 318 1804; x_wconf 88' lang='lat' dir='ltr'><strong>hereditatis</strong></span> <span class='ocrx_word' id='word_1_197' title='bbox 355 1782 418 1812; x_wconf 86' lang='lat' dir='ltr'><strong>que</strong></span> <span class='ocrx_word' id='word_1_198' title='bbox 454 1773 657 1811; x_wconf 83' lang='lat' dir='ltr'><strong>competebat</strong></span> <span class='ocrx_word' id='word_1_199' title='bbox 694 1773 799 1803; x_wconf 83' lang='lat' dir='ltr'><strong>eidem</strong></span> <span class='ocrx_word' id='word_1_200' title='bbox 813 1797 820 1807; x_wconf 85' lang='lat'>,</span> <span class='ocrx_word' id='word_1_201' title='bbox 859 1773 985 1803; x_wconf 81' lang='lat' dir='ltr'><strong>dimisit</strong></span> <span class='ocrx_word' id='word_1_202' title='bbox 1017 1774 1128 1803; x_wconf 87' lang='lat' dir='ltr'><strong>comiti</strong></span> 
     </span>
     <span class='ocr_line' id='line_1_29' title="bbox 124 1825 1128 1864; baseline -0.002 -8"><span class='ocrx_word' id='word_1_203' title='bbox 124 1829 303 1856; x_wconf 90' lang='lat' dir='ltr'><strong>memorato</strong></span> <span class='ocrx_word' id='word_1_204' title='bbox 336 1830 367 1856; x_wconf 81' lang='lat' dir='ltr'><strong>et</strong></span> <span class='ocrx_word' id='word_1_205' title='bbox 381 1848 388 1860; x_wconf 74' lang='lat'>,</span> <span class='ocrx_word' id='word_1_206' title='bbox 419 1829 454 1855; x_wconf 91' lang='lat' dir='ltr'><strong>ut</strong></span> <span class='ocrx_word' id='word_1_207' title='bbox 484 1825 584 1855; x_wconf 73' lang='lat' dir='ltr'><strong>verbo</strong></span> <span class='ocrx_word' id='word_1_208' title='bbox 616 1829 748 1855; x_wconf 89' lang='lat' dir='ltr'><strong>utamur</strong></span> <span class='ocrx_word' id='word_1_209' title='bbox 779 1826 900 1864; x_wconf 81' lang='lat' dir='ltr'><strong>ipsius,</strong></span> <span class='ocrx_word' id='word_1_210' title='bbox 933 1825 1128 1864; x_wconf 85' lang='lat' dir='ltr'><strong>jamdictum</strong></span> 
     </span>
     <span class='ocr_line' id='line_1_30' title="bbox 123 1878 1128 1917; baseline -0.001 -8"><span class='ocrx_word' id='word_1_211' title='bbox 123 1879 276 1910; x_wconf 85' lang='lat' dir='ltr'><strong>comitem</strong></span> <span class='ocrx_word' id='word_1_212' title='bbox 293 1883 325 1909; x_wconf 85' lang='lat' dir='ltr'><strong>et</strong></span> <span class='ocrx_word' id='word_1_213' title='bbox 340 1878 479 1908; x_wconf 87' lang='lat' dir='ltr'><strong>heredes</strong></span> <span class='ocrx_word' id='word_1_214' title='bbox 496 1878 566 1917; x_wconf 83' lang='lat' dir='ltr'><strong>ejus</strong></span> <span class='ocrx_word' id='word_1_215' title='bbox 583 1879 718 1908; x_wconf 89' lang='lat' dir='ltr'><strong>omnino</strong></span> <span class='ocrx_word' id='word_1_216' title='bbox 736 1879 911 1917; x_wconf 79' lang='lat' dir='ltr'><strong>quietavit;</strong></span> <span class='ocrx_word' id='word_1_217' title='bbox 930 1883 961 1908; x_wconf 87' lang='lat' dir='ltr'><strong>et</strong></span> <span class='ocrx_word' id='word_1_218' title='bbox 977 1879 1063 1908; x_wconf 88' lang='lat' dir='ltr'><strong>idem</strong></span> <span class='ocrx_word' id='word_1_219' title='bbox 1079 1887 1128 1908; x_wconf 90' lang='lat' dir='ltr'><strong>co-</strong></span> 
     </span>
     <span class='ocr_line' id='line_1_31' title="bbox 124 1930 1128 1970; baseline -0.002 -8"><span class='ocrx_word' id='word_1_220' title='bbox 124 1941 194 1963; x_wconf 88' lang='lat' dir='ltr'><strong>mes</strong></span> <span class='ocrx_word' id='word_1_221' title='bbox 211 1932 241 1961; x_wconf 91' lang='lat' dir='ltr'><strong>ei</strong></span> <span class='ocrx_word' id='word_1_222' title='bbox 258 1930 475 1970; x_wconf 74' lang='lat' dir='ltr'><strong>quadraginta</strong></span> <span class='ocrx_word' id='word_1_223' title='bbox 491 1930 594 1960; x_wconf 82' lang='lat' dir='ltr'><strong>libras</strong></span> <span class='ocrx_word' id='word_1_224' title='bbox 616 1930 883 1970; x_wconf 85' lang='lat' dir='ltr'><strong>Parisien[sium]</strong></span> <span class='ocrx_word' id='word_1_225' title='bbox 901 1931 1128 1969; x_wconf 83' lang='lat' dir='ltr'><strong>percipiendas</strong></span> 
     </span>
     <span class='ocr_line' id='line_1_32' title="bbox 124 1983 1129 2021; baseline -0.002 -7"><span class='ocrx_word' id='word_1_226' title='bbox 124 1984 296 2014; x_wconf 80' lang='lat' dir='ltr'><strong>annuatim</strong></span> <span class='ocrx_word' id='word_1_227' title='bbox 319 1983 354 2012; x_wconf 92' lang='lat' dir='ltr'><strong>in</strong></span> <span class='ocrx_word' id='word_1_228' title='bbox 378 1983 477 2013; x_wconf 88' lang='lat' dir='ltr'><strong>certis</strong></span> <span class='ocrx_word' id='word_1_229' title='bbox 500 1983 581 2012; x_wconf 88' lang='lat' dir='ltr'><strong>locis</strong></span> <span class='ocrx_word' id='word_1_230' title='bbox 605 1987 632 2012; x_wconf 87' lang='lat' dir='ltr'><strong>et</strong></span> <span class='ocrx_word' id='word_1_231' title='bbox 657 1983 839 2012; x_wconf 79' lang='lat' dir='ltr'><strong>redditibus</strong></span> <span class='ocrx_word' id='word_1_232' title='bbox 862 1983 1062 2021; x_wconf 56' lang='lat' dir='ltr'><strong>assignat-eu</strong></span> <span class='ocrx_word' id='word_1_233' title='bbox 1083 1983 1129 2013; x_wconf 86' lang='lat' dir='ltr'><strong>ita</strong></span> 
     </span>
     <span class='ocr_line' id='line_1_33' title="bbox 124 2035 1128 2075; baseline 0 -9"><span class='ocrx_word' id='word_1_234' title='bbox 124 2036 279 2067; x_wconf 82' lang='lat' dir='ltr'><strong>videlicet</strong></span> <span class='ocrx_word' id='word_1_235' title='bbox 294 2036 391 2074; x_wconf 88' lang='lat' dir='ltr'><strong>quod,</strong></span> <span class='ocrx_word' id='word_1_236' title='bbox 412 2036 440 2065; x_wconf 87' lang='lat' dir='ltr'><strong>si</strong></span> <span class='ocrx_word' id='word_1_237' title='bbox 457 2035 597 2065; x_wconf 89' lang='lat' dir='ltr'><strong>eundem</strong></span> <span class='ocrx_word' id='word_1_238' title='bbox 615 2036 646 2065; x_wconf 83' lang='lat' dir='ltr'><strong>J.</strong></span> <span class='ocrx_word' id='word_1_239' title='bbox 667 2035 844 2074; x_wconf 79' lang='lat' dir='ltr'><strong>aliquando</strong></span> <span class='ocrx_word' id='word_1_240' title='bbox 861 2045 966 2075; x_wconf 82' lang='lat' dir='ltr'><strong>usque</strong></span> <span class='ocrx_word' id='word_1_241' title='bbox 988 2036 1027 2065; x_wconf 89' lang='lat' dir='ltr'><strong>ad</strong></span> <span class='ocrx_word' id='word_1_242' title='bbox 1047 2046 1128 2075; x_wconf 84' lang='lat' dir='ltr'><strong>qua-</strong></span> 
     </span>
     <span class='ocr_line' id='line_1_34' title="bbox 125 2086 1128 2126; baseline 0.001 -9"><span class='ocrx_word' id='word_1_243' title='bbox 125 2088 318 2126; x_wconf 83' lang='lat' dir='ltr'><strong>dringentas</strong></span> <span class='ocrx_word' id='word_1_244' title='bbox 338 2086 440 2116; x_wconf 85' lang='lat' dir='ltr'><strong>libras</strong></span> <span class='ocrx_word' id='word_1_245' title='bbox 457 2087 492 2116; x_wconf 88' lang='lat' dir='ltr'><strong>in</strong></span> <span class='ocrx_word' id='word_1_246' title='bbox 513 2087 712 2121; x_wconf 77' lang='lat' dir='ltr'><strong>redditibus,</strong></span> <span class='ocrx_word' id='word_1_247' title='bbox 731 2096 927 2126; x_wconf 83' lang='lat' dir='ltr'><strong>quocunque</strong></span> <span class='ocrx_word' id='word_1_248' title='bbox 945 2088 1050 2124; x_wconf 82' lang='lat' dir='ltr'><strong>titulo,</strong></span> <span class='ocrx_word' id='word_1_249' title='bbox 1070 2088 1128 2118; x_wconf 88' lang='lat' dir='ltr'><strong>ha-</strong></span> 
     </span>
     <span class='ocr_line' id='line_1_35' title="bbox 125 2139 1128 2179; baseline 0.001 -8"><span class='ocrx_word' id='word_1_250' title='bbox 125 2141 202 2171; x_wconf 86' lang='lat' dir='ltr'><strong>bere</strong></span> <span class='ocrx_word' id='word_1_251' title='bbox 225 2140 308 2169; x_wconf 83' lang='lat' dir='ltr'><strong>forte</strong></span> <span class='ocrx_word' id='word_1_252' title='bbox 338 2139 560 2177; x_wconf 77' lang='lat' dir='ltr'><strong>contingeret,</strong></span> <span class='ocrx_word' id='word_1_253' title='bbox 591 2139 694 2169; x_wconf 84' lang='lat' dir='ltr'><strong>nichil</strong></span> <span class='ocrx_word' id='word_1_254' title='bbox 718 2141 853 2170; x_wconf 86' lang='lat' dir='ltr'><strong>omnino</strong></span> <span class='ocrx_word' id='word_1_255' title='bbox 880 2142 1062 2179; x_wconf 78' lang='lat' dir='ltr'><strong>perciperet</strong></span> <span class='ocrx_word' id='word_1_256' title='bbox 1090 2142 1128 2172; x_wconf 92' lang='lat' dir='ltr'><strong>de</strong></span> 
     </span>
     <span class='ocr_line' id='line_1_36' title="bbox 125 2192 1129 2232; baseline 0 -8"><span class='ocrx_word' id='word_1_257' title='bbox 125 2193 265 2232; x_wconf 86' lang='lat' dir='ltr'><strong>pecunia</strong></span> <span class='ocrx_word' id='word_1_258' title='bbox 281 2196 470 2227; x_wconf 90' lang='lat' dir='ltr'><strong>memorata,</strong></span> <span class='ocrx_word' id='word_1_259' title='bbox 492 2204 505 2218; x_wconf 86' lang='lat'>»</span> <span class='ocrx_word' id='word_1_260' title='bbox 523 2192 599 2222; x_wconf 84' lang='lat' dir='ltr'><strong>licet</strong></span> <span class='ocrx_word' id='word_1_261' title='bbox 616 2193 648 2221; x_wconf 92' lang='lat' dir='ltr'><strong>in</strong></span> <span class='ocrx_word' id='word_1_262' title='bbox 667 2193 902 2231; x_wconf 77' lang='lat' dir='ltr'><strong>compositione</strong></span> <span class='ocrx_word' id='word_1_263' title='bbox 919 2194 989 2232; x_wconf 86' lang='lat' dir='ltr'><strong>ipsa</strong></span> <span class='ocrx_word' id='word_1_264' title='bbox 1006 2203 1129 2224; x_wconf 89' lang='lat' dir='ltr'><strong>memo—</strong></span> 
     </span>
     <span class='ocr_line' id='line_1_37' title="bbox 126 2244 1128 2283; baseline 0.001 -8"><span class='ocrx_word' id='word_1_265' title='bbox 126 2251 217 2276; x_wconf 86' lang='lat' dir='ltr'><strong>ratus</strong></span> <span class='ocrx_word' id='word_1_266' title='bbox 234 2245 420 2283; x_wconf 84' lang='lat' dir='ltr'><strong>prepositus</strong></span> <span class='ocrx_word' id='word_1_267' title='bbox 438 2253 502 2274; x_wconf 88' lang='lat' dir='ltr'><strong>non</strong></span> <span class='ocrx_word' id='word_1_268' title='bbox 526 2244 630 2274; x_wconf 88' lang='lat' dir='ltr'><strong>solum</strong></span> <span class='ocrx_word' id='word_1_269' title='bbox 649 2245 735 2274; x_wconf 85' lang='lat' dir='ltr'><strong>ultra</strong></span> <span class='ocrx_word' id='word_1_270' title='bbox 754 2245 936 2281; x_wconf 73' lang='lat' dir='ltr'><strong>dimidiam,</strong></span> <span class='ocrx_word' id='word_1_271' title='bbox 957 2247 1013 2276; x_wconf 90' lang='lat' dir='ltr'><strong>sed</strong></span> <span class='ocrx_word' id='word_1_272' title='bbox 1029 2248 1128 2277; x_wconf 89' lang='lat' dir='ltr'><strong>etiam</strong></span> 
     </span>
     <span class='ocr_line' id='line_1_38' title="bbox 125 2297 1130 2336; baseline 0.001 -8"><span class='ocrx_word' id='word_1_273' title='bbox 125 2298 213 2328; x_wconf 89' lang='lat' dir='ltr'><strong>ultra</strong></span> <span class='ocrx_word' id='word_1_274' title='bbox 224 2298 335 2328; x_wconf 87' lang='lat' dir='ltr'><strong>decem</strong></span> <span class='ocrx_word' id='word_1_275' title='bbox 352 2301 460 2335; x_wconf 85' lang='lat' dir='ltr'><strong>partes</strong></span> <span class='ocrx_word' id='word_1_276' title='bbox 473 2301 501 2326; x_wconf 85' lang='lat' dir='ltr'><strong>et</strong></span> <span class='ocrx_word' id='word_1_277' title='bbox 515 2297 668 2335; x_wconf 78' lang='lat' dir='ltr'><strong>amplius.</strong></span> <span class='ocrx_word' id='word_1_278' title='bbox 687 2297 728 2327; x_wconf 89' lang='lat' dir='ltr'><strong>sit</strong></span> <span class='ocrx_word' id='word_1_279' title='bbox 747 2298 912 2336; x_wconf 85' lang='lat' dir='ltr'><strong>deceptus.</strong></span> <span class='ocrx_word' id='word_1_280' title='bbox 925 2299 1029 2335; x_wconf 89' lang='lat' dir='ltr'><strong>Quam</strong></span> <span class='ocrx_word' id='word_1_281' title='bbox 1047 2308 1130 2329; x_wconf 90' lang='lat' dir='ltr'><strong>com—</strong></span> 
     </span>
     <span class='ocr_line' id='line_1_39' title="bbox 126 2349 1128 2389; baseline -0.001 -8"><span class='ocrx_word' id='word_1_282' title='bbox 126 2350 323 2389; x_wconf 80' lang='lat' dir='ltr'><strong>positionem</strong></span> <span class='ocrx_word' id='word_1_283' title='bbox 339 2354 460 2387; x_wconf 72' lang='lat' dir='ltr'><strong>pat-tes,</strong></span> <span class='ocrx_word' id='word_1_284' title='bbox 475 2349 538 2379; x_wconf 84' lang='lat' dir='ltr'><strong>fide</strong></span> <span class='ocrx_word' id='word_1_285' title='bbox 555 2349 632 2379; x_wconf 89' lang='lat' dir='ltr'><strong>hinc</strong></span> <span class='ocrx_word' id='word_1_286' title='bbox 649 2349 725 2380; x_wconf 87' lang='lat' dir='ltr'><strong>inde</strong></span> <span class='ocrx_word' id='word_1_287' title='bbox 738 2351 886 2388; x_wconf 77' lang='lat' dir='ltr'><strong>prestita,</strong></span> <span class='ocrx_word' id='word_1_288' title='bbox 902 2352 1128 2382; x_wconf 82' lang='lat' dir='ltr'><strong>firmaverunt.</strong></span> 
     </span>
     <span class='ocr_line' id='line_1_40' title="bbox 126 2402 1127 2440; baseline 0 -6"><span class='ocrx_word' id='word_1_289' title='bbox 126 2403 191 2434; x_wconf 85' lang='lat' dir='ltr'><strong>Sed</strong></span> <span class='ocrx_word' id='word_1_290' title='bbox 201 2403 286 2433; x_wconf 90' lang='lat' dir='ltr'><strong>idem</strong></span> <span class='ocrx_word' id='word_1_291' title='bbox 299 2411 407 2432; x_wconf 92' lang='lat' dir='ltr'><strong>comes</strong></span> <span class='ocrx_word' id='word_1_292' title='bbox 419 2402 590 2440; x_wconf 80' lang='lat' dir='ltr'><strong>assignare</strong></span> <span class='ocrx_word' id='word_1_293' title='bbox 603 2402 667 2431; x_wconf 77' lang='lat' dir='ltr'><strong>sibi</strong></span> <span class='ocrx_word' id='word_1_294' title='bbox 679 2402 842 2440; x_wconf 87' lang='lat' dir='ltr'><strong>predictos</strong></span> <span class='ocrx_word' id='word_1_295' title='bbox 857 2403 956 2433; x_wconf 88' lang='lat' dir='ltr'><strong>etiam</strong></span> <span class='ocrx_word' id='word_1_296' title='bbox 969 2404 1127 2440; x_wconf 73' lang='lat' dir='ltr'><strong>redditus,</strong></span> 
     </span>
     <span class='ocr_line' id='line_1_41' title="bbox 126 2454 1130 2495; baseline 0 -9"><span class='ocrx_word' id='word_1_297' title='bbox 126 2460 223 2495; x_wconf 89' lang='lat' dir='ltr'><strong>prout</strong></span> <span class='ocrx_word' id='word_1_298' title='bbox 238 2455 422 2490; x_wconf 68' lang='lat' dir='ltr'><strong>tenebatur,</strong></span> <span class='ocrx_word' id='word_1_299' title='bbox 444 2454 565 2490; x_wconf 78' lang='lat' dir='ltr'><strong>noluit,</strong></span> <span class='ocrx_word' id='word_1_300' title='bbox 590 2454 714 2492; x_wconf 88' lang='lat' dir='ltr'><strong>pluries</strong></span> <span class='ocrx_word' id='word_1_301' title='bbox 735 2455 928 2493; x_wconf 86' lang='lat' dir='ltr'><strong>requisitus.</strong></span> <span class='ocrx_word' id='word_1_302' title='bbox 946 2456 1054 2492; x_wconf 86' lang='lat' dir='ltr'><strong>Quare</strong></span> <span class='ocrx_word' id='word_1_303' title='bbox 1071 2465 1130 2487; x_wconf 91' lang='lat' dir='ltr'><strong>no-</strong></span> 
     </span>
     <span class='ocr_line' id='line_1_42' title="bbox 126 2506 1129 2546; baseline 0.001 -8"><span class='ocrx_word' id='word_1_304' title='bbox 126 2509 179 2539; x_wconf 89' lang='lat' dir='ltr'><strong>bis</strong></span> <span class='ocrx_word' id='word_1_305' title='bbox 198 2508 261 2538; x_wconf 82' lang='lat' dir='ltr'><strong>suit</strong></span> <span class='ocrx_word' id='word_1_306' title='bbox 280 2507 453 2537; x_wconf 90' lang='lat' dir='ltr'><strong>humiliter</strong></span> <span class='ocrx_word' id='word_1_307' title='bbox 471 2506 690 2545; x_wconf 74' lang='lat' dir='ltr'><strong>supplicatum</strong></span> <span class='ocrx_word' id='word_1_308' title='bbox 713 2512 747 2536; x_wconf 85' lang='lat' dir='ltr'><strong>ut</strong></span> <span class='ocrx_word' id='word_1_309' title='bbox 767 2507 937 2545; x_wconf 78' lang='lat' dir='ltr'><strong>providere</strong></span> <span class='ocrx_word' id='word_1_310' title='bbox 956 2517 1054 2546; x_wconf 88' lang='lat' dir='ltr'><strong>super</strong></span> <span class='ocrx_word' id='word_1_311' title='bbox 1069 2509 1129 2539; x_wconf 92' lang='lat' dir='ltr'><strong>hoc</strong></span> 
     </span>
     <span class='ocr_line' id='line_1_43' title="bbox 127 2559 1130 2598; baseline 0.001 -8"><span class='ocrx_word' id='word_1_312' title='bbox 127 2561 167 2591; x_wconf 89' lang='lat' dir='ltr'><strong>de</strong></span> <span class='ocrx_word' id='word_1_313' title='bbox 183 2561 388 2598; x_wconf 60' lang='lat' dir='ltr'><strong>benignitate</strong></span> <span class='ocrx_word' id='word_1_314' title='bbox 413 2559 508 2589; x_wconf 81' lang='lat' dir='ltr'><strong>Sedis</strong></span> <span class='ocrx_word' id='word_1_315' title='bbox 529 2559 714 2597; x_wconf 73' lang='lat' dir='ltr'><strong>Apostolice</strong></span> <span class='ocrx_word' id='word_1_316' title='bbox 738 2559 951 2597; x_wconf 68' lang='lat' dir='ltr'><strong>dignaremur</strong></span> <span class='ocrx_word' id='word_1_317' title='bbox 969 2578 1017 2590; x_wconf 73' lang='lat'><strong>-—.</strong></span> <span class='ocrx_word' id='word_1_318' title='bbox 1037 2562 1130 2591; x_wconf 81' lang='lat' dir='ltr'><strong>Man-</strong></span> 
     </span>
     <span class='ocr_line' id='line_1_44' title="bbox 127 2611 1130 2651; baseline 0 -8"><span class='ocrx_word' id='word_1_319' title='bbox 127 2613 244 2643; x_wconf 88' lang='lat' dir='ltr'><strong>damus</strong></span> <span class='ocrx_word' id='word_1_320' title='bbox 263 2612 426 2651; x_wconf 78' lang='lat' dir='ltr'><strong>quatenus</strong></span> <span class='ocrx_word' id='word_1_321' title='bbox 442 2629 480 2632; x_wconf 97' lang='lat'><strong>—</strong></span> <span class='ocrx_word' id='word_1_322' title='bbox 499 2620 631 2641; x_wconf 86' lang='lat' dir='ltr'><strong>uxorem</strong></span> <span class='ocrx_word' id='word_1_323' title='bbox 650 2616 679 2641; x_wconf 81' lang='lat' dir='ltr'><strong>et</strong></span> <span class='ocrx_word' id='word_1_324' title='bbox 696 2611 834 2641; x_wconf 74' lang='lat' dir='ltr'><strong>heredes</strong></span> <span class='ocrx_word' id='word_1_325' title='bbox 851 2613 1012 2642; x_wconf 87' lang='lat' dir='ltr'><strong>nominati</strong></span> <span class='ocrx_word' id='word_1_326' title='bbox 1029 2614 1130 2643; x_wconf 87' lang='lat' dir='ltr'><strong>comi-</strong></span> 
     </span>
     <span class='ocr_line' id='line_1_45' title="bbox 127 2664 1129 2703; baseline 0.003 -9"><span class='ocrx_word' id='word_1_327' title='bbox 127 2666 170 2696; x_wconf 79' lang='lat' dir='ltr'><strong>tis</strong></span> <span class='ocrx_word' id='word_1_328' title='bbox 185 2665 224 2695; x_wconf 89' lang='lat' dir='ltr'><strong>ad</strong></span> <span class='ocrx_word' id='word_1_329' title='bbox 244 2665 456 2694; x_wconf 80' lang='lat' dir='ltr'><strong>relaxandum</strong></span> <span class='ocrx_word' id='word_1_330' title='bbox 472 2665 568 2693; x_wconf 81' lang='lat' dir='ltr'><strong>tidem</strong></span> <span class='ocrx_word' id='word_1_331' title='bbox 584 2664 773 2703; x_wconf 85' lang='lat' dir='ltr'><strong>hujusmodi</strong></span> <span class='ocrx_word' id='word_1_332' title='bbox 788 2665 949 2695; x_wconf 82' lang='lat' dir='ltr'><strong>moneatis</strong></span> <span class='ocrx_word' id='word_1_333' title='bbox 963 2671 1085 2697; x_wconf 82' lang='lat' dir='ltr'><strong>attente</strong></span> <span class='ocrx_word' id='word_1_334' title='bbox 1100 2672 1129 2697; x_wconf 83' lang='lat' dir='ltr'><strong>et</strong></span> 
     </span>
     <span class='ocr_line' id='line_1_46' title="bbox 127 2716 1130 2756; baseline 0 -8"><span class='ocrx_word' id='word_1_335' title='bbox 127 2717 304 2748; x_wconf 84' lang='lat' dir='ltr'><strong>efficaciter</strong></span> <span class='ocrx_word' id='word_1_336' title='bbox 320 2717 503 2751; x_wconf 73' lang='lat' dir='ltr'><strong>inducatis3</strong></span> <span class='ocrx_word' id='word_1_337' title='bbox 522 2726 577 2745; x_wconf 70' lang='lat' dir='ltr'><strong>eos·</strong></span> <span class='ocrx_word' id='word_1_338' title='bbox 595 2716 633 2746; x_wconf 90' lang='lat' dir='ltr'><strong>ad</strong></span> <span class='ocrx_word' id='word_1_339' title='bbox 653 2717 696 2746; x_wconf 88' lang='lat' dir='ltr'><strong>id.</strong></span> <span class='ocrx_word' id='word_1_340' title='bbox 718 2717 746 2745; x_wconf 86' lang='lat' dir='ltr'><strong>si</strong></span> <span class='ocrx_word' id='word_1_341' title='bbox 762 2726 843 2754; x_wconf 85' lang='lat' dir='ltr'><strong>opus</strong></span> <span class='ocrx_word' id='word_1_342' title='bbox 859 2718 970 2752; x_wconf 79' lang='lat' dir='ltr'><strong>fuerit.</strong></span> <span class='ocrx_word' id='word_1_343' title='bbox 991 2728 1048 2756; x_wconf 89' lang='lat' dir='ltr'><strong>per</strong></span> <span class='ocrx_word' id='word_1_344' title='bbox 1058 2728 1130 2749; x_wconf 87' lang='lat' dir='ltr'><strong>cen-</strong></span> 
     </span>
     <span class='ocr_line' id='line_1_47' title="bbox 127 2769 1128 2808; baseline 0 -9"><span class='ocrx_word' id='word_1_345' title='bbox 127 2779 239 2800; x_wconf 85' lang='lat' dir='ltr'><strong>suram</strong></span> <span class='ocrx_word' id='word_1_346' title='bbox 274 2769 504 2808; x_wconf 70' lang='lat' dir='ltr'><strong>apostolicam,</strong></span> <span class='ocrx_word' id='word_1_347' title='bbox 541 2769 759 2807; x_wconf 73' lang='lat' dir='ltr'><strong>appellatione</strong></span> <span class='ocrx_word' id='word_1_348' title='bbox 793 2774 934 2800; x_wconf 88' lang='lat' dir='ltr'><strong>remota.</strong></span> <span class='ocrx_word' id='word_1_349' title='bbox 964 2775 1128 2807; x_wconf 72' lang='lat' dir='ltr'><strong>cogentes.</strong></span> 
     </span>
     <span class='ocr_line' id='line_1_48' title="bbox 127 2821 1130 2859; baseline 0.001 -7"><span class='ocrx_word' id='word_1_350' title='bbox 127 2822 221 2859; x_wconf 88' lang='lat' dir='ltr'><strong>Quod</strong></span> <span class='ocrx_word' id='word_1_351' title='bbox 241 2822 267 2852; x_wconf 86' lang='lat' dir='ltr'><strong>si</strong></span> <span class='ocrx_word' id='word_1_352' title='bbox 289 2831 347 2852; x_wconf 90' lang='lat' dir='ltr'><strong>nec</strong></span> <span class='ocrx_word' id='word_1_353' title='bbox 369 2822 415 2851; x_wconf 85' lang='lat' dir='ltr'><strong>sic</strong></span> <span class='ocrx_word' id='word_1_354' title='bbox 433 2822 528 2851; x_wconf 82' lang='lat' dir='ltr'><strong>tidem</strong></span> <span class='ocrx_word' id='word_1_355' title='bbox 549 2821 685 2851; x_wconf 76' lang='lat' dir='ltr'><strong>eandem</strong></span> <span class='ocrx_word' id='word_1_356' title='bbox 708 2821 870 2850; x_wconf 75' lang='lat' dir='ltr'><strong>voluerint</strong></span> <span class='ocrx_word' id='word_1_357' title='bbox 892 2822 1053 2857; x_wconf 71' lang='lat' dir='ltr'><strong>relaxare.</strong></span> <span class='ocrx_word' id='word_1_358' title='bbox 1074 2833 1130 2853; x_wconf 80' lang='lat' dir='ltr'><strong>vos</strong></span> 
     </span>
     <span class='ocr_line' id='line_1_49' title="bbox 127 2874 1129 2913; baseline 0.002 -9"><span class='ocrx_word' id='word_1_359' title='bbox 127 2875 234 2913; x_wconf 85' lang='lat' dir='ltr'><strong>ipsam</strong></span> <span class='ocrx_word' id='word_1_360' title='bbox 262 2875 456 2904; x_wconf 87' lang='lat' dir='ltr'><strong>auctoritate</strong></span> <span class='ocrx_word' id='word_1_361' title='bbox 486 2874 664 2912; x_wconf 80' lang='lat' dir='ltr'><strong>apostolica</strong></span> <span class='ocrx_word' id='word_1_362' title='bbox 690 2874 856 2904; x_wconf 77' lang='lat' dir='ltr'><strong>relaxetis.</strong></span> <span class='ocrx_word' id='word_1_363' title='bbox 889 2875 982 2911; x_wconf 82' lang='lat' dir='ltr'><strong>Quod</strong></span> <span class='ocrx_word' id='word_1_364' title='bbox 1009 2876 1037 2905; x_wconf 83' lang='lat' dir='ltr'><strong>si</strong></span> <span class='ocrx_word' id='word_1_365' title='bbox 1065 2885 1129 2906; x_wconf 91' lang='lat' dir='ltr'><strong>non</strong></span> 
     </span>
     <span class='ocr_line' id='line_1_50' title="bbox 128 2929 622 2965; baseline -0.004 -8"><span class='ocrx_word' id='word_1_366' title='bbox 128 2936 243 2957; x_wconf 81' lang='lat' dir='ltr'><strong>omnes</strong></span> <span class='ocrx_word' id='word_1_367' title='bbox 259 2931 320 2957; x_wconf 86' lang='lat' dir='ltr'><strong>etc.</strong></span> <span class='ocrx_word' id='word_1_368' title='bbox 337 2929 410 2957; x_wconf 89' lang='lat' dir='ltr'><strong>Dat.</strong></span> <span class='ocrx_word' id='word_1_369' title='bbox 428 2932 464 2956; x_wconf 87' lang='lat' dir='ltr'><strong>ut.</strong></span> <span class='ocrx_word' id='word_1_370' title='bbox 482 2936 592 2965; x_wconf 84' lang='lat' dir='ltr'><strong>supra.</strong></span> <span class='ocrx_word' id='word_1_371' title='bbox 610 2939 622 2951; x_wconf 70' lang='lat' dir='ltr'>n</span> 
     </span>
    </p>
   </div>
   <div class='ocr_carea' id='block_1_4' title="bbox 1204 357 2202 735">
    <p class='ocr_par' dir='ltr' id='par_1_4' title="bbox 1204 357 2202 735">
     <span class='ocr_line' id='line_1_51' title="bbox 1274 357 1390 384; baseline 0 0"><span class='ocrx_word' id='word_1_372' title='bbox 1274 357 1390 384; x_wconf 67' lang='lat'><strong>25⁷4</strong></span> 
     </span>
     <span class='ocr_line' id='line_1_52' title="bbox 1239 411 2202 453; baseline 0.009 -16"><span class='ocrx_word' id='word_1_373' title='bbox 1239 411 1398 438; x_wconf 86' lang='lat' dir='ltr'><strong>Lanterino</strong></span> <span class='ocrx_word' id='word_1_374' title='bbox 1413 413 1448 439; x_wconf 87' lang='lat' dir='ltr'><strong>de</strong></span> <span class='ocrx_word' id='word_1_375' title='bbox 1463 414 1616 446; x_wconf 74' lang='lat' dir='ltr'><strong>Beccaria.</strong></span> <span class='ocrx_word' id='word_1_376' title='bbox 1633 416 1773 442; x_wconf 82' lang='lat' dir='ltr'><strong>canonico</strong></span> <span class='ocrx_word' id='word_1_377' title='bbox 1790 417 1943 451; x_wconf 73' lang='lat' dir='ltr'><strong>Papicusi.</strong></span> <span class='ocrx_word' id='word_1_378' title='bbox 1961 418 2081 445; x_wconf 81' lang='lat' dir='ltr'><strong>mandat</strong></span> <span class='ocrx_word' id='word_1_379' title='bbox 2100 423 2202 453; x_wconf 82' lang='lat' dir='ltr'><strong>quate-</strong></span> 
     </span>
     <span class='ocr_line' id='line_1_53' title="bbox 1204 463 2202 499; baseline 0.009 -14"><span class='ocrx_word' id='word_1_380' title='bbox 1204 467 1258 485; x_wconf 84' lang='lat' dir='ltr'><strong>nus</strong></span> <span class='ocrx_word' id='word_1_381' title='bbox 1283 468 1400 487; x_wconf 76' lang='lat' dir='ltr'><strong>causam</strong></span> <span class='ocrx_word' id='word_1_382' title='bbox 1424 465 1553 489; x_wconf 84' lang='lat' dir='ltr'><strong>exortam</strong></span> <span class='ocrx_word' id='word_1_383' title='bbox 1582 463 1659 490; x_wconf 73' lang='lat' dir='ltr'><strong>inter</strong></span> <span class='ocrx_word' id='word_1_384' title='bbox 1681 464 1728 492; x_wconf 90' lang='lat' dir='ltr'><strong>O..</strong></span> <span class='ocrx_word' id='word_1_385' title='bbox 1753 465 1965 499; x_wconf 70' lang='lat' dir='ltr'><strong>praepositum,</strong></span> <span class='ocrx_word' id='word_1_386' title='bbox 1987 466 2022 493; x_wconf 89' lang='lat' dir='ltr'><strong>G.</strong></span> <span class='ocrx_word' id='word_1_387' title='bbox 2045 467 2081 493; x_wconf 85' lang='lat' dir='ltr'><strong>de</strong></span> <span class='ocrx_word' id='word_1_388' title='bbox 2101 467 2202 494; x_wconf 73' lang='lat' dir='ltr'><strong>Monte</strong></span> 
     </span>
     <span class='ocr_line' id='line_1_54' title="bbox 1204 507 2201 547; baseline 0.008 -13"><span class='ocrx_word' id='word_1_389' title='bbox 1204 507 1298 535; x_wconf 84' lang='lat' dir='ltr'><strong>Merlo</strong></span> <span class='ocrx_word' id='word_1_390' title='bbox 1318 512 1346 535; x_wconf 91' lang='lat' dir='ltr'><strong>et</strong></span> <span class='ocrx_word' id='word_1_391' title='bbox 1368 510 1507 543; x_wconf 76' lang='lat' dir='ltr'><strong>quosdam</strong></span> <span class='ocrx_word' id='word_1_392' title='bbox 1528 512 1600 538; x_wconf 67' lang='lat' dir='ltr'><strong>alios</strong></span> <span class='ocrx_word' id='word_1_393' title='bbox 1621 513 1774 539; x_wconf 75' lang='lat' dir='ltr'><strong>canonicos</strong></span> <span class='ocrx_word' id='word_1_394' title='bbox 1794 515 1933 541; x_wconf 76' lang='lat' dir='ltr'><strong>ecclesiae</strong></span> <span class='ocrx_word' id='word_1_395' title='bbox 1946 515 2149 547; x_wconf 58' lang='lat' dir='ltr'><strong>Terdwmmis,</strong></span> <span class='ocrx_word' id='word_1_396' title='bbox 2167 525 2201 543; x_wconf 83' lang='lat' dir='ltr'><strong>ex</strong></span> 
     </span>
     <span class='ocr_line' id='line_1_55' title="bbox 1204 559 2202 598; baseline 0.009 -16"><span class='ocrx_word' id='word_1_397' title='bbox 1204 565 1262 583; x_wconf 87' lang='lat' dir='ltr'><strong>una</strong></span> <span class='ocrx_word' id='word_1_398' title='bbox 1283 561 1378 591; x_wconf 72' lang='lat' dir='ltr'><strong>pai-te.</strong></span> <span class='ocrx_word' id='word_1_399' title='bbox 1395 562 1423 585; x_wconf 90' lang='lat' dir='ltr'><strong>et</strong></span> <span class='ocrx_word' id='word_1_400' title='bbox 1439 559 1605 594; x_wconf 72' lang='lat' dir='ltr'><strong>episcopum</strong></span> <span class='ocrx_word' id='word_1_401' title='bbox 1616 582 1622 589; x_wconf 88' lang='lat'><strong>.</strong></span> <span class='ocrx_word' id='word_1_402' title='bbox 1637 562 1875 589; x_wconf 66' lang='lat' dir='ltr'><strong>archidiaconum</strong></span> <span class='ocrx_word' id='word_1_403' title='bbox 1886 585 1892 591; x_wconf 84' lang='lat'><strong>.</strong></span> <span class='ocrx_word' id='word_1_404' title='bbox 1909 566 2056 590; x_wconf 73' lang='lat' dir='ltr'><strong>cantorem</strong></span> <span class='ocrx_word' id='word_1_405' title='bbox 2074 568 2100 590; x_wconf 86' lang='lat' dir='ltr'><strong>et</strong></span> <span class='ocrx_word' id='word_1_406' title='bbox 2117 573 2202 598; x_wconf 73' lang='lat' dir='ltr'><strong>quus-</strong></span> 
     </span>
     <span class='ocr_line' id='line_1_56' title="bbox 1204 605 2201 647; baseline 0.008 -15"><span class='ocrx_word' id='word_1_407' title='bbox 1204 605 1271 632; x_wconf 87' lang='lat' dir='ltr'><strong>dam</strong></span> <span class='ocrx_word' id='word_1_408' title='bbox 1291 606 1363 633; x_wconf 71' lang='lat' dir='ltr'><strong>atius</strong></span> <span class='ocrx_word' id='word_1_409' title='bbox 1383 608 1537 634; x_wconf 72' lang='lat' dir='ltr'><strong>canonicos</strong></span> <span class='ocrx_word' id='word_1_410' title='bbox 1555 610 1684 642; x_wconf 78' lang='lat' dir='ltr'><strong>ejusdem</strong></span> <span class='ocrx_word' id='word_1_411' title='bbox 1705 611 1854 643; x_wconf 58' lang='lat' dir='ltr'><strong>ecclesian,</strong></span> <span class='ocrx_word' id='word_1_412' title='bbox 1873 620 1908 638; x_wconf 78' lang='lat' dir='ltr'><strong>cx</strong></span> <span class='ocrx_word' id='word_1_413' title='bbox 1922 613 2023 640; x_wconf 66' lang='lat' dir='ltr'><strong>auom.</strong></span> <span class='ocrx_word' id='word_1_414' title='bbox 2039 622 2124 647; x_wconf 73' lang='lat' dir='ltr'><strong>super</strong></span> <span class='ocrx_word' id='word_1_415' title='bbox 2137 614 2201 647; x_wconf 82' lang='lat' dir='ltr'><strong>qui-</strong></span> 
     </span>
     <span class='ocr_line' id='line_1_57' title="bbox 1205 653 2201 690; baseline 0.009 -10"><span class='ocrx_word' id='word_1_416' title='bbox 1205 653 1326 681; x_wconf 83' lang='lat' dir='ltr'><strong>busdam</strong></span> <span class='ocrx_word' id='word_1_417' title='bbox 1342 655 1525 688; x_wconf 75' lang='lat' dir='ltr'><strong>praebendis.</strong></span> <span class='ocrx_word' id='word_1_418' title='bbox 1537 658 1695 690; x_wconf 78' lang='lat' dir='ltr'><strong>apostolico</strong></span> <span class='ocrx_word' id='word_1_419' title='bbox 1708 659 1837 685; x_wconf 80' lang='lat' dir='ltr'><strong>examini</strong></span> <span class='ocrx_word' id='word_1_420' title='bbox 1856 660 1998 686; x_wconf 67' lang='lat' dir='ltr'><strong>remittat.</strong></span> <span class='ocrx_word' id='word_1_421' title='bbox 2013 676 2042 679; x_wconf 95' lang='lat'><strong>—</strong></span> <span class='ocrx_word' id='word_1_422' title='bbox 2059 662 2145 688; x_wconf 51' lang='lat' dir='ltr'><strong>(Rem.</strong></span> <span class='ocrx_word' id='word_1_423' title='bbox 2159 662 2201 690; x_wconf 84' lang='lat'><strong>18.</strong></span> 
     </span>
     <span class='ocr_line' id='line_1_58' title="bbox 1206 702 1601 735; baseline 0.008 -7"><span class='ocrx_word' id='word_1_424' title='bbox 1206 703 1225 728; x_wconf 79' lang='lat' dir='ltr'><strong>i.</strong></span> <span class='ocrx_word' id='word_1_425' title='bbox 1242 702 1276 728; x_wconf 80' lang='lat'><strong>26</strong></span> <span class='ocrx_word' id='word_1_426' title='bbox 1289 707 1334 733; x_wconf 77' lang='lat' dir='ltr'><strong>v·;</strong></span> <span class='ocrx_word' id='word_1_427' title='bbox 1351 711 1420 729; x_wconf 89' lang='lat' dir='ltr'><strong>ann.</strong></span> <span class='ocrx_word' id='word_1_428' title='bbox 1439 704 1490 731; x_wconf 85' lang='lat' dir='ltr'><strong>tx.</strong></span> <span class='ocrx_word' id='word_1_429' title='bbox 1505 712 1529 730; x_wconf 90' lang='lat' dir='ltr'><strong>c.</strong></span> <span class='ocrx_word' id='word_1_430' title='bbox 1544 705 1601 735; x_wconf 76' lang='lat'><strong>72.)</strong></span> 
     </span>
    </p>
   </div>
   <div class='ocr_carea' id='block_1_5' title="bbox 1777 361 2130 394">
    <p class='ocr_par' dir='ltr' id='par_1_5' title="bbox 1777 361 2130 394">
     <span class='ocr_line' id='line_1_59' title="bbox 1777 361 2130 394; baseline 0.006 -6"><span class='ocrx_word' id='word_1_431' title='bbox 1777 361 1912 394; x_wconf 67' lang='lat' dir='ltr'><strong>Perouse,</strong></span> <span class='ocrx_word' id='word_1_432' title='bbox 1930 362 1962 389; x_wconf 86' lang='lat'><strong>18</strong></span> <span class='ocrx_word' id='word_1_433' title='bbox 1978 363 2036 389; x_wconf 82' lang='lat' dir='ltr'><strong>mai</strong></span> <span class='ocrx_word' id='word_1_434' title='bbox 2053 363 2130 390; x_wconf 77' lang='lat'><strong>1235.</strong></span> 
     </span>
    </p>
   </div>
   <div class='ocr_carea' id='block_1_6' title="bbox 1203 796 2212 2777">
    <p class='ocr_par' dir='ltr' id='par_1_6' title="bbox 1203 796 2212 2777">
     <span class='ocr_line' id='line_1_60' title="bbox 1247 796 2203 839; baseline 0.01 -17"><span class='ocrx_word' id='word_1_435' title='bbox 1247 808 1259 821; x_wconf 79' lang='lat' dir='ltr'>u</span> <span class='ocrx_word' id='word_1_436' title='bbox 1289 796 1454 826; x_wconf 66' lang='lat' dir='ltr'><strong>Lanu-rino</strong></span> <span class='ocrx_word' id='word_1_437' title='bbox 1481 798 1515 826; x_wconf 83' lang='lat' dir='ltr'><strong>‹Ie</strong></span> <span class='ocrx_word' id='word_1_438' title='bbox 1542 799 1697 833; x_wconf 65' lang='grc' dir='ltr'><strong>Βιέςιυηά,</strong></span> <span class='ocrx_word' id='word_1_439' title='bbox 1730 802 1876 830; x_wconf 77' lang='lat' dir='ltr'><strong>canonico</strong></span> <span class='ocrx_word' id='word_1_440' title='bbox 1906 802 2058 839; x_wconf 75' lang='lat' dir='ltr'><strong>I’apicnsi.</strong></span> <span class='ocrx_word' id='word_1_441' title='bbox 2085 802 2203 832; x_wconf 82' lang='lat' dir='ltr'><strong>Dilecti</strong></span> 
     </span>
     <span class='ocr_line' id='line_1_61' title="bbox 1206 847 2202 892; baseline 0.007 -16"><span class='ocrx_word' id='word_1_442' title='bbox 1206 847 1266 877; x_wconf 87' lang='lat' dir='ltr'><strong>filii</strong></span> <span class='ocrx_word' id='word_1_443' title='bbox 1283 848 1332 883; x_wconf 83' lang='lat'><strong>0.‚</strong></span> <span class='ocrx_word' id='word_1_444' title='bbox 1352 850 1554 886; x_wconf 70' lang='lat' dir='ltr'><strong>prepositus,</strong></span> <span class='ocrx_word' id='word_1_445' title='bbox 1579 852 1617 880; x_wconf 88' lang='lat' dir='ltr'><strong>G.</strong></span> <span class='ocrx_word' id='word_1_446' title='bbox 1642 851 1680 881; x_wconf 83' lang='lat' dir='ltr'><strong>de</strong></span> <span class='ocrx_word' id='word_1_447' title='bbox 1705 853 1918 882; x_wconf 57' lang='lat' dir='ltr'><strong>Monte-merlo</strong></span> <span class='ocrx_word' id='word_1_448' title='bbox 1941 859 1970 883; x_wconf 83' lang='lat' dir='ltr'><strong>et</strong></span> <span class='ocrx_word' id='word_1_449' title='bbox 1994 854 2126 892; x_wconf 79' lang='lat' dir='ltr'><strong>quidam</strong></span> <span class='ocrx_word' id='word_1_450' title='bbox 2147 854 2202 883; x_wconf 90' lang='lat' dir='ltr'><strong>alii</strong></span> 
     </span>
     <span class='ocr_line' id='line_1_62' title="bbox 1205 901 2204 943; baseline 0.006 -14"><span class='ocrx_word' id='word_1_451' title='bbox 1205 901 1356 930; x_wconf 80' lang='lat' dir='ltr'><strong>canonici</strong></span> <span class='ocrx_word' id='word_1_452' title='bbox 1377 901 1515 932; x_wconf 81' lang='lat' dir='ltr'><strong>ecclesie</strong></span> <span class='ocrx_word' id='word_1_453' title='bbox 1535 903 1755 933; x_wconf 77' lang='lat' dir='ltr'><strong>Tcrdouensis</strong></span> <span class='ocrx_word' id='word_1_454' title='bbox 1780 905 1874 934; x_wconf 80' lang='lat' dir='ltr'><strong>nohis</strong></span> <span class='ocrx_word' id='word_1_455' title='bbox 1897 906 2085 943; x_wconf 66' lang='lat' dir='ltr'><strong>significare</strong></span> <span class='ocrx_word' id='word_1_456' title='bbox 2109 916 2204 936; x_wconf 74' lang='lat' dir='ltr'><strong>cura-</strong></span> 
     </span>
     <span class='ocr_line' id='line_1_63' title="bbox 1206 953 2203 996; baseline 0.007 -16"><span class='ocrx_word' id='word_1_457' title='bbox 1206 957 1282 981; x_wconf 91' lang='lat' dir='ltr'><strong>runt</strong></span> <span class='ocrx_word' id='word_1_458' title='bbox 1300 953 1396 990; x_wconf 72' lang='lat' dir='ltr'><strong>quod.</strong></span> <span class='ocrx_word' id='word_1_459' title='bbox 1415 953 1492 982; x_wconf 82' lang='lat' dir='ltr'><strong>oliui</strong></span> <span class='ocrx_word' id='word_1_460' title='bbox 1511 955 1703 985; x_wconf 79' lang='lat' dir='ltr'><strong>vacantibus</strong></span> <span class='ocrx_word' id='word_1_461' title='bbox 1719 956 1845 986; x_wconf 81' lang='lat' dir='ltr'><strong>duabus</strong></span> <span class='ocrx_word' id='word_1_462' title='bbox 1864 958 1897 986; x_wconf 88' lang='lat' dir='ltr'><strong>in</strong></span> <span class='ocrx_word' id='word_1_463' title='bbox 1915 958 2052 987; x_wconf 80' lang='lat' dir='ltr'><strong>ecclesia</strong></span> <span class='ocrx_word' id='word_1_464' title='bbox 2068 959 2203 996; x_wconf 81' lang='lat' dir='ltr'><strong>preben-</strong></span> 
     </span>
     <span class='ocr_line' id='line_1_64' title="bbox 1205 1003 2205 1047; baseline 0.007 -14"><span class='ocrx_word' id='word_1_465' title='bbox 1205 1003 1267 1039; x_wconf 84' lang='lat' dir='ltr'><strong>dis,</strong></span> <span class='ocrx_word' id='word_1_466' title='bbox 1293 1005 1492 1034; x_wconf 77' lang='lat' dir='ltr'><strong>venerahilis</strong></span> <span class='ocrx_word' id='word_1_467' title='bbox 1510 1006 1611 1036; x_wconf 70' lang='lat' dir='ltr'><strong>frater</strong></span> <span class='ocrx_word' id='word_1_468' title='bbox 1627 1013 1738 1037; x_wconf 83' lang='lat' dir='ltr'><strong>noster</strong></span> <span class='ocrx_word' id='word_1_469' title='bbox 1753 1031 1774 1037; x_wconf 89' lang='lat'><strong>..</strong></span> <span class='ocrx_word' id='word_1_470' title='bbox 1791 1009 1962 1047; x_wconf 80' lang='lat' dir='ltr'><strong>episcopus</strong></span> <span class='ocrx_word' id='word_1_471' title='bbox 1974 1033 1980 1042; x_wconf 82' lang='lat'><strong>.</strong></span> <span class='ocrx_word' id='word_1_472' title='bbox 2002 1033 2022 1038; x_wconf 93' lang='lat'><strong>..</strong></span> <span class='ocrx_word' id='word_1_473' title='bbox 2039 1010 2205 1040; x_wconf 84' lang='lat' dir='ltr'><strong>archidia-</strong></span> 
     </span>
     <span class='ocr_line' id='line_1_65' title="bbox 1206 1055 2204 1102; baseline 0.008 -17"><span class='ocrx_word' id='word_1_474' title='bbox 1206 1064 1325 1088; x_wconf 81' lang='lat' dir='ltr'><strong>conus.</strong></span> <span class='ocrx_word' id='word_1_475' title='bbox 1362 1080 1382 1085; x_wconf 90' lang='lat'><strong>..</strong></span> <span class='ocrx_word' id='word_1_476' title='bbox 1419 1062 1532 1087; x_wconf 84' lang='lat' dir='ltr'><strong>cantor</strong></span> <span class='ocrx_word' id='word_1_477' title='bbox 1563 1063 1593 1088; x_wconf 89' lang='lat' dir='ltr'><strong>et</strong></span> <span class='ocrx_word' id='word_1_478' title='bbox 1630 1059 1762 1097; x_wconf 86' lang='lat' dir='ltr'><strong>quidam</strong></span> <span class='ocrx_word' id='word_1_479' title='bbox 1793 1061 1850 1090; x_wconf 88' lang='lat' dir='ltr'><strong>alii</strong></span> <span class='ocrx_word' id='word_1_480' title='bbox 1877 1063 2026 1092; x_wconf 86' lang='lat' dir='ltr'><strong>canonici</strong></span> <span class='ocrx_word' id='word_1_481' title='bbox 2059 1055 2204 1102; x_wconf 86' lang='lat' dir='ltr'><strong>ejusdem</strong></span> 
     </span>
     <span class='ocr_line' id='line_1_66' title="bbox 1207 1108 2205 1150; baseline 0.008 -13"><span class='ocrx_word' id='word_1_482' title='bbox 1207 1108 1362 1144; x_wconf 82' lang='lat' dir='ltr'><strong>ecclesie,</strong></span> <span class='ocrx_word' id='word_1_483' title='bbox 1385 1114 1561 1148; x_wconf 81' lang='lat' dir='ltr'><strong>sequentes</strong></span> <span class='ocrx_word' id='word_1_484' title='bbox 1583 1112 1712 1149; x_wconf 87' lang='lat' dir='ltr'><strong>proprie</strong></span> <span class='ocrx_word' id='word_1_485' title='bbox 1731 1113 1910 1143; x_wconf 77' lang='lat' dir='ltr'><strong>voluntatis</strong></span> <span class='ocrx_word' id='word_1_486' title='bbox 1929 1115 2118 1150; x_wconf 75' lang='lat' dir='ltr'><strong>arbitrium,</strong></span> <span class='ocrx_word' id='word_1_487' title='bbox 2141 1125 2205 1145; x_wconf 88' lang='lat' dir='ltr'><strong>non</strong></span> 
     </span>
     <span class='ocr_line' id='line_1_67' title="bbox 1203 1161 2206 1207; baseline 0.008 -18"><span class='ocrx_word' id='word_1_488' title='bbox 1203 1161 1367 1199; x_wconf 88' lang='lat' dir='ltr'><strong>judicium</strong></span> <span class='ocrx_word' id='word_1_489' title='bbox 1383 1162 1534 1197; x_wconf 76' lang='lat' dir='ltr'><strong>rationis,</strong></span> <span class='ocrx_word' id='word_1_490' title='bbox 1552 1172 1663 1193; x_wconf 87' lang='lat' dir='ltr'><strong>eorum</strong></span> <span class='ocrx_word' id='word_1_491' title='bbox 1676 1165 1810 1195; x_wconf 84' lang='lat' dir='ltr'><strong>omnino</strong></span> <span class='ocrx_word' id='word_1_492' title='bbox 1824 1171 2008 1205; x_wconf 81' lang='lat' dir='ltr'><strong>contempto</strong></span> <span class='ocrx_word' id='word_1_493' title='bbox 2021 1171 2049 1197; x_wconf 93' lang='lat' dir='ltr'><strong>et</strong></span> <span class='ocrx_word' id='word_1_494' title='bbox 2068 1168 2206 1207; x_wconf 86' lang='lat' dir='ltr'><strong>irrequi-</strong></span> 
     </span>
     <span class='ocr_line' id='line_1_68' title="bbox 1208 1213 2206 1259; baseline 0.008 -17"><span class='ocrx_word' id='word_1_495' title='bbox 1208 1213 1271 1252; x_wconf 86' lang='lat' dir='ltr'><strong>sito</strong></span> <span class='ocrx_word' id='word_1_496' title='bbox 1289 1222 1464 1248; x_wconf 76' lang='lat' dir='ltr'><strong>consensu,</strong></span> <span class='ocrx_word' id='word_1_497' title='bbox 1483 1215 1539 1253; x_wconf 77' lang='lat' dir='ltr'><strong>qui</strong></span> <span class='ocrx_word' id='word_1_498' title='bbox 1562 1216 1728 1246; x_wconf 84' lang='lat' dir='ltr'><strong>commode</strong></span> <span class='ocrx_word' id='word_1_499' title='bbox 1745 1218 1870 1256; x_wconf 79' lang='lat' dir='ltr'><strong>requiri</strong></span> <span class='ocrx_word' id='word_1_500' title='bbox 1888 1224 2010 1256; x_wconf 81' lang='lat' dir='ltr'><strong>poterat</strong></span> <span class='ocrx_word' id='word_1_501' title='bbox 2029 1224 2059 1249; x_wconf 83' lang='lat' dir='ltr'><strong>et</strong></span> <span class='ocrx_word' id='word_1_502' title='bbox 2079 1220 2118 1250; x_wconf 93' lang='lat' dir='ltr'><strong>de</strong></span> <span class='ocrx_word' id='word_1_503' title='bbox 2132 1221 2206 1259; x_wconf 85' lang='lat' dir='ltr'><strong>jure</strong></span> 
     </span>
     <span class='ocr_line' id='line_1_69' title="bbox 1208 1266 2206 1310; baseline 0.007 -15"><span class='ocrx_word' id='word_1_504' title='bbox 1208 1266 1358 1301; x_wconf 80' lang='lat' dir='ltr'><strong>debehat,</strong></span> <span class='ocrx_word' id='word_1_505' title='bbox 1377 1267 1534 1303; x_wconf 73' lang='lat' dir='ltr'><strong>magistro</strong></span> <span class='ocrx_word' id='word_1_506' title='bbox 1552 1269 1589 1297; x_wconf 77' lang='lat' dir='ltr'><strong>R.</strong></span> <span class='ocrx_word' id='word_1_507' title='bbox 1608 1273 1637 1297; x_wconf 90' lang='lat' dir='ltr'><strong>et</strong></span> <span class='ocrx_word' id='word_1_508' title='bbox 1654 1269 1689 1298; x_wconf 93' lang='lat' dir='ltr'><strong>L.</strong></span> <span class='ocrx_word' id='word_1_509' title='bbox 1705 1278 1803 1299; x_wconf 90' lang='lat' dir='ltr'><strong>unam</strong></span> <span class='ocrx_word' id='word_1_510' title='bbox 1821 1270 1858 1300; x_wconf 85' lang='lat' dir='ltr'><strong>de</strong></span> <span class='ocrx_word' id='word_1_511' title='bbox 1874 1271 1955 1309; x_wconf 85' lang='lat' dir='ltr'><strong>ipsis</strong></span> <span class='ocrx_word' id='word_1_512' title='bbox 1969 1272 2154 1310; x_wconf 76' lang='lat' dir='ltr'><strong>prebendis.</strong></span> <span class='ocrx_word' id='word_1_513' title='bbox 2168 1273 2206 1303; x_wconf 87' lang='lat' dir='ltr'><strong>de</strong></span> 
     </span>
     <span class='ocr_line' id='line_1_70' title="bbox 1208 1318 2208 1359; baseline 0.007 -12"><span class='ocrx_word' id='word_1_514' title='bbox 1208 1318 1303 1353; x_wconf 84' lang='lat' dir='ltr'><strong>facto,</strong></span> <span class='ocrx_word' id='word_1_515' title='bbox 1324 1328 1397 1347; x_wconf 82' lang='lat' dir='ltr'><strong>cum</strong></span> <span class='ocrx_word' id='word_1_516' title='bbox 1414 1319 1538 1358; x_wconf 76' lang='lat' dir='ltr'><strong>dejure</strong></span> <span class='ocrx_word' id='word_1_517' title='bbox 1564 1321 1788 1359; x_wconf 71' lang='lat' dir='ltr'><strong>nequiverint,</strong></span> <span class='ocrx_word' id='word_1_518' title='bbox 1813 1323 2041 1359; x_wconf 79' lang='lat' dir='ltr'><strong>contulerunt3</strong></span> <span class='ocrx_word' id='word_1_519' title='bbox 2067 1325 2208 1354; x_wconf 87' lang='lat' dir='ltr'><strong>nichilo-</strong></span> 
     </span>
     <span class='ocr_line' id='line_1_71' title="bbox 1208 1371 2207 1414; baseline 0.008 -15"><span class='ocrx_word' id='word_1_520' title='bbox 1208 1371 1318 1400; x_wconf 86' lang='lat' dir='ltr'><strong>minus</strong></span> <span class='ocrx_word' id='word_1_521' title='bbox 1335 1371 1524 1409; x_wconf 73' lang='lat' dir='ltr'><strong>Opizinum.</strong></span> <span class='ocrx_word' id='word_1_522' title='bbox 1552 1374 1812 1403; x_wconf 79' lang='lat' dir='ltr'><strong>Montanarium.</strong></span> <span class='ocrx_word' id='word_1_523' title='bbox 1831 1376 2032 1413; x_wconf 72' lang='lat' dir='ltr'><strong>Ilugoliuum</strong></span> <span class='ocrx_word' id='word_1_524' title='bbox 2047 1401 2053 1407; x_wconf 92' lang='lat'><strong>.</strong></span> <span class='ocrx_word' id='word_1_525' title='bbox 2078 1377 2207 1414; x_wconf 58' lang='lat' dir='ltr'><strong>Ales-‘ri-</strong></span> 
     </span>
     <span class='ocr_line' id='line_1_72' title="bbox 1208 1424 2205 1468; baseline 0.007 -15"><span class='ocrx_word' id='word_1_526' title='bbox 1208 1432 1298 1458; x_wconf 80' lang='lat' dir='ltr'><strong>num,</strong></span> <span class='ocrx_word' id='word_1_527' title='bbox 1316 1424 1522 1459; x_wconf 63' lang='lat' dir='ltr'><strong>Olim-tinum,</strong></span> <span class='ocrx_word' id='word_1_528' title='bbox 1543 1426 1768 1461; x_wconf 81' lang='lat' dir='ltr'><strong>Guillelmum,</strong></span> <span class='ocrx_word' id='word_1_529' title='bbox 1788 1428 1983 1458; x_wconf 70' lang='lat' dir='ltr'><strong>Jarohinum</strong></span> <span class='ocrx_word' id='word_1_530' title='bbox 2001 1434 2029 1459; x_wconf 85' lang='lat' dir='ltr'><strong>et</strong></span> <span class='ocrx_word' id='word_1_531' title='bbox 2049 1431 2205 1468; x_wconf 81' lang='lat' dir='ltr'><strong>quosdam</strong></span> 
     </span>
     <span class='ocr_line' id='line_1_73' title="bbox 1207 1475 2207 1520; baseline 0.009 -16"><span class='ocrx_word' id='word_1_532' title='bbox 1207 1475 1290 1505; x_wconf 84' lang='lat' dir='ltr'><strong>alios</strong></span> <span class='ocrx_word' id='word_1_533' title='bbox 1309 1476 1446 1506; x_wconf 84' lang='lat' dir='ltr'><strong>clericos</strong></span> <span class='ocrx_word' id='word_1_534' title='bbox 1467 1482 1495 1507; x_wconf 88' lang='lat' dir='ltr'><strong>et</strong></span> <span class='ocrx_word' id='word_1_535' title='bbox 1518 1478 1659 1508; x_wconf 83' lang='lat' dir='ltr'><strong>scolares</strong></span> <span class='ocrx_word' id='word_1_536' title='bbox 1683 1479 1723 1508; x_wconf 88' lang='lat' dir='ltr'><strong>ad</strong></span> <span class='ocrx_word' id='word_1_537' title='bbox 1746 1480 1850 1509; x_wconf 80' lang='lat' dir='ltr'><strong>solum</strong></span> <span class='ocrx_word' id='word_1_538' title='bbox 1874 1481 2004 1510; x_wconf 85' lang='lat' dir='ltr'><strong>titulum</strong></span> <span class='ocrx_word' id='word_1_539' title='bbox 2029 1483 2133 1520; x_wconf 80' lang='lat' dir='ltr'><strong>ipsius</strong></span> <span class='ocrx_word' id='word_1_540' title='bbox 2154 1492 2207 1513; x_wconf 85' lang='lat' dir='ltr'><strong>ec-</strong></span> 
     </span>
     <span class='ocr_line' id='line_1_74' title="bbox 1208 1528 2208 1572; baseline 0.007 -14"><span class='ocrx_word' id='word_1_541' title='bbox 1208 1528 1307 1558; x_wconf 89' lang='lat' dir='ltr'><strong>clesie</strong></span> <span class='ocrx_word' id='word_1_542' title='bbox 1333 1528 1508 1566; x_wconf 73' lang='lat' dir='ltr'><strong>eligentes,</strong></span> <span class='ocrx_word' id='word_1_543' title='bbox 1535 1535 1604 1568; x_wconf 88' lang='lat' dir='ltr'><strong>post</strong></span> <span class='ocrx_word' id='word_1_544' title='bbox 1635 1531 1886 1569; x_wconf 84' lang='lat' dir='ltr'><strong>appellationem</strong></span> <span class='ocrx_word' id='word_1_545' title='bbox 1912 1533 1951 1562; x_wconf 72' lang='lat' dir='ltr'><strong>ml</strong></span> <span class='ocrx_word' id='word_1_546' title='bbox 1979 1543 2037 1563; x_wconf 91' lang='lat' dir='ltr'><strong>nos</strong></span> <span class='ocrx_word' id='word_1_547' title='bbox 2062 1534 2208 1572; x_wconf 74' lang='lat' dir='ltr'><strong>legitime</strong></span> 
     </span>
     <span class='ocr_line' id='line_1_75' title="bbox 1208 1581 2209 1624; baseline 0.007 -14"><span class='ocrx_word' id='word_1_548' title='bbox 1208 1581 1427 1619; x_wconf 73' lang='lat' dir='ltr'><strong>interjectam.</strong></span> <span class='ocrx_word' id='word_1_549' title='bbox 1441 1583 1489 1611; x_wconf 83' lang='lat' dir='ltr'><strong>eis.</strong></span> <span class='ocrx_word' id='word_1_550' title='bbox 1502 1582 1662 1621; x_wconf 79' lang='lat' dir='ltr'><strong>reliquam</strong></span> <span class='ocrx_word' id='word_1_551' title='bbox 1677 1584 1715 1613; x_wconf 91' lang='lat' dir='ltr'><strong>de</strong></span> <span class='ocrx_word' id='word_1_552' title='bbox 1728 1585 1895 1622; x_wconf 61' lang='lat' dir='ltr'><strong>jan‘tdictis</strong></span> <span class='ocrx_word' id='word_1_553' title='bbox 1910 1586 2085 1624; x_wconf 79' lang='lat' dir='ltr'><strong>prebendis</strong></span> <span class='ocrx_word' id='word_1_554' title='bbox 2097 1592 2209 1617; x_wconf 85' lang='lat' dir='ltr'><strong>contra</strong></span> 
     </span>
     <span class='ocr_line' id='line_1_76' title="bbox 1209 1634 2209 1674; baseline 0.007 -10"><span class='ocrx_word' id='word_1_555' title='bbox 1209 1634 1398 1664; x_wconf 88' lang='lat' dir='ltr'><strong>sanctiones</strong></span> <span class='ocrx_word' id='word_1_556' title='bbox 1417 1636 1593 1665; x_wconf 76' lang='lat' dir='ltr'><strong>canonicas</strong></span> <span class='ocrx_word' id='word_1_557' title='bbox 1612 1637 1842 1674; x_wconf 58' lang='lat' dir='ltr'><strong>assignarunt,</strong></span> <span class='ocrx_word' id='word_1_558' title='bbox 1861 1639 1894 1667; x_wconf 91' lang='lat' dir='ltr'><strong>in</strong></span> <span class='ocrx_word' id='word_1_559' title='bbox 1915 1640 2092 1670; x_wconf 69' lang='lat' dir='ltr'><strong>eoi-:tndem</strong></span> <span class='ocrx_word' id='word_1_560' title='bbox 2110 1646 2140 1670; x_wconf 87' lang='lat' dir='ltr'><strong>et</strong></span> <span class='ocrx_word' id='word_1_561' title='bbox 2156 1650 2209 1671; x_wconf 84' lang='lat' dir='ltr'><strong>ec-</strong></span> 
     </span>
     <span class='ocr_line' id='line_1_77' title="bbox 1209 1686 2208 1730; baseline 0.008 -15"><span class='ocrx_word' id='word_1_562' title='bbox 1209 1686 1309 1716; x_wconf 87' lang='lat' dir='ltr'><strong>clesie</strong></span> <span class='ocrx_word' id='word_1_563' title='bbox 1328 1687 1454 1724; x_wconf 82' lang='lat' dir='ltr'><strong>prefate</strong></span> <span class='ocrx_word' id='word_1_564' title='bbox 1471 1696 1535 1717; x_wconf 88' lang='lat' dir='ltr'><strong>non</strong></span> <span class='ocrx_word' id='word_1_565' title='bbox 1556 1688 1719 1718; x_wconf 88' lang='lat' dir='ltr'><strong>modicum</strong></span> <span class='ocrx_word' id='word_1_566' title='bbox 1736 1690 1955 1729; x_wconf 85' lang='lat' dir='ltr'><strong>prejudicium</strong></span> <span class='ocrx_word' id='word_1_567' title='bbox 1974 1697 2003 1721; x_wconf 90' lang='lat' dir='ltr'><strong>et</strong></span> <span class='ocrx_word' id='word_1_568' title='bbox 2020 1702 2208 1730; x_wconf 74' lang='lat' dir='ltr'><strong>gravamen.</strong></span> 
     </span>
     <span class='ocr_line' id='line_1_78' title="bbox 1209 1738 2209 1782; baseline 0.008 -15"><span class='ocrx_word' id='word_1_569' title='bbox 1209 1739 1247 1768; x_wconf 89' lang='lat' dir='ltr'><strong>Et</strong></span> <span class='ocrx_word' id='word_1_570' title='bbox 1264 1738 1341 1768; x_wconf 87' lang='lat' dir='ltr'><strong>licet</strong></span> <span class='ocrx_word' id='word_1_571' title='bbox 1357 1748 1455 1777; x_wconf 89' lang='lat' dir='ltr'><strong>super</strong></span> <span class='ocrx_word' id='word_1_572' title='bbox 1471 1739 1530 1769; x_wconf 83' lang='lat' dir='ltr'><strong>hoc</strong></span> <span class='ocrx_word' id='word_1_573' title='bbox 1547 1740 1676 1771; x_wconf 80' lang='lat' dir='ltr'><strong>diverse</strong></span> <span class='ocrx_word' id='word_1_574' title='bbox 1693 1741 1733 1770; x_wconf 87' lang='lat' dir='ltr'><strong>ad</strong></span> <span class='ocrx_word' id='word_1_575' title='bbox 1749 1742 1896 1772; x_wconf 77' lang='lat' dir='ltr'><strong>diversos</strong></span> <span class='ocrx_word' id='word_1_576' title='bbox 1909 1743 2038 1782; x_wconf 87' lang='lat' dir='ltr'><strong>judices</strong></span> <span class='ocrx_word' id='word_1_577' title='bbox 2055 1745 2120 1774; x_wconf 88' lang='lat' dir='ltr'><strong>sint</strong></span> <span class='ocrx_word' id='word_1_578' title='bbox 2132 1745 2209 1775; x_wconf 86' lang='lat' dir='ltr'><strong>hinc</strong></span> 
     </span>
     <span class='ocr_line' id='line_1_79' title="bbox 1209 1791 2208 1835; baseline 0.008 -15"><span class='ocrx_word' id='word_1_579' title='bbox 1209 1791 1286 1821; x_wconf 88' lang='lat' dir='ltr'><strong>inde</strong></span> <span class='ocrx_word' id='word_1_580' title='bbox 1314 1791 1423 1822; x_wconf 88' lang='lat' dir='ltr'><strong>littere</strong></span> <span class='ocrx_word' id='word_1_581' title='bbox 1454 1792 1646 1830; x_wconf 85' lang='lat' dir='ltr'><strong>impetrate.</strong></span> <span class='ocrx_word' id='word_1_582' title='bbox 1685 1794 1884 1832; x_wconf 86' lang='lat' dir='ltr'><strong>impediente</strong></span> <span class='ocrx_word' id='word_1_583' title='bbox 1914 1800 2022 1827; x_wconf 88' lang='lat' dir='ltr'><strong>tamen</strong></span> <span class='ocrx_word' id='word_1_584' title='bbox 2052 1799 2208 1835; x_wconf 76' lang='lat' dir='ltr'><strong>potentia,</strong></span> 
     </span>
     <span class='ocr_line' id='line_1_80' title="bbox 1209 1844 2208 1884; baseline 0.006 -11"><span class='ocrx_word' id='word_1_585' title='bbox 1209 1844 1310 1874; x_wconf 84' lang='lat' dir='ltr'><strong>immo</strong></span> <span class='ocrx_word' id='word_1_586' title='bbox 1336 1845 1447 1874; x_wconf 88' lang='lat' dir='ltr'><strong>verius</strong></span> <span class='ocrx_word' id='word_1_587' title='bbox 1477 1845 1622 1880; x_wconf 71' lang='lat' dir='ltr'><strong>malitia,</strong></span> <span class='ocrx_word' id='word_1_588' title='bbox 1651 1847 1753 1884; x_wconf 87' lang='lat' dir='ltr'><strong>partis</strong></span> <span class='ocrx_word' id='word_1_589' title='bbox 1783 1848 1918 1878; x_wconf 80' lang='lat' dir='ltr'><strong>adverse</strong></span> <span class='ocrx_word' id='word_1_590' title='bbox 1934 1872 1940 1883; x_wconf 70' lang='grc'>,</span> <span class='ocrx_word' id='word_1_591' title='bbox 1968 1850 2208 1881; x_wconf 86' lang='lat' dir='ltr'><strong>mutilationem</strong></span> 
     </span>
     <span class='ocr_line' id='line_1_81' title="bbox 1209 1898 2208 1941; baseline 0.007 -15"><span class='ocrx_word' id='word_1_592' title='bbox 1209 1898 1430 1927; x_wconf 78' lang='lat' dir='ltr'><strong>membrorum</strong></span> <span class='ocrx_word' id='word_1_593' title='bbox 1451 1902 1479 1927; x_wconf 88' lang='lat' dir='ltr'><strong>et</strong></span> <span class='ocrx_word' id='word_1_594' title='bbox 1498 1898 1561 1927; x_wconf 89' lang='lat' dir='ltr'><strong>alia</strong></span> <span class='ocrx_word' id='word_1_595' title='bbox 1580 1900 1728 1937; x_wconf 77' lang='lat' dir='ltr'><strong>graviora</strong></span> <span class='ocrx_word' id='word_1_596' title='bbox 1746 1901 1805 1934; x_wconf 71' lang='lat' dir='ltr'><strong>eis.</strong></span> <span class='ocrx_word' id='word_1_597' title='bbox 1826 1901 1854 1930; x_wconf 85' lang='lat' dir='ltr'><strong>si</strong></span> <span class='ocrx_word' id='word_1_598' title='bbox 1871 1910 2002 1931; x_wconf 80' lang='lat' dir='ltr'><strong>causam</strong></span> <span class='ocrx_word' id='word_1_599' title='bbox 2021 1902 2208 1941; x_wconf 83' lang='lat' dir='ltr'><strong>hujusmodi</strong></span> 
     </span>
     <span class='ocr_line' id='line_1_82' title="bbox 1209 1951 2210 1993; baseline 0.005 -13"><span class='ocrx_word' id='word_1_600' title='bbox 1209 1955 1437 1988; x_wconf 67' lang='lat' dir='ltr'><strong>prosecuntur.</strong></span> <span class='ocrx_word' id='word_1_601' title='bbox 1456 1951 1585 1988; x_wconf 76' lang='lat' dir='ltr'><strong>publice</strong></span> <span class='ocrx_word' id='word_1_602' title='bbox 1602 1953 1853 1982; x_wconf 78' lang='lat' dir='ltr'><strong>comminantis.</strong></span> <span class='ocrx_word' id='word_1_603' title='bbox 1872 1954 1905 1983; x_wconf 88' lang='lat' dir='ltr'><strong>in</strong></span> <span class='ocrx_word' id='word_1_604' title='bbox 1926 1964 2022 1984; x_wconf 73' lang='lat' dir='ltr'><strong>causa</strong></span> <span class='ocrx_word' id='word_1_605' title='bbox 2042 1956 2110 1993; x_wconf 87' lang='lat' dir='ltr'><strong>ipsa</strong></span> <span class='ocrx_word' id='word_1_606' title='bbox 2129 1966 2210 1985; x_wconf 83' lang='lat' dir='ltr'><strong>non-</strong></span> 
     </span>
     <span class='ocr_line' id='line_1_83' title="bbox 1209 2003 2209 2046; baseline 0.007 -15"><span class='ocrx_word' id='word_1_607' title='bbox 1209 2003 1285 2032; x_wconf 89' lang='lat' dir='ltr'><strong>dum</strong></span> <span class='ocrx_word' id='word_1_608' title='bbox 1303 2007 1351 2032; x_wconf 81' lang='lat' dir='ltr'><strong>est</strong></span> <span class='ocrx_word' id='word_1_609' title='bbox 1368 2003 1406 2032; x_wconf 86' lang='lat' dir='ltr'><strong>ad</strong></span> <span class='ocrx_word' id='word_1_610' title='bbox 1423 2003 1491 2032; x_wconf 76' lang='lat' dir='ltr'><strong>litis</strong></span> <span class='ocrx_word' id='word_1_611' title='bbox 1510 2005 1780 2035; x_wconf 73' lang='lat' dir='ltr'><strong>contestationem</strong></span> <span class='ocrx_word' id='word_1_612' title='bbox 1804 2016 2007 2044; x_wconf 81' lang='lat' dir='ltr'><strong>processum.</strong></span> <span class='ocrx_word' id='word_1_613' title='bbox 2032 2009 2209 2046; x_wconf 71' lang='lat' dir='ltr'><strong>quadrien-</strong></span> 
     </span>
     <span class='ocr_line' id='line_1_84' title="bbox 1210 2055 2208 2098; baseline 0.006 -14"><span class='ocrx_word' id='word_1_614' title='bbox 1210 2055 1265 2085; x_wconf 87' lang='lat' dir='ltr'><strong>nio</strong></span> <span class='ocrx_word' id='word_1_615' title='bbox 1281 2060 1309 2085; x_wconf 88' lang='lat' dir='ltr'><strong>et</strong></span> <span class='ocrx_word' id='word_1_616' title='bbox 1326 2055 1467 2093; x_wconf 68' lang='lat' dir='ltr'><strong>amplius</strong></span> <span class='ocrx_word' id='word_1_617' title='bbox 1479 2056 1546 2094; x_wconf 85' lang='lat' dir='ltr'><strong>jam</strong></span> <span class='ocrx_word' id='word_1_618' title='bbox 1566 2056 1686 2094; x_wconf 79' lang='lat' dir='ltr'><strong>elapso.</strong></span> <span class='ocrx_word' id='word_1_619' title='bbox 1702 2058 1808 2094; x_wconf 83' lang='lat' dir='ltr'><strong>Quare</strong></span> <span class='ocrx_word' id='word_1_620' title='bbox 1827 2059 1886 2088; x_wconf 85' lang='lat' dir='ltr'><strong>suit</strong></span> <span class='ocrx_word' id='word_1_621' title='bbox 1904 2068 1940 2088; x_wconf 81' lang='lat' dir='ltr'><strong>ex</strong></span> <span class='ocrx_word' id='word_1_622' title='bbox 1957 2065 2047 2098; x_wconf 81' lang='lat' dir='ltr'><strong>parte</strong></span> <span class='ocrx_word' id='word_1_623' title='bbox 2065 2061 2208 2098; x_wconf 81' lang='lat' dir='ltr'><strong>ipsorum</strong></span> 
     </span>
     <span class='ocr_line' id='line_1_85' title="bbox 1210 2107 2208 2150; baseline 0.008 -14"><span class='ocrx_word' id='word_1_624' title='bbox 1210 2107 1306 2137; x_wconf 79' lang='lat' dir='ltr'><strong>nobis</strong></span> <span class='ocrx_word' id='word_1_625' title='bbox 1327 2107 1498 2137; x_wconf 87' lang='lat' dir='ltr'><strong>humiliter</strong></span> <span class='ocrx_word' id='word_1_626' title='bbox 1514 2109 1732 2146; x_wconf 81' lang='lat' dir='ltr'><strong>supplicatum</strong></span> <span class='ocrx_word' id='word_1_627' title='bbox 1751 2115 1801 2140; x_wconf 93' lang='lat' dir='ltr'><strong>ut.</strong></span> <span class='ocrx_word' id='word_1_628' title='bbox 1822 2121 1893 2140; x_wconf 85' lang='lat' dir='ltr'><strong>cum</strong></span> <span class='ocrx_word' id='word_1_629' title='bbox 1912 2113 1944 2141; x_wconf 91' lang='lat' dir='ltr'><strong>in</strong></span> <span class='ocrx_word' id='word_1_630' title='bbox 1963 2114 2110 2150; x_wconf 80' lang='lat' dir='ltr'><strong>partibus</strong></span> <span class='ocrx_word' id='word_1_631' title='bbox 2130 2114 2208 2146; x_wconf 80' lang='lat' dir='ltr'><strong>illis.</strong></span> 
     </span>
     <span class='ocr_line' id='line_1_86' title="bbox 1209 2160 2211 2204; baseline 0.008 -15"><span class='ocrx_word' id='word_1_632' title='bbox 1209 2160 1313 2198; x_wconf 87' lang='lat' dir='ltr'><strong>partis</strong></span> <span class='ocrx_word' id='word_1_633' title='bbox 1330 2160 1466 2190; x_wconf 80' lang='lat' dir='ltr'><strong>alterius</strong></span> <span class='ocrx_word' id='word_1_634' title='bbox 1484 2161 1628 2199; x_wconf 86' lang='lat' dir='ltr'><strong>potentia</strong></span> <span class='ocrx_word' id='word_1_635' title='bbox 1644 2162 1802 2198; x_wconf 76' lang='lat' dir='ltr'><strong>faciente,</strong></span> <span class='ocrx_word' id='word_1_636' title='bbox 1829 2172 1961 2193; x_wconf 82' lang='lat' dir='ltr'><strong>causam</strong></span> <span class='ocrx_word' id='word_1_637' title='bbox 1982 2167 2135 2204; x_wconf 78' lang='lat' dir='ltr'><strong>prosequi</strong></span> <span class='ocrx_word' id='word_1_638' title='bbox 2152 2176 2211 2197; x_wconf 84' lang='lat' dir='ltr'><strong>ne-</strong></span> 
     </span>
     <span class='ocr_line' id='line_1_87' title="bbox 1210 2214 2211 2257; baseline 0.006 -15"><span class='ocrx_word' id='word_1_639' title='bbox 1210 2217 1333 2251; x_wconf 85' lang='lat' dir='ltr'><strong>queant</strong></span> <span class='ocrx_word' id='word_1_640' title='bbox 1351 2218 1579 2249; x_wconf 69' lang='lat' dir='ltr'><strong>memoratam‚</strong></span> <span class='ocrx_word' id='word_1_641' title='bbox 1603 2214 1795 2252; x_wconf 85' lang='lat' dir='ltr'><strong>quinpotius</strong></span> <span class='ocrx_word' id='word_1_642' title='bbox 1817 2216 1856 2245; x_wconf 91' lang='lat' dir='ltr'><strong>ad</strong></span> <span class='ocrx_word' id='word_1_643' title='bbox 1880 2218 2141 2255; x_wconf 83' lang='lat' dir='ltr'><strong>prosecutionem</strong></span> <span class='ocrx_word' id='word_1_644' title='bbox 2161 2219 2211 2257; x_wconf 90' lang='lat' dir='ltr'><strong>ip-</strong></span> 
     </span>
     <span class='ocr_line' id='line_1_88' title="bbox 1211 2264 2210 2304; baseline 0.008 -11"><span class='ocrx_word' id='word_1_645' title='bbox 1211 2264 1281 2294; x_wconf 89' lang='lat' dir='ltr'><strong>sius</strong></span> <span class='ocrx_word' id='word_1_646' title='bbox 1299 2264 1460 2295; x_wconf 87' lang='lat' dir='ltr'><strong>desistere</strong></span> <span class='ocrx_word' id='word_1_647' title='bbox 1479 2265 1728 2304; x_wconf 70' lang='lat' dir='ltr'><strong>compellantur,</strong></span> <span class='ocrx_word' id='word_1_648' title='bbox 1750 2277 1821 2297; x_wconf 87' lang='lat' dir='ltr'><strong>eam</strong></span> <span class='ocrx_word' id='word_1_649' title='bbox 1845 2278 1996 2299; x_wconf 78' lang='lat' dir='ltr'><strong>revocare</strong></span> <span class='ocrx_word' id='word_1_650' title='bbox 2017 2270 2055 2299; x_wconf 87' lang='lat' dir='ltr'><strong>ad</strong></span> <span class='ocrx_word' id='word_1_651' title='bbox 2075 2280 2210 2301; x_wconf 76' lang='lat' dir='ltr'><strong>examen</strong></span> 
     </span>
     <span class='ocr_line' id='line_1_89' title="bbox 1211 2316 2212 2361; baseline 0.008 -16"><span class='ocrx_word' id='word_1_652' title='bbox 1211 2316 1427 2355; x_wconf 87' lang='lat' dir='ltr'><strong>apostolicum</strong></span> <span class='ocrx_word' id='word_1_653' title='bbox 1439 2317 1662 2355; x_wconf 80' lang='lat' dir='ltr'><strong>dignaremur.</strong></span> <span class='ocrx_word' id='word_1_654' title='bbox 1675 2320 1788 2349; x_wconf 86' lang='lat' dir='ltr'><strong>Finem</strong></span> <span class='ocrx_word' id='word_1_655' title='bbox 1802 2321 1904 2359; x_wconf 71' lang='lat' dir='ltr'><strong>igitur</strong></span> <span class='ocrx_word' id='word_1_656' title='bbox 1914 2321 2029 2352; x_wconf 83' lang='lat' dir='ltr'><strong>litibus</strong></span> <span class='ocrx_word' id='word_1_657' title='bbox 2043 2324 2212 2361; x_wconf 80' lang='lat' dir='ltr'><strong>cupientes</strong></span> 
     </span>
     <span class='ocr_line' id='line_1_90' title="bbox 1210 2369 2212 2410; baseline 0.007 -12"><span class='ocrx_word' id='word_1_658' title='bbox 1210 2369 1346 2407; x_wconf 89' lang='lat' dir='ltr'><strong>imponi,</strong></span> <span class='ocrx_word' id='word_1_659' title='bbox 1365 2378 1405 2400; x_wconf 92' lang='lat' dir='ltr'><strong>ne</strong></span> <span class='ocrx_word' id='word_1_660' title='bbox 1421 2371 1501 2399; x_wconf 85' lang='lat' dir='ltr'><strong>fiant</strong></span> <span class='ocrx_word' id='word_1_661' title='bbox 1519 2372 1641 2400; x_wconf 85' lang='lat' dir='ltr'><strong>nostris</strong></span> <span class='ocrx_word' id='word_1_662' title='bbox 1659 2373 1860 2410; x_wconf 78' lang='lat' dir='ltr'><strong>temporibus</strong></span> <span class='ocrx_word' id='word_1_663' title='bbox 1881 2374 2099 2410; x_wconf 70' lang='lat' dir='ltr'><strong>immortales,</strong></span> <span class='ocrx_word' id='word_1_664' title='bbox 2118 2385 2212 2405; x_wconf 89' lang='lat' dir='ltr'><strong>man-</strong></span> 
     </span>
     <span class='ocr_line' id='line_1_91' title="bbox 1211 2421 2212 2464; baseline 0.007 -14"><span class='ocrx_word' id='word_1_665' title='bbox 1211 2421 1326 2451; x_wconf 90' lang='lat' dir='ltr'><strong>damus</strong></span> <span class='ocrx_word' id='word_1_666' title='bbox 1345 2426 1519 2460; x_wconf 85' lang='lat' dir='ltr'><strong>quatenus.</strong></span> <span class='ocrx_word' id='word_1_667' title='bbox 1539 2423 1665 2453; x_wconf 82' lang='lat' dir='ltr'><strong>faciens</strong></span> <span class='ocrx_word' id='word_1_668' title='bbox 1685 2423 1743 2453; x_wconf 80' lang='lat' dir='ltr'><strong>tibi</strong></span> <span class='ocrx_word' id='word_1_669' title='bbox 1765 2435 1862 2464; x_wconf 71' lang='lat' dir='ltr'><strong>super</strong></span> <span class='ocrx_word' id='word_1_670' title='bbox 1883 2426 1942 2456; x_wconf 80' lang='lat' dir='ltr'><strong>hoc</strong></span> <span class='ocrx_word' id='word_1_671' title='bbox 1964 2427 2040 2457; x_wconf 85' lang='lat' dir='ltr'><strong>hinc</strong></span> <span class='ocrx_word' id='word_1_672' title='bbox 2063 2429 2138 2457; x_wconf 68' lang='lat' dir='ltr'><strong>inde</strong></span> <span class='ocrx_word' id='word_1_673' title='bbox 2155 2429 2212 2457; x_wconf 67' lang='lat' dir='ltr'><strong>oli-</strong></span> 
     </span>
     <span class='ocr_line' id='line_1_92' title="bbox 1211 2474 2212 2514; baseline 0.008 -12"><span class='ocrx_word' id='word_1_674' title='bbox 1211 2478 1319 2504; x_wconf 89' lang='lat' dir='ltr'><strong>tentas</strong></span> <span class='ocrx_word' id='word_1_675' title='bbox 1334 2474 1462 2504; x_wconf 84' lang='lat' dir='ltr'><strong>litteras</strong></span> <span class='ocrx_word' id='word_1_676' title='bbox 1485 2479 1514 2504; x_wconf 89' lang='lat' dir='ltr'><strong>et</strong></span> <span class='ocrx_word' id='word_1_677' title='bbox 1538 2485 1710 2513; x_wconf 82' lang='lat' dir='ltr'><strong>processus</strong></span> <span class='ocrx_word' id='word_1_678' title='bbox 1733 2486 1790 2514; x_wconf 86' lang='lat' dir='ltr'><strong>per</strong></span> <span class='ocrx_word' id='word_1_679' title='bbox 1811 2479 1940 2508; x_wconf 75' lang='lat' dir='ltr'><strong>easdem</strong></span> <span class='ocrx_word' id='word_1_680' title='bbox 1963 2479 2094 2509; x_wconf 78' lang='lat' dir='ltr'><strong>habitos</strong></span> <span class='ocrx_word' id='word_1_681' title='bbox 2119 2481 2212 2510; x_wconf 77' lang='lat' dir='ltr'><strong>exhi-</strong></span> 
     </span>
     <span class='ocr_line' id='line_1_93' title="bbox 1210 2525 2209 2564; baseline 0.009 -10"><span class='ocrx_word' id='word_1_682' title='bbox 1210 2525 1301 2560; x_wconf 70' lang='lat' dir='ltr'><strong>beri.</strong></span> <span class='ocrx_word' id='word_1_683' title='bbox 1329 2531 1430 2556; x_wconf 88' lang='lat' dir='ltr'><strong>totum</strong></span> <span class='ocrx_word' id='word_1_684' title='bbox 1455 2528 1622 2564; x_wconf 69' lang='lat' dir='ltr'><strong>negotium</strong></span> <span class='ocrx_word' id='word_1_685' title='bbox 1651 2529 1690 2557; x_wconf 89' lang='lat' dir='ltr'><strong>ad</strong></span> <span class='ocrx_word' id='word_1_686' title='bbox 1716 2535 1863 2559; x_wconf 70' lang='lat' dir='ltr'><strong>nostrum</strong></span> <span class='ocrx_word' id='word_1_687' title='bbox 1890 2532 2037 2561; x_wconf 78' lang='lat' dir='ltr'><strong>remittas</strong></span> <span class='ocrx_word' id='word_1_688' title='bbox 2063 2542 2209 2563; x_wconf 77' lang='lat' dir='ltr'><strong>examen.</strong></span> 
     </span>
     <span class='ocr_line' id='line_1_94' title="bbox 1211 2579 2211 2624; baseline 0.006 -18"><span class='ocrx_word' id='word_1_689' title='bbox 1211 2579 1333 2615; x_wconf 78' lang='lat' dir='ltr'><strong>pretixo</strong></span> <span class='ocrx_word' id='word_1_690' title='bbox 1355 2579 1503 2616; x_wconf 84' lang='lat' dir='ltr'><strong>partibus</strong></span> <span class='ocrx_word' id='word_1_691' title='bbox 1523 2580 1662 2609; x_wconf 89' lang='lat' dir='ltr'><strong>termino</strong></span> <span class='ocrx_word' id='word_1_692' title='bbox 1680 2583 1898 2619; x_wconf 83' lang='lat' dir='ltr'><strong>peremptorio</strong></span> <span class='ocrx_word' id='word_1_693' title='bbox 1917 2586 2129 2622; x_wconf 63' lang='lat' dir='ltr'><strong>conipvtcnti.</strong></span> <span class='ocrx_word' id='word_1_694' title='bbox 2148 2595 2211 2624; x_wconf 78' lang='lat' dir='ltr'><strong>quo</strong></span> 
     </span>
     <span class='ocr_line' id='line_1_95' title="bbox 1210 2630 2210 2673; baseline 0.008 -14"><span class='ocrx_word' id='word_1_695' title='bbox 1210 2639 1268 2668; x_wconf 92' lang='lat' dir='ltr'><strong>per</strong></span> <span class='ocrx_word' id='word_1_696' title='bbox 1285 2639 1319 2660; x_wconf 87' lang='lat' dir='ltr'><strong>se</strong></span> <span class='ocrx_word' id='word_1_697' title='bbox 1337 2630 1386 2660; x_wconf 82' lang='lat' dir='ltr'><strong>vel</strong></span> <span class='ocrx_word' id='word_1_698' title='bbox 1403 2640 1460 2669; x_wconf 86' lang='lat' dir='ltr'><strong>per</strong></span> <span class='ocrx_word' id='word_1_699' title='bbox 1476 2637 1702 2669; x_wconf 83' lang='lat' dir='ltr'><strong>procuratores</strong></span> <span class='ocrx_word' id='word_1_700' title='bbox 1722 2633 1857 2663; x_wconf 73' lang='lat' dir='ltr'><strong>idoneos</strong></span> <span class='ocrx_word' id='word_1_701' title='bbox 1878 2642 2085 2673; x_wconf 84' lang='lat' dir='ltr'><strong>compareant</strong></span> <span class='ocrx_word' id='word_1_702' title='bbox 2103 2647 2210 2667; x_wconf 85' lang='lat' dir='ltr'><strong>coram</strong></span> 
     </span>
     <span class='ocr_line' id='line_1_96' title="bbox 1212 2683 2211 2724; baseline 0.009 -13"><span class='ocrx_word' id='word_1_703' title='bbox 1212 2683 1323 2713; x_wconf 85' lang='lat' dir='ltr'><strong>nobis.</strong></span> <span class='ocrx_word' id='word_1_704' title='bbox 1342 2684 1467 2713; x_wconf 81' lang='lat' dir='ltr'><strong>facture</strong></span> <span class='ocrx_word' id='word_1_705' title='bbox 1489 2693 1524 2713; x_wconf 83' lang='lat' dir='ltr'><strong>ac</strong></span> <span class='ocrx_word' id='word_1_706' title='bbox 1544 2690 1712 2722; x_wconf 78' lang='lat' dir='ltr'><strong>receptui-e</strong></span> <span class='ocrx_word' id='word_1_707' title='bbox 1729 2687 1814 2724; x_wconf 77' lang='lat' dir='ltr'><strong>quod</strong></span> <span class='ocrx_word' id='word_1_708' title='bbox 1831 2688 1907 2716; x_wconf 79' lang='lat' dir='ltr'><strong>ordo</strong></span> <span class='ocrx_word' id='word_1_709' title='bbox 1923 2688 2092 2718; x_wconf 78' lang='lat' dir='ltr'><strong>dictaverit</strong></span> <span class='ocrx_word' id='word_1_710' title='bbox 2111 2691 2211 2720; x_wconf 82' lang='lat' dir='ltr'><strong>ratio-</strong></span> 
     </span>
     <span class='ocr_line' id='line_1_97' title="bbox 1212 2735 2149 2777; baseline 0.007 -13"><span class='ocrx_word' id='word_1_711' title='bbox 1212 2735 1276 2765; x_wconf 81' lang='lat' dir='ltr'><strong>nis.</strong></span> <span class='ocrx_word' id='word_1_712' title='bbox 1295 2736 1367 2765; x_wconf 88' lang='lat' dir='ltr'><strong>Dat.</strong></span> <span class='ocrx_word' id='word_1_713' title='bbox 1391 2736 1530 2767; x_wconf 78' lang='lat' dir='ltr'><strong>Perusii.</strong></span> <span class='ocrx_word' id='word_1_714' title='bbox 1548 2737 1607 2765; x_wconf 67' lang='lat' dir='ltr'><strong>XV</strong></span> <span class='ocrx_word' id='word_1_715' title='bbox 1626 2737 1782 2767; x_wconf 69' lang='lat' dir='ltr'><strong>kalendas</strong></span> <span class='ocrx_word' id='word_1_716' title='bbox 1799 2739 1897 2777; x_wconf 76' lang='lat' dir='ltr'><strong>junii.</strong></span> <span class='ocrx_word' id='word_1_717' title='bbox 1916 2750 2002 2769; x_wconf 86' lang='lat' dir='ltr'><strong>anno</strong></span> <span class='ocrx_word' id='word_1_718' title='bbox 2021 2750 2116 2771; x_wconf 84' lang='lat' dir='ltr'><strong>nono.</strong></span> <span class='ocrx_word' id='word_1_719' title='bbox 2138 2755 2149 2766; x_wconf 75' lang='lat' dir='ltr'><em>n</em></span> 
     </span>
    </p>
   </div>
   <div class='ocr_carea' id='block_1_7' title="bbox 1283 2880 1401 2907">
    <p class='ocr_par' dir='ltr' id='par_1_7' title="bbox 1283 2880 1401 2907">
     <span class='ocr_line' id='line_1_98' title="bbox 1283 2880 1401 2907; baseline -0.008 0"><span class='ocrx_word' id='word_1_720' title='bbox 1283 2880 1401 2907; x_wconf 56' lang='lat'><strong>2525</strong></span> 
     </span>
    </p>
   </div>
   <div class='ocr_carea' id='block_1_8' title="bbox 1247 2935 2208 2971">
    <p class='ocr_par' dir='ltr' id='par_1_8' title="bbox 1247 2935 2208 2971">
     <span class='ocr_line' id='line_1_99' title="bbox 1247 2935 2208 2971; baseline 0.007 -10"><span class='ocrx_word' id='word_1_721' title='bbox 1247 2935 1499 2969; x_wconf 65' lang='lat' dir='ltr'><strong>Art-liicpiscopEs.</strong></span> <span class='ocrx_word' id='word_1_722' title='bbox 1522 2937 1678 2971; x_wconf 65' lang='lat' dir='ltr'><strong>episcopis.</strong></span> <span class='ocrx_word' id='word_1_723' title='bbox 1703 2939 1857 2965; x_wconf 75' lang='lat' dir='ltr'><strong>abbatibus</strong></span> <span class='ocrx_word' id='word_1_724' title='bbox 1880 2945 1905 2966; x_wconf 83' lang='lat' dir='ltr'><strong>et</strong></span> <span class='ocrx_word' id='word_1_725' title='bbox 1932 2941 1998 2967; x_wconf 74' lang='lat' dir='ltr'><strong>aliis</strong></span> <span class='ocrx_word' id='word_1_726' title='bbox 2021 2942 2208 2969; x_wconf 56' lang='lat' dir='ltr'><strong>eccles-{artum</strong></span> 
     </span>
    </p>
   </div>
   <div class='ocr_carea' id='block_1_9' title="bbox 1791 2885 2138 2912">
    <p class='ocr_par' dir='ltr' id='par_1_9' title="bbox 1791 2885 2138 2912">
     <span class='ocr_line' id='line_1_100' title="bbox 1791 2885 2138 2912; baseline 0.009 -3"><span class='ocrx_word' id='word_1_727' title='bbox 1791 2885 1927 2911; x_wconf 67' lang='lat' dir='ltr'><strong>l‘cruusc.</strong></span> <span class='ocrx_word' id='word_1_728' title='bbox 1942 2885 1973 2911; x_wconf 77' lang='lat'><strong>&#39;21</strong></span> <span class='ocrx_word' id='word_1_729' title='bbox 1990 2886 2047 2912; x_wconf 78' lang='lat' dir='ltr'><strong>mai</strong></span> <span class='ocrx_word' id='word_1_730' title='bbox 2062 2886 2138 2912; x_wconf 73' lang='lat'><strong>1235.</strong></span> 
     </span>
    </p>
   </div>
  </div>
 </body>
</html>
