2423 3487
119 304 169 331 611
838 291 1074 324 REGISTRES
1097 290 1151 319 DE
1174 282 1395 319 GRE'GomE
1419 288 1476 317 ix.
2147 283 2204 314 612

119 368 238 397 babeas
260 366 458 395 facultatem.
481 365 596 394 Porro.
624 363 700 400 quia
723 361 856 400 quidam
879 358 1114 388 monachorum

115 421 168 458 jus
183 428 277 448 suum
295 417 456 455 episcopis
472 416 601 445 auferre
615 413 828 444 contendunt.
846 411 1058 450 probibemus
1077 417 1115 437 ne

119 471 268 501 monachi
283 470 330 499 vel
342 469 490 499 canonici
505 469 538 496 in
551 466 770 497 Antei-adensi
781 465 902 494 diocesi
916 461 1116 501 capellanias

119 528 264 553 teneant.
292 522 470 551 sacerdotis
497 529 553 550 seu
575 519 736 556 capellani
759 517 901 547 officium
921 515 970 545 vel
993 514 1116 544 benefi-

117 576 202 604 cium
221 575 291 603 siut·
310 574 502 602 auctoritate
523 570 703 610 pontificali
724 574 894 607 usurpent,
915 568 971 597 sed
989 566 1116 605 presbi-

118 628 195 658 teris
219 626 397 664 capellanis
427 626 553 661 integre
581 628 817 654 conserventur
846 628 1051 659 quecumque
1077 619 1117 648 ad

114 681 168 719 jus
196 679 356 718 pertinent
382 677 575 715 capellanie.
601 677 639 705 In
664 673 927 713 parrochialibus
952 671 1114 710 siquidem

117 732 265 762 ecclesiis
284 736 336 760 tue
353 730 493 759 diocesis
510 729 550 759 ad
569 734 598 758 te
614 733 753 766 utroque
767 727 840 765 jure
859 724 1113 764 pertinentibus.

117 785 239 822 absque
254 783 386 812 licentia
402 788 429 811 et
446 790 585 811 assensu
595 780 738 818 episcopi
753 778 914 817 presbiter
927 776 1117 815 capellanus

118 837 253 866 minime
285 839 456 865 statuatur.
488 833 706 864 prohibemus
736 836 845 861 autem
875 839 915 860 ne
943 828 1118 868 presbiteri

118 888 277 927 capellani
311 887 524 917 ecclesiarum
556 886 595 915 ad
624 886 678 923 jus
710 883 949 914 Antei-aniensis
980 881 1118 912 ecclesie

118 941 372 980 pertinentium.
411 939 638 978 possessiones
676 946 789 967 earum
825 936 948 974 absque
979 943 1118 965 assensu

119 993 354 1023 Antei-adensis
373 991 533 1030 episcopi.
557 990 658 1020 salvis
680 995 788 1020 tamen
808 988 977 1018 canonicis
996 986 1119 1017 consti-

119 1046 312 1080 tutionibus,
330 1045 525 1078 distrahere.
540 1043 681 1073 vendere
694 1042 744 1072 vel
756 1041 903 1080 obligare
915 1043 1118 1079 presumant,

119 1108 177 1129 seu
194 1098 258 1128 alio
275 1098 422 1136 quolibet
438 1096 533 1126 titulo
546 1096 708 1129 alienare:v
727 1095 813 1134 quod
830 1094 858 1123 si
872 1095 994 1123 factum
1009 1092 1118 1127 suerit,

118 1152 250 1181 irritum
273 1150 442 1180 habeatur.
469 1150 644 1179 Sacrorum
666 1157 796 1187 quoque
817 1155 979 1176 canonum
999 1149 1122 1175 statuta

119 1209 312 1243 sequentes,
340 1203 549 1233 decernimus
575 1206 610 1232 ut
638 1201 750 1231 nullus
780 1200 1047 1238 archiepiscopus
1072 1197 1121 1227 vel

120 1257 292 1295 episcopus
321 1256 444 1294 absque
470 1264 609 1285 assensu
634 1253 872 1283 Anteradensis
900 1251 1062 1290 episcopi,
1094 1250 1121 1279 si

120 1310 154 1338 in
173 1309 360 1347 episcopatu
379 1308 490 1342 fuerit,
509 1307 544 1336 in
561 1306 684 1336 diocesi
701 1305 921 1336 Anteradensi
940 1308 1121 1334 conventus

120 1362 268 1400 publicos
282 1361 459 1394 celebrare,
473 1361 558 1398 [seu]
570 1369 686 1389 causas
703 1365 734 1389 et
750 1358 975 1389 ecclesiastica
991 1356 1121 1394 negotia

121 1414 266 1453 ejusdem
291 1413 444 1445 diocesis,
471 1413 537 1442 nisi
560 1422 617 1450 per
641 1413 826 1442 Romanum
854 1410 1046 1440 Pontificem
1071 1409 1122 1439 vel

121 1466 264 1504 legatum
293 1466 363 1504 ejus
392 1465 443 1502 vel
474 1464 695 1503 patriarcham
726 1462 994 1501 Antiochen[um]
1022 1461 1123 1492 fuerit

122 1518 228 1548 eidem
263 1518 468 1556 injunctum,
504 1521 642 1547 tractare
675 1520 854 1555 presumat.
888 1515 1122 1545 Possessiones

122 1570 220 1600 etiam
237 1579 295 1600 seu
312 1569 456 1608 quelibet
471 1570 555 1599 bona
571 1569 809 1599 Antei-adensis
824 1568 972 1602 ecclesie,
993 1567 1043 1597 vel
1060 1576 1122 1606 que

120 1623 160 1652 ab
176 1624 266 1661 ipsa¹
284 1623 318 1652 in
337 1623 434 1653 feudo
451 1622 501 1653 vel
519 1622 583 1652 alio
599 1622 693 1652 modo
709 1626 872 1655 tenentur,
891 1621 1122 1658 nullipersone

121 1685 178 1706 seu
195 1676 344 1709 ecclesie.
368 1680 478 1705 contra
502 1675 672 1714 antiquam
689 1679 719 1704 et
735 1673 966 1704 rationabilem
984 1682 1123 1703 consue-

122 1729 285 1763 tudinem,
305 1733 335 1758 et
354 1728 426 1758 sine
443 1737 581 1758 assensu
608 1727 754 1766 ejusdem
780 1727 935 1765 episcopi.
961 1727 1120 1761 conferre,

120 1781 352 1819 impignorare,
371 1790 428 1810 seu
448 1781 585 1810 cuilibet
600 1781 692 1815 dare,
716 1779 767 1809 vel
784 1779 930 1818 quolibet
947 1779 1012 1809 alio
1028 1778 1123 1809 titulo

120 1834 294 1873 quisquam
313 1834 458 1864 alienare
483 1838 660 1872 presumat..
686 1833 904 1863 Prohibemus
926 1833 1062 1870 insuper
1084 1841 1122 1862 ne

120 1887 312 1916 interdictos
341 1886 389 1915 vel
421 1886 718 1916 excommunicatos
747 1890 819 1915 tuos
842 1885 881 1914 ad
900 1885 1043 1915 officium
1069 1889 1124 1915 aut

120 1939 384 1969 communionem
401 1939 661 1968 ecclesiasticam
674 1939 745 1968 sine
762 1939 967 1968 conscientia
984 1938 1033 1968 vel
1050 1947 1122 1967 con-

121 2000 219 2021 sensu
248 1996 302 2021 tuo
325 1992 500 2030 quisquam
523 1991 688 2021 admittat.
716 1991 767 2021 vel
790 1996 903 2020 contra
924 1991 1122 2021 sententiam

122 2047 210 2073 tuam
224 2044 380 2073 canonice
399 2043 637 2081 promulgatam
661 2043 783 2082 aliquis
807 2043 920 2073 venire
943 2048 1121 2081 presumat.

123 2096 188 2125 nisi
203 2096 286 2126 sorte
303 2096 485 2134 periculum
506 2096 621 2126 mortis
638 2096 821 2130 immineat,
834 2100 880 2130 ut,
900 2096 975 2125 dum
989 2105 1124 2134 presen-

124 2149 201 2178 tiam
224 2153 311 2178 tuam
338 2149 458 2178 habere
481 2148 709 2186 nequiverint,
730 2157 786 2186 per
802 2148 920 2184 alium,
943 2149 1123 2179 secundum

124 2200 261 2230 sormam
273 2201 429 2230 Ecclesie.
445 2201 671 2230 satisfactione
688 2201 860 2239 premissa,
879 2205 1025 2238 oporteat
1040 2201 1123 2239 liga-

124 2258 191 2282 tum
219 2253 355 2282 absolvi.
383 2253 566 2283 statuimus
595 2253 694 2283 etiam
721 2258 751 2283 et
772 2253 832 2283 sub
851 2253 1123 2284 interminatione

125 2305 344 2335 anathematis
373 2305 562 2335 inhibemus
590 2315 647 2337 ne,
673 2310 808 2336 vacante
831 2306 971 2336 ecclesia
989 2311 1051 2343 tua,
1072 2317 1124 2337 res

124 2358 194 2397 ejus
222 2357 381 2395 diripere,
413 2362 467 2387 aut
500 2366 570 2386 eam
589 2357 832 2396 quomodolibet
857 2359 1048 2396 perturbare
1074 2359 1123 2389 vel

126 2409 270 2447 episcopi
293 2409 486 2439 electionem
515 2410 706 2439 canonicam
733 2410 891 2448 impedire
920 2420 1124 2450 quecumque

126 2471 266 2500 persona
283 2461 484 2500 dampnabili
502 2462 683 2492 temeritate
700 2467 878 2500 presumat.
893 2463 967 2493 Sed.
985 2464 1125 2495 obeunte

127 2520 174 2547 te,
200 2522 287 2543 nunc
312 2514 458 2552 ejusdem
487 2514 549 2543 loci
577 2514 738 2553 episcope,
764 2515 814 2544 vel
834 2521 963 2545 tuorum
980 2517 1126 2555 quolibet

128 2575 372 2601 successorum,
396 2567 424 2595 is
448 2567 666 2596 Anteradensi
693 2567 830 2598 ecclesie
857 2569 1041 2606 preferatur
1068 2580 1126 2600 an—

127 2620 232 2653 tistes,
261 2628 358 2658 quem
387 2620 506 2649 fratres
531 2620 697 2649 communi
723 2629 887 2650 consensu
910 2621 958 2651 vel
987 2623 1125 2653 fratrum

127 2672 230 2710 major
246 2680 322 2710 pars
338 2671 469 2701 consilii
487 2671 629 2702 sanioris
650 2673 831 2702 secundum
854 2674 957 2703 Deum
978 2675 1127 2713 provide-

128 2724 194 2753 rint
210 2723 410 2762 eligendum.
429 2723 612 2754 Libet-tates
629 2734 758 2763 quoque
779 2730 810 2755 et
830 2726 1056 2757 immunitates
1075 2738 1127 2759 ec-

128 2775 226 2805 clesie
257 2779 363 2805 vestre
391 2784 581 2810 concessas,
611 2780 641 2806 et
670 2777 825 2815 antiquas
854 2781 882 2807 et
913 2779 1127 2810 rationabiles

128 2828 384 2858 consuetudines
401 2827 523 2858 ibidem
541 2827 699 2858 hactenus
711 2828 912 2864 observatas,
928 2835 1015 2861 ratas
1027 2832 1127 2863 habe—

161 2945 181 2969 1.
196 2948 244 2969 Ms.
262 2953 267 2969 :
286 2946 352 2976 ipso.

1186 721 1382 751 ‘indictione
1417 719 1594 758 V1111[³]¹,
1629 718 1875 750 incarnationis
1911 718 2085 748 Dominice
2119 726 2205 748 anno

1199 362 1272 383 mus
1293 357 1323 383 et
1347 362 1402 383 eas
1425 351 1593 391 perpetuis
1619 350 1821 389 temporibus
1843 349 1990 380 illibatas
2009 358 2204 388 permanere

1199 406 1397 435 sanccimus.
1422 404 1640 434 Decet-nimus
1661 412 1738 440 ergo
1758 407 1833 437 etc.,
1853 411 1959 441 usque
1977 412 1983 431 :
2005 401 2204 433 omnimodis

1199 458 1382 496 profutura.
1401 457 1497 488 Salva
1515 456 1610 487 Sedis
1628 455 1816 494 Apostolice
1832 455 2028 485 auctoritate
2045 459 2077 485 et
2093 454 2205 486 Antio-

1198 510 1322 549 chen[i]
1338 509 1525 548 patriarche
1541 508 1652 539 debita
1668 507 1855 538 reverentia
1872 511 1903 538 et
1918 507 2111 538 rationabili
2126 515 2205 538 con-

1199 563 1386 593 suetudine.
1411 562 1446 592 Si
1468 571 1532 600 qua
1552 561 1655 599 igitur
1676 565 1737 591 etc.
1761 560 1898 591 Cunctis
1917 564 2028 590 autem
2044 565 2106 590 etc.
2129 561 2203 590 Dat..

1200 615 1359 649 viterbii,
1400 624 1457 653 per
1497 623 1631 644 manum
1671 613 1824 652 magistri
1860 612 2046 647 Willelmi,
2085 613 2205 643 Sancte

1200 670 1348 699 Romane
1374 667 1520 698 Ecclesie
1550 665 1830 701 vicecancellarii,
1857 667 1908 696 III
1927 674 2043 696 >nonas
2071 664 2203 704 aprilis,

1201 774 1500 808 M⁰CC0XXXV11⁰‚
1532 772 1744 815 pontificatus
1773 780 1850 802 vero
1875 771 2026 809 do[mi]ni
2053 770 2207 809 Gregorii

1201 836 1282 866 pape
1299 826 1378 856 noni
1392 835 1479 856 anno
1498 825 1684 855 undecimo.
1705 837 1717 851 »

1273 1006 1391 1033 3588
1785 1003 1919 1036 Viterbe,
1935 1003 1951 1029 5
1964 1003 2040 1029 avril
2056 1002 2135 1029 1237.

1238 1068 1382 1102 Episcopo
1397 1066 1614 1098 Dunkeldensi‚
1634 1073 1687 1092 nec
1702 1073 1760 1092 non
1776 1064 1875 1092 abbati
1893 1064 1928 1091 de
1945 1064 2056 1092 Sancta
2071 1064 2165 1092 Cruee
2179 1066 2208 1091 et

1203 1117 1293 1152 priori
1309 1116 1344 1143 de
1359 1114 1582 1148 Soona.‚'Saneti
1598 1114 1735 1141 Andreae
1746 1113 1899 1145 dioecesis,
1916 1113 2038 1140 mandat
2052 1115 2207 1147 quatenus,
2247 1107 2249 1109 ¹
2284 1110 2293 1114 ”
2309 1109 2312 1115 '

1203 1181 1235 1184 —
1252 1174 1318 1192 cum
1332 1164 1492 1196 Patricius,
1507 1163 1632 1190 clericus
1648 1162 1840 1196 Glasguensis
1853 1162 2005 1195 dioecesiS‚
2019 1161 2091 1188 olim
2107 1169 2208 1196 procu-

1203 1217 1281 1241 rator
1294 1213 1422 1248 episcopi
1439 1215 1468 1239 et
1481 1212 1606 1246 capituli
1623 1211 1864 1246 Glasguensium.
1881 1211 1918 1238 ad
1933 1210 2041 1238 Sedem
2058 1209 2210 1244 Apostoli-
2250 1217 2254 1219 ’
2268 1204 2286 1243 ’,
2318 1210 2331 1215 ”

1203 1271 1267 1290 cam
1284 1262 1460 1294 destinatus,
1478 1261 1570 1288 nimis
1586 1261 1748 1287 infideliter
1760 1268 1864 1294 agens,
1881 1259 1913 1286 in
1932 1259 2016 1286 mille
2031 1258 2210 1293 octingentis

1204 1312 1312 1338 mareis
1334 1315 1362 1338 et
1386 1310 1516 1344 amplius
1543 1312 1658 1344 praeter
1685 1317 1788 1336 usuras
1814 1308 2027 1342 Glasguensem
2052 1306 2208 1334 ecclesiam

1203 1360 1372 1394 obligasset,
1393 1359 1428 1386 de
1451 1358 1558 1393 quibus
1577 1358 1654 1384 nihil
1682 1358 1778 1384 fuerat
1800 1357 1831 1384 in
1854 1356 2018 1384 utilitatem
2041 1355 2227 1392 praedictae,-
2244 1344 2337 1381 ·’“·’--,

1203 1409 1344 1436 eeclesiae
1370 1415 1544 1434 conversum
1560 1428 1566 1434 .
1598 1422 1629 1424 —
1655 1406 1809 1433 universos
1837 1405 1972 1432 redditus
1996 1403 2210 1432 ecclesiasticos
2251 1393 2287 1445 ’.ς
2303 1432 2305 1437 ,

1204 1458 1335 1492 ejusdem
1358 1456 1483 1484 Patrieii
1500 1455 1643 1489 colligant
1663 1463 1769 1489 eosque
1784 1453 1944 1489 praedietis
1962 1453 2097 1488 episeopo
2118 1455 2147 1480 et
2161 1460 2223 1481 ea-,
2241 1450 2308 1490 312³,
2323 1454 2326 1460 “

1204 1507 1299 1541 pitulo
1315 1505 1476 1539 assignent.
1496 1519 1528 1522 —
1549 1504 1635 1535 (Rae.
1657 1503 1701 1536 18,
1726 1504 1746 1530 f.
1769 1502 1821 1530 273
1837 1505 1875 1534 r⁰;
1898 1510 1969 1529 ann.
1992 1501 2047 1534 XI,
2069 1509 2093 1528 c.
2112 1500 2161 1534 10;
2177 1507 2219 1520 —·
2264 1500 2270 1539 Ἰ
2299 1495 2329 1531 ,ζ”ῑ

1205 1556 1362 1582 Formas-r
1377 1554 1488 1584 10315.)

1247 1669 1258 1683 a
1278 1679 1297 1686 ..
1315 1657 1447 1694 episcopo
1465 1654 1684 1689 Dunlieldensi‚
1706 1676 1725 1682 ..
1743 1654 1842 1683 abbati
1861 1653 1895 1682 de
1911 1653 2024 1682 Sancta
2041 1653 2132 1682 Crucc
2146 1656 2174 1682 et
2223 1651 2225 1653 ’
2240 1656 2242 1658 ’
2271 1651 2276 1662 ”

1203 1711 1303 1748 priori
1319 1710 1352 1738 de
1366 1709 1474 1740 Scona.
1491 1708 1598 1737 Sancti
1613 1707 1730 1736 Andree
1744 1707 1880 1736 diocesis.
1898 1705 1992 1740 Cum,
2010 1705 2097 1735 sicut
2111 1713 2150 1735 ex
2160 1721 2209 1734 -.—.
2258 1699 2264 1708 “

1205 1763 1278 1792 Dat.
1292 1761 1448 1793 viterbii,
1467 1759 1565 1790 nonis
1583 1759 1708 1798 aprilis,
1728 1767 1816 1789 anno
1829 1758 2016 1789 undecimo.
2035 1770 2048 1785 n

1277 1940 1395 1968 3589

1241 2003 1338 2031 Fratri
1356 2001 1545 2036 Raymundo,
1561 2001 1714 2035 capellano
1729 2002 1758 2026 et
1774 1997 2003 2034 paenitentiario
2015 2005 2077 2030 suo,
2089 1995 2212 2024 mandat
2225 1986 2229 1989 ¹
2248 2009 2260 2029 γ

1793 1935 1926 1968 Viterbe,
1940 1935 1956 1962 7
1969 1934 2138 1978 ενι-111237.

1206 2056 1360 2088 quatenus,
1377 2052 1401 2079 si
1416 2049 1584 2087 [Robertus]
1597 2050 1632 2077 de
1647 2049 1749 2077 Castro
1765 2047 1940 2075 Rossillonis
1947 2045 2135 2074 reconciliari
2148 2053 2211 2073 me·-
2253 2041 2268 2083 Tg
2286 2039 2314 2076 ·,Ῐ

1205 2102 1308 2134 ruerit,
1334 2101 1370 2128 ab
1395 2110 1426 2128 eo
1454 2100 1553 2134 exigat
1575 2099 1712 2126 idoneam
1736 2097 1920 2129 cautionem,
1947 2104 1983 2123 ne
2007 2096 2039 2123 in
2061 2097 2211 2130 posterum

1206 2152 1374 2186 episcopum
1394 2153 1424 2176 et
1441 2149 1595 2176 ecclesiam
1616 2147 1760 2175 Elnenses
1781 2147 1918 2173 molestet
1938 2153 2025 2180 super
2044 2143 2170 2172 decimis
2181 2145 2211 2171 et

1206 2199 1436 2235 possessionibus
1453 2206 1524 2232 quas
1538 2197 1574 2224 ab
1585 2197 1686 2223 eodem
1700 2195 1835 2230 episeopo
1847 2194 1967 2221 tenebat
1982 2193 2013 2220 in
2032 2193 2164 2220 feudum.
2177 2206 2209 2211 —
2225 2208 2229 2209 ν
2247 2184 2259 2226 ’ἡ
2285 2175 2303 2190 ³

1205 2247 1598 2280 (REG.18‚f.2731·⁰;ann.
1623 2245 1677 2277 XI,
1699 2252 1724 2270 e.
1748 2244 1799 2275 11;
1821 2257 1853 2261 -·
1874 2243 2032 2269 ΡοττΗΑετ
2047 2240 2153 2273 1031’7;
2177 2252 2234 2266 -κ
2264 2236 2273 2270 ᾏ
2304 2239 2313 2250 ’“

1206 2299 1243 2324 cf.
1261 2304 1356 2329 supra,
1372 2304 1400 2322 n.
1416 2295 1482 2322 3481
1500 2297 1529 2321 et
1544 2293 1636 2324 3584.)

1247 2410 1259 2424 ι(
1280 2397 1493 2435 R[aimunclo],
1512 2396 1668 2433 capellano
1686 2399 1712 2423 el
1729 2393 1950 2432 poenitentiario
1972 2395 2086 2420 nostro.
2101 2390 2211 2421 Vene-
2228 2427 2234 2432 .

1206 2450 1322 2479 rabilis
1338 2450 1441 2479 frater
1458 2452 1570 2478 noster
1583 2465 1632 2476 ——.
1647 2448 1720 2477 Dat.
1737 2445 1892 2480 Viterhii,
1908 2445 1973 2475 VII
1988 2444 2064 2474 idus
2082 2440 2209 2482 aprilis,
2229 2430 2246 2485 '3

1207 2512 1293 2532 anno
1309 2502 1495 2532 undecimo.
1516 2514 1528 2527 »

1278 2681 1396 2709 3530
1797 2677 1930 2709 Viterbe,
1941 2675 1958 2702 2
1971 2675 2048 2702 avril
2061 2674 2140 2702 1237.

1245 2743 1388 2777 Episcopo
1404 2741 1595 2769 Emmonensi
1620 2744 1648 2767 et
1670 2741 1762 2766 electo
1780 2737 1951 2772 Tergestino
1972 2736 2077 2764 scribit
2096 2730 2286 2767 Rei-tol<

1209 2791 1295 2823 dum,
1318 2791 1546 2824 Aquilegensem
1569 2788 1785 2823 patriarcham,
1805 2786 1876 2814 Sedi
1895 2785 2084 2820 Apostolicae
2108 2785 2218 2810 notum’
2256 2781 2301 2794 '⁶'

1210 2840 1312 2866 secisse
1325 2839 1553 2873 Aquilegensem
1570 2836 1728 2864 dioecesim
1738 2857 1744 2868 ‚
1762 2843 1828 2862 eum
1845 2841 1947 2861 versus
1961 2831 2132 2867 Hungariae
2144 2838 2212 2866 ραν*
2259 2835 2278 2873 'j'

1242 2952 1262 2977 i.
1280 2952 1352 2975 Pour
1368 2953 1525 2975 indictione
1541 2953 1585 2975 X&
