2519 3518
129 305 187 334 577
234 291 241 296 '
996 295 1182 332 mxlEME
1204 294 1363 332 ANNEE.
2167 300 2202 329 ‚37

129 372 273 405 tanquam
304 371 575 398 excommunicatos
605 371 695 398 faciet
723 371 760 398 ab
787 371 925 398 omuibus
952 371 1069 398 evitari.
1106 384 1137 388 —

131 419 219 451 (ΒΕΘ.
235 418 280 451 18,
298 419 318 445 f.
335 419 386 445 235
403 421 444 451 r⁰;
461 427 530 445 ann.
546 419 586 451 X,
603 427 627 446 0.
645 419 712 452 394;
733 434 765 437 -
781 419 914 446 Morti-:au
930 419 1009 451 1191,
1027 420 1046 445 f.
1063 418 1139 449 233.)

174 531 188 546 α
215 541 235 547 ..
269 520 426 556 potestati,
461 519 652 547 consiliariis
688 524 713 548 et
749 520 859 557 populo
897 520 1137 547 t'ercrllensibus.

131 570 245 601 Alieni
272 579 290 600 a
308 570 502 600 Christiana
520 588 569 599 —-.
595 571 696 606 Sane,
715 575 936 610 conquerente
957 571 1140 601 venerabili

132 624 236 653 fratre
261 627 374 653 nostro
403 646 422 651 ..
449 623 601 661 episcopo
625 624 851 654 Vercellensi.
877 624 971 653 nohis
996 624 1141 654 innotuit

133 676 236 715 quod,
268 684 342 705 cum
372 675 465 705 vobis
494 684 607 713 preces
633 676 852 706 direxerimus
873 681 903 705 01
929 677 1139 712 mandatum,

132 732 171 759 ut
187 732 310 758 statuta
327 733 439 758 contra
457 727 630 758 ecclesiam
657 738 749 758 suam
767 729 864 763 edita,
884 729 1004 767 quilius
1029 729 1142 758 multi-

133 781 267 820 pliciter
282 781 387 819 ipsam
407 781 569 818 affligitis.
588 781 719 811 clericis
736 786 765 811 et
782 782 973 811 hominihus
990 782 1060 811 suis
1076 781 1143 811 col-

134 833 239 864 lectas
263 834 471 872 imponentes
497 838 526 863 et
548 834 694 868 fodrum,
715 839 746 863 et
768 834 850 863 alias
870 835 958 872 ipsos
983 834 1143 872 multipli-

135 886 219 916 citer
235 890 464 924 aggravantes.
484 886 681 915 amoveretis
698 887 736 915 (10
754 887 872 915 vestris
892 886 1141 924 capitularibus,

136 939 327 969 desistendo
352 939 392 969 ab
418 939 609 977 hujusmodi
632 940 881 977 gravaminibus
905 945 934 969 ct
957 939 1143 969 libertatem

136 1000 252 1022 eorum
283 991 525 1021 inviolabiliter
552 992 797 1027 conservando,
831 992 1012 1021 veum-ahili
1043 993 1144 1022 fratre

137 1049 251 1076 nostro
269 1068 289 1074 ..
308 1044 551 1075 Mediolanensi
570 1045 817 1083 archiepiscopo
834 1055 932 1083 super
951 1046 1017 1075 hiis
1033 1054 1146 1075 execu-

137 1102 207 1128 tore
225 1098 265 1127 ab
281 1097 471 1135 Apostolica
492 1097 574 1127 Sede
597 1106 753 1127 concesso
771 1108 776 1126 z
799 1098 1032 1127 obturantibus
1054 1098 1146 1128 vohis

135 1159 228 1180 more
245 1150 343 1180 surde
360 1150 485 1188 aspidis
500 1159 596 1179 aures
609 1155 735 1179 vestras
745 1152 766 1180 ¹.
777 1151 865 1179 idem
879 1151 1146 1188 archiepiscopus

137 1203 307 1233 civitatem
325 1207 468 1232 vestram
484 1203 656 1240 supposuit
669 1203 859 1235 interdicto:
875 1208 916 1237 ct,
930 1213 1003 1233 cum
1018 1213 1074 1241 per
1086 1203 1147 1233 hoc

138 1256 227 1295 apud
248 1264 306 1285 vos
324 1256 358 1284 in
382 1255 472 1285 nullo
498 1255 684 1293 profecerit,
705 1256 924 1293 personaliter
949 1256 987 1285 ad
1009 1256 1147 1286 eandem

138 1309 308 1339 civitatem
321 1309 492 1338 accedens.
506 1309 716 1346 presentibus
729 1309 976 1338 venerabilibus
989 1309 1147 1339 fratribus

139 1361 264 1391 nostris
283 1385 302 1390 ..
322 1362 529 1395 Prenestino,
559 1366 636 1390 tunc
663 1361 850 1399 Apostolice
869 1362 963 1391 Sedis
988 1361 1106 1399 legato,
1127 1385 1147 1390 ..

138 1414 352 1449 Novariensi,
384 1437 401 1443 ..
423 1414 602 1452 Yporiensi
630 1419 661 1444 et.
688 1437 709 1442 ..
739 1415 939 1444 Taurineusi
968 1414 1145 1452 episcopis,

139 1467 296 1505 precibus
314 1471 344 1496 et
360 1467 496 1496 monitis
512 1466 652 1496 sollicite
669 1467 803 1496 institit.
827 1466 921 1495 vohis
943 1466 1082 1495 tirmiter
1098 1466 1150 1495 in-

137 1520 309 1560 jungendo
326 1524 372 1549 ut.
391 1519 551 1557 eligentes
568 1528 682 1557 parere
698 1520 806 1557 potius
832 1528 930 1557 quam
952 1520 1072 1557 perire,
1096 1528 1150 1549 ac-

125 1573 362 1612 quiesceretis
388 1572 482 1601 110015
510 1572 682 1602 humiliter
702 1573 736 1601 in
760 1572 821 1601 hac
845 1576 947 1610 parte.
969 1573 1036 1602 Vos
1061 1581 1148 1607 vero,

142 1629 302 1664 tanquam
320 1625 414 1654 fedus
432 1634 505 1654 011111
524 1629 628 1654 morte
647 1625 851 1662 pepigeritis,
870 1624 929 1654 1100
946 1625 1055 1654 facere
1073 1633 1151 1654 con-

142 1678 338 1716 tempsistis,
360 1682 391 1706 to
406 1681 565 1715 potestat-e
582 1677 802 1715 respondente
818 1681 967 1715 proterve
985 1677 1071 1716 1111011
1091 1686 1152 1707 000

143 1730 194 1761 eis
210 1730 366 1760 exhihere
382 1729 504 1758 1111111111
522 1734 731 1763 statutorum,
750 1730 836 1759 510111
852 1730 1025 1767 petierant,
1045 1739 1152 1768 neque

144 1782 278 1812 abolere
296 1786 417 1812 statuta
430 1781 468 1811 110
481 1782 600 1811 vestris
617 1781 856 1820 capitularibus
865 1782 1038 1817 curaretis,
1051 1787 1153 1812 exter-

143 1835 288 1864 minium
313 1834 552 1863 nichilominus
576 1834 731 1872 predictis
755 1834 885 1864 clericis
907 1839 937 1864 et
960 1834 1153 1865 hominibus

144 1887 390 1918 comminando.
426 1888 493 1916 Nos
524 1887 627 1925 igitur
656 1904 693 1908 —
724 1887 977 1916 universitatem
1010 1891 1155 1917 vestram

143 1949 330 1973 monemus,
349 1949 503 1977 rogamus
521 1944 552 1969 et
566 1939 737 1969 hortamur
753 1943 887 1974 attente,
902 1948 960 1977 per
976 1940 1156 1978 apostolica

144 1993 240 2023 vobis
259 1993 382 2030 scripta
399 1992 595 2022 mandantes
610 1996 785 2030 quatenus,
801 2001 875 2021 cum
892 1996 1006 2021 contra
1023 1992 1155 2022 subver-

145 2055 240 2077 sores
265 2045 490 2076 ecclesiastice
517 2045 691 2081 libertatis,
725 2045 753 2075 si
779 2045 918 2075 correcti
944 2045 1155 2083 disciplinam

145 2107 213 2129 non
227 2098 413 2128 sentiantet
424 2098 574 2136 percussi
587 2106 652 2127 000
665 2102 806 2136 querant
821 2098 931 2127 anime
943 2098 1155 2133 medicinam,

145 2151 187 2182 de
208 2151 287 2180 fidei
311 2146 522 2188 corruptione
542 2150 680 2180 sinistra
705 2150 810 2188 possit
835 2150 981 2188 suspicio
1006 2150 1045 2180 de
1066 2150 1157 2180 facili

148 2203 308 2238 suboriri,
323 2203 486 2241 premissa
506 2202 686 2240 adimplere
703 2203 837 2238 curetis,
857 2212 893 2233 ac
910 2203 1103 2233 satisfacere
1119 2203 1157 2234 de

146 2256 301 2294 dampnis
324 2259 355 2285 et
373 2255 509 2294 injuriis
532 2255 704 2292 irrogatis3
733 2255 893 2294 alioquin,
919 2256 1006 2294 quia,
1030 2256 1159 2286 viscera

145 2308 265 2339 matris
282 2311 390 2337 vestre
406 2307 630 2337 Vercellensis
645 2307 783 2337 ecclesie
803 2308 1016 2338 confodentes
1037 2308 1156 2346 gladio,

145 2360 184 2391 in
212 2369 285 2390 eam
310 2368 369 2389 005
393 2359 627 2389 necessitatem
650 2359 822 2394 inducitis,
850 2363 886 2389 ut
906 2359 1000 2389 vohis
1024 2369 1159 2398 parcere

148 2422 217 2443 non
232 2412 411 2451 possimus,
430 2411 616 2442 venerabili
632 2411 730 2441 fratri
746 2416 858 2442 nostro
884 2435 901 2441 ..
925 2412 1076 2450 episcopo
1092 2413 1160 2443 No-

147 2465 299 2496 variensi
317 2464 441 2494 nostris
459 2464 575 2494 damus
596 2464 720 2495 litteris
736 2465 771 2493 in
787 2465 952 2494 mandatis
969 2469 1014 2499 ut,
1033 2465 1160 2495 faciens

148 2527 208 2549 vos
227 2517 423 2548 auctoritate
440 2521 553 2547 nostra
569 2521 728 2555 tanquam
742 2517 1041 2547 excommunicatos
1056 2517 1161 2547 artius

148 2571 192 2602 ab
209 2570 365 2601 omnibus
385 2569 514 2605 evitari,
533 2569 627 2599 vobis
646 2568 786 2599 aliorum
804 2569 1040 2599 commercium
1056 2569 1161 2599 inter-

148 2623 250 2658 dicat,
270 2626 302 2652 et
324 2631 365 2652 ne
387 2621 462 2660 quis
479 2626 626 2652 vestrum
653 2621 687 2650 in
709 2625 906 2660 potestatem
929 2621 980 2651 vel
1000 2627 1162 2652 rectorem

149 2675 277 2707 alicubi
293 2678 494 2709 assumatur,
513 2684 551 2704 ac
567 2674 680 2704 nullus
694 2674 734 2704 ad
750 2674 918 2704 nundinas
933 2673 1162 2704 Vercellenses

149 2728 297 2764 accedat,
319 2735 403 2758 neve
422 2727 565 2757 scolares
585 2727 621 2756 in
638 2726 772 2756 civitate
792 2730 902 2756 vestra
924 2726 1066 2756 ulterius
1092 2735 1163 2756 mo-

148 2789 225 2811 ram
238 2779 390 2815 trahant;
409 2779 668 2809 contradictores
682 2783 712 2809 et
729 2778 880 2814 rebelles,
897 2778 926 2808 51
942 2787 1078 2808 0000550
1089 2779 1164 2808 fue-

146 2832 208 2869 rit,
224 2840 284 2871 per
299 2840 475 2862 censuram
493 2831 764 2867 ecclesiasticam,
789 2831 1009 2870 appellatione
1031 2835 1164 2869 postpo-

184 2950 208 2975 ¹.
224 2950 267 2976 cr.
283 2951 328 2974 ps.
346 2950 431 2980 Lvu,
448 2951 471 2974 5.

278 2999 466 3032 oneeomn
486 3007 536 3033 1x.
555 3010 574 3031 t.
593 3007 628 3031 11.

1222 367 1302 403 sita,
1335 368 1582 406 compescendo.
1618 368 1692 397 Dat.
1724 367 1930 402 interamne,
1960 367 2056 396 nonis
2090 365 2222 400 martii,

1223 429 1309 451 anno
1325 421 1464 450 decimo.
1484 433 1496 446 n

1293 640 1414 668 3540
1819 637 1922 669 Terni,
1939 637 1973 663 10
1987 644 2063 663 mars
2076 636 2155 663 1237.

1260 702 1403 736 Episcopo
1420 700 1638 727 Silvanectensi
1661 702 1689 726 et
1709 700 1747 731 J.,
1771 699 1978 725 archidiacono
1996 696 2224 728 Catalaunensi,

1225 764 1256 768 -
1282 758 1347 776 cum
1374 749 1452 776 inter
1473 749 1618 774 decanum
1645 747 1868 781 capitulumque
1891 747 2064 777 Ite-menses,
2088 753 2123 770 ex
2147 746 2228 778 parte

1225 806 1298 830 una,
1315 800 1343 824 ct
1359 797 1493 823 scabinos
1508 797 1645 829 civesque
1663 796 1837 826 Reuienscs,
1858 802 1892 820 ex
1916 794 2023 824 altera,
2046 801 2100 826 pax
2125 792 2228 818 fuisset

1226 846 1394 877 reformata,
1410 859 1441 862 —-
1455 845 1614 878 praedictis
1630 843 1745 870 civibus
1762 842 2008 877 supplicantibus,
2024 840 2145 867 mandat
2160 847 2228 873 qua-

1226 896 1326 923 tenus.
1344 896 1461 926 recepta
1477 892 1514 919 ab
1531 890 1796 918 excommunicatis
1813 893 1839 916 ct
1862 889 2038 915 nominatim
2062 888 2229 915 interdictis

1226 942 1261 968 de
1279 941 1383 968 stando
1405 940 1553 967 mandatis
1573 939 1742 973 apostolicis
1765 937 1907 972 juratoria
1922 937 2072 965 cautione,
2090 940 2149 962 tani
2167 944 2230 961 sca-

1227 989 1310 1016 binos
1332 997 1420 1015 00105
1441 991 1467 1014 et
1489 990 1601 1014 veteres
1619 995 1706 1021 quam
1728 986 1807 1012 cives
1829 985 1919 1019 ipsos,
1935 987 1961 1010 et
1980 985 2045 1010 illos
2061 984 2151 1010 ctiam
2168 983 2229 1016 qui,

1228 1036 1424 1071 pendentibus
1438 1034 1754 1062 excommunicationis
1771 1036 1797 1060 et
1816 1033 1966 1059 inter-licti
1979 1032 2145 1063 sententiis,
2163 1030 2232 1064 quia

1227 1085 1338 1112 eisdem
1353 1085 1462 1111 decano
1478 1087 1505 1109 et
1521 1083 1651 1117 capitulo
1668 1083 1819 1108 noluerant
1839 1089 1925 1114 super
1936 1080 2121 1106 concessione
2136 1078 2232 1105 scabi-

1230 1137 1316 1160 natus
1330 1132 1485 1159 Remensis
1502 1131 1531 1157 in
1549 1130 1715 1165 praesentia
1731 1128 1889 1162 apostolica
1904 1127 2092 1161 respondere,
2108 1134 2233 1152 recesse-

1230 1184 1296 1209 rant
1312 1190 1328 1208 a
1342 1181 1464 1208 civitate
1480 1179 1618 1206 Remensi
1635 1186 1721 1211 seque
1735 1178 1770 1204 ad
1788 1178 1851 1203 loca
1866 1177 1924 1203 alia
1941 1176 2168 1206 transtulerant,
2185 1174 2233 1200 ab—

1230 1231 1347 1257 solvant
1369 1238 1386 1256 a
1408 1228 1564 1255 sententiis
1585 1226 1778 1260 supradictis,
1803 1225 1902 1258 eisque
1920 1225 2078 1257 injungant
2101 1223 2175 1256 quod
2199 1222 2234 1248 de

1216 1280 1294 1313 -jure
1317 1278 1406 1305 fuerit
1428 1275 1665 1310 injungendun1;
1690 1275 1809 1307 insuper
1837 1281 1956 1306 corpora
1982 1271 2077 1298 medio
2103 1275 2233 1304 tempore

1232 1329 1430 1357 mortuorum,
1450 1324 1515 1358 qui,
1532 1322 1743 1357 apparentibus
1763 1321 1791 1347 in
1809 1321 1850 1347 015
1871 1320 1963 1353 signis
1983 1318 2183 1353 paenitentiae
2203 1318 2233 1344 in

1232 1374 1329 1406 obitu,
1346 1382 1362 1400 a
1378 1372 1558 1407 presbyteris
1574 1371 1634 1398 suis
1655 1371 1771 1396 fuerant
1787 1368 1929 1399 absoluti,
1946 1367 2056 1393 saciant
2072 1367 2102 1393 in
2123 1374 2237 1392 coeme-

1233 1423 1306 1450 terio
1326 1421 1525 1448 ecclesiastico
1547 1419 1676 1454 sepeliri.
1700 1434 1729 1436 —
1752 1419 1838 1449 (Risu.
1861 1417 1909 1449 18,
1927 1418 1946 1442 f.
1970 1416 2022 1442 ‘235
2043 1418 2081 1446 r⁶3
2103 1423 2172 1441 ann.
2192 1415 2236 1443 X,

1233 1480 1258 1498 c.
1275 1471 1343 1503 395;
1361 1485 1392 1488 —
1409 1470 1542 1496 MOREAL'
1558 1468 1638 1500 1191,
1656 1468 1675 1493 1,
1690 1467 1756 1498 2353
1774 1481 1805 1484 —
1823 1466 1859 1492 cf.
1874 1471 1970 1498 supra,
1989 1473 2016 1490 0.
2032 1463 2111 1490 2907.
2126 1463 2194 1489 2919
2209 1465 2238 1489 et

1233 1519 1326 1551 2958.)

1277 1658 1291 1672 «
1318 1668 1337 1674 ..
1355 1646 1489 1682 episcopo
1504 1642 1726 1673 silvanectensi
1741 1646 1766 1669 et
1781 1642 1822 1671 J..
1839 1640 2057 1668 archidiacono
2072 1638 2240 1667 cathalau-

1236 1700 1335 1728 nensi.
1366 1697 1450 1733 Quia
1478 1704 1543 1725 non
1571 1694 1666 1724 debet
1691 1711 1740 1721 —.
1769 1694 1842 1722 Dat.
1869 1693 2077 1724 Interamne,
2099 1691 2143 1719 Yl
2167 1688 2241 1717 idus

1236 1751 1359 1785 martii,
1379 1758 1464 1779 anno
1481 1748 1618 1778 decimo.
1639 1759 1652 1773 »

1308 1967 1420 1995 354¹

1274 2028 1418 2062 Episcopo
1430 2024 1648 2057 &Vintoniensiy
1662 2026 1690 2050 01
1707 2022 1856 2056 magistris
1869 2022 1895 2049 J.
1909 2022 2052 2052 Romano,
2066 2019 2245 2046 subdiacono

1240 2075 1432 2108 Eboracensi,
1456 2077 1484 2101 et
1506 2074 1557 2100 W.
1583 2073 1619 2099 de
1645 2072 1771 2099 Sanctae
1795 2070 1910 2097 Mariae
1933 2068 2083 2099 Ecclesia,
2105 2066 2245 2097 canonico

1240 2124 1456 2155 Londoniensi,
1476 2121 1665 2156 conqueritur
1686 2119 1761 2154 quod
1783 2124 1870 2145 causa
1883 2126 1956 2151 quae
1976 2117 2054 2143 inter
2070 2115 2244 2149 magistrum

1240 2173 1407 2200 Martinum
1427 2172 1463 2198 de
1480 2171 1619 2202 Summa,
1637 2168 1730 2203 ipsius
1746 2175 1839 2201 papae
1857 2166 2069 2192 subdiaconum
2080 2185 2086 2197 ,
2103 2166 2245 2190 rectorem

1241 2221 1382 2248 eeclesiae
1401 2220 1437 2246 de
1457 2218 1654 2246 Domercham
1677 2218 1722 2248 (=
1742 2215 1951 2245 Damerham),
1967 2221 2002 2239 ex
2023 2220 2082 2239 una
2102 2216 2201 2245 parte,
2218 2212 2248 2236 et

1241 2269 1411 2304 episcopum
1429 2266 1697 2297 Saresberiensem,
1714 2263 1851 2291 abbatem
1872 2263 2110 2294 conventumque
2129 2259 2247 2286 Glasto-

1242 2318 1360 2344 0100505
1375 2325 1409 2343 ac
1421 2317 1472 2342 W.
1485 2315 1520 2342 de
1533 2315 1691 2345 Mereton.,
1704 2311 1856 2343 clericum,
1866 2318 1901 2336 ex
1915 2310 2018 2341 altera,
2030 2315 2116 2341 super
2132 2306 2247 2340 capella.

1241 2367 1278 2394 de
1288 2366 1446 2398 Mereton.,
1455 2364 1492 2391 ad
1503 2363 1638 2390 eamdem
1648 2361 1802 2389 ecclesiam
1814 2360 1850 2386 de
1859 2358 2055 2386 Domercham
2068 2355 2246 2390 pertinente,

1241 2414 1422 2446 vertebatur,
1437 2421 1493 2439 non
1508 2411 1636 2446 potuerit
1649 2411 1738 2436 finem
1754 2408 1888 2435 debitum
1903 2406 2052 2436 obtinere:
2070 2403 2191 2430 mandat
2205 2402 2247 2428 eis

1242 2465 1387 2497 quatenus
1409 2460 1594 2495 praedictum
1616 2456 1868 2485 Saresberiensem
1894 2453 2065 2488 episcopum
2091 2453 2195 2484 cogant
2215 2452 2249 2476 ut

1243 2511 1322 2538 infra
1337 2518 1387 2536 sex
1403 2517 1518 2536 11100505
1531 2507 1562 2534 10
1576 2505 1694 2541 propria
1709 2511 1833 2539 persona
1850 2501 2009 2536 apostolico
2029 2498 2198 2533 conspectui
2218 2505 2248 2523 50

1243 2559 1425 2594 praesentet,
1444 2557 1480 2583 de
1499 2554 1643 2590 pressuris
1661 2555 1689 2580 et
1707 2550 1930 2586 gravaminibus
1949 2547 2098 2582 praedicto
2117 2545 2248 2572 Mat-tino

1243 2608 1338 2635 illatis
1353 2613 1554 2641 responsurus.
1571 2618 1604 2622 —
1619 2603 1706 2634 (Rae.
1721 2601 1765 2633 18,
1783 2601 1803 2626 s.
1820 2599 1872 2626 235
1884 2601 1929 2629 v⁰;
1946 2605 2015 2624 ann.
2035 2596 2074 2627 X,
2091 2603 2116 2621 c.
2134 2593 2185 2620 396
2196 2601 2202 2624 ;
2215 2606 2248 2610 -

1244 2657 1282 2683 ef.
1298 2663 1394 2688 supra,
1412 2658 1441 2681 n⁰
1454 2653 1529 2684 665.)

1792 1961 1896 1993 Terni,
1913 1960 1946 1987 15
1961 1959 2078 1993 janvier
2093 1958 2171 1984 1237.

1286 2793 1300 2808 α
1327 2804 1347 2811 ..
1367 2782 1500 2818 episcopo
1523 2776 1735 2809 wintoniensi,
1754 2780 1779 2803 et
1798 2773 1956 2809 muqistris
1971 2771 1997 2800 J.
2015 2771 2157 2802 Romano,
2178 2767 2250 2795 sub-

1246 2835 1374 2863 diacono
1384 2832 1574 2865 Ebot-acensi,
1587 2835 1611 2858 el
1628 2830 1667 2857 W.
1681 2828 1713 2856 dc
1724 2827 1833 2856 Sancte
1846 2825 1939 2853 Marte
1950 2822 2091 2855 Ecclesia,
2105 2819 2250 2848 canonico

1245 2887 1458 2917 Londoniensi.
1478 2885 1598 2914 Iterata
1611 2879 1804 2910 multotiens
1817 2878 1851 2906 in
1869 2875 2032 2906 auditorio
2048 2876 2160 2902 nostro
2173 2879 2250 2909 que-

1246 2937 1316 2968 rela
1335 2935 1447 2966 dilecti
1470 2934 1531 2963 filii
1554 2931 1704 2970 magistri
1728 2928 1863 2960 Martini
1885 2927 1923 2956 de
1945 2927 2090 2958 Summa,
2115 2921 2249 2952 subdia-

2098 2988 2127 3011 37
