<?xml version="1.0" encoding="UTF-8"?>
<!DOCTYPE html PUBLIC "-//W3C//DTD XHTML 1.0 Transitional//EN"
    "http://www.w3.org/TR/xhtml1/DTD/xhtml1-transitional.dtd">
<html xmlns="http://www.w3.org/1999/xhtml" xml:lang="en" lang="en">
 <head>
  <title>
</title>
<meta http-equiv="Content-Type" content="text/html;charset=utf-8" />
  <meta name='ocr-system' content='tesseract 3.04.00' />
  <meta name='ocr-capabilities' content='ocr_page ocr_carea ocr_par ocr_line ocrx_word'/>
</head>
<body>
  <div class='ocr_page' id='page_1' title='image "./lesregistresdale02cathuoft_0301.png"; bbox 0 0 2519 3518; ppageno 0'>
   <div class='ocr_carea' id='block_1_1' title="bbox 151 310 2244 350">
    <p class='ocr_par' dir='ltr' id='par_1_1' title="bbox 151 310 2244 350">
     <span class='ocr_line' id='line_1_1' title="bbox 151 310 2244 350; baseline -0.001 0"><span class='ocrx_word' id='word_1_1' title='bbox 151 320 208 350; x_wconf 84' lang='lat'>545</span> <span class='ocrx_word' id='word_1_2' title='bbox 1013 312 1200 348; x_wconf 80' lang='lat' dir='ltr'>DIXIEME</span> <span class='ocrx_word' id='word_1_3' title='bbox 1221 310 1382 349; x_wconf 80' lang='lat' dir='ltr'>ANNEE.</span> <span class='ocrx_word' id='word_1_4' title='bbox 2189 320 2244 349; x_wconf 76' lang='lat'>546</span> 
     </span>
    </p>
   </div>
   <div class='ocr_carea' id='block_1_2' title="bbox 153 385 1158 469">
    <p class='ocr_par' dir='ltr' id='par_1_2' title="bbox 153 385 1158 469">
     <span class='ocr_line' id='line_1_2' title="bbox 187 385 1157 422; baseline -0.002 -8"><span class='ocrx_word' id='word_1_5' title='bbox 187 385 232 422; x_wconf 90' lang='lat' dir='ltr'>[In</span> <span class='ocrx_word' id='word_1_6' title='bbox 244 394 302 421; x_wconf 83' lang='lat' dir='ltr'>qua</span> <span class='ocrx_word' id='word_1_7' title='bbox 311 385 461 413; x_wconf 86' lang='lat' dir='ltr'>sententia</span> <span class='ocrx_word' id='word_1_8' title='bbox 470 386 527 413; x_wconf 86' lang='lat' dir='ltr'>duo</span> <span class='ocrx_word' id='word_1_9' title='bbox 539 385 634 419; x_wconf 84' lang='lat' dir='ltr'>Petri,</span> <span class='ocrx_word' id='word_1_10' title='bbox 645 385 831 420; x_wconf 79' lang='lat' dir='ltr'>patriarchae</span> <span class='ocrx_word' id='word_1_11' title='bbox 842 386 1033 419; x_wconf 79' lang='lat' dir='ltr'>Antiooheni,</span> <span class='ocrx_word' id='word_1_12' title='bbox 1046 386 1157 412; x_wconf 86' lang='lat' dir='ltr'>instru-</span> 
     </span>
     <span class='ocr_line' id='line_1_3' title="bbox 153 431 1158 469; baseline -0.001 -7"><span class='ocrx_word' id='word_1_13' title='bbox 153 437 255 462; x_wconf 76' lang='lat' dir='ltr'>menta.</span> <span class='ocrx_word' id='word_1_14' title='bbox 268 434 457 469; x_wconf 87' lang='lat' dir='ltr'>reperiuntur</span> <span class='ocrx_word' id='word_1_15' title='bbox 477 434 598 467; x_wconf 86' lang='lat' dir='ltr'>inserta,</span> <span class='ocrx_word' id='word_1_16' title='bbox 618 443 692 469; x_wconf 89' lang='lat' dir='ltr'>quae</span> <span class='ocrx_word' id='word_1_17' title='bbox 712 434 753 461; x_wconf 88' lang='lat' dir='ltr'>sie</span> <span class='ocrx_word' id='word_1_18' title='bbox 774 434 924 469; x_wconf 87' lang='lat' dir='ltr'>incipiunt</span> <span class='ocrx_word' id='word_1_19' title='bbox 938 437 966 461; x_wconf 89' lang='lat' dir='ltr'>et</span> <span class='ocrx_word' id='word_1_20' title='bbox 981 434 1121 461; x_wconf 85' lang='lat' dir='ltr'>desinunt</span> <span class='ocrx_word' id='word_1_21' title='bbox 1139 431 1158 468; x_wconf 75' lang='grc' dir='ltr'>ε]</span> 
     </span>
    </p>
   </div>
   <div class='ocr_carea' id='block_1_3' title="bbox 170 547 1139 584">
    <p class='ocr_par' dir='ltr' id='par_1_3' title="bbox 170 547 1139 584">
     <span class='ocr_line' id='line_1_4' title="bbox 170 547 1139 584; baseline -0.002 -8"><span class='ocrx_word' id='word_1_22' title='bbox 170 550 192 576; x_wconf 92' lang='lat'>1.</span> <span class='ocrx_word' id='word_1_23' title='bbox 210 562 242 568; x_wconf 85' lang='lat'>-</span> <span class='ocrx_word' id='word_1_24' title='bbox 259 547 399 584; x_wconf 66' lang='lat'>[3488]</span> <span class='ocrx_word' id='word_1_25' title='bbox 483 549 607 583; x_wconf 85' lang='lat' dir='ltr'>Abbaye</span> <span class='ocrx_word' id='word_1_26' title='bbox 622 549 658 576; x_wconf 93' lang='lat' dir='ltr'>de</span> <span class='ocrx_word' id='word_1_27' title='bbox 673 549 900 583; x_wconf 78' lang='lat' dir='ltr'>saint-Georges</span> <span class='ocrx_word' id='word_1_28' title='bbox 913 549 949 576; x_wconf 86' lang='lat' dir='ltr'>de</span> <span class='ocrx_word' id='word_1_29' title='bbox 965 556 978 575; x_wconf 92' lang='lat'>«</span> <span class='ocrx_word' id='word_1_30' title='bbox 992 549 1100 577; x_wconf 90' lang='lat' dir='ltr'>Jubino</span> <span class='ocrx_word' id='word_1_31' title='bbox 1114 556 1139 581; x_wconf 84' lang='lat'>»‚</span> 
     </span>
    </p>
   </div>
   <div class='ocr_carea' id='block_1_4' title="bbox 648 598 956 632">
    <p class='ocr_par' dir='ltr' id='par_1_4' title="bbox 648 598 956 632">
     <span class='ocr_line' id='line_1_5' title="bbox 648 598 956 632; baseline 0.003 -8"><span class='ocrx_word' id='word_1_32' title='bbox 648 598 679 624; x_wconf 82' lang='lat'>21</span> <span class='ocrx_word' id='word_1_33' title='bbox 697 598 862 632; x_wconf 81' lang='lat' dir='ltr'><strong>septembre</strong></span> <span class='ocrx_word' id='word_1_34' title='bbox 877 598 956 625; x_wconf 74' lang='lat'>1214.</span> 
     </span>
    </p>
   </div>
   <div class='ocr_carea' id='block_1_5' title="bbox 155 659 1160 952">
    <p class='ocr_par' dir='ltr' id='par_1_5' title="bbox 155 659 1160 952">
     <span class='ocr_line' id='line_1_6' title="bbox 195 659 1159 698; baseline -0.002 -8"><span class='ocrx_word' id='word_1_35' title='bbox 195 672 208 686; x_wconf 88' lang='lat'>«</span> <span class='ocrx_word' id='word_1_36' title='bbox 234 660 363 695; x_wconf 71' lang='lat' dir='ltr'>Petrus,</span> <span class='ocrx_word' id='word_1_37' title='bbox 373 660 434 689; x_wconf 87' lang='lat' dir='ltr'>Dei</span> <span class='ocrx_word' id='word_1_38' title='bbox 446 659 553 697; x_wconf 81' lang='lat' dir='ltr'>gratia</span> <span class='ocrx_word' id='word_1_39' title='bbox 565 659 684 689; x_wconf 83' lang='lat' dir='ltr'>Sancte</span> <span class='ocrx_word' id='word_1_40' title='bbox 697 664 728 689; x_wconf 81' lang='lat' dir='ltr'>et</span> <span class='ocrx_word' id='word_1_41' title='bbox 740 659 927 698; x_wconf 77' lang='lat' dir='ltr'>Apostolice</span> <span class='ocrx_word' id='word_1_42' title='bbox 940 660 1035 690; x_wconf 86' lang='lat' dir='ltr'>Sedis</span> <span class='ocrx_word' id='word_1_43' title='bbox 1046 659 1159 689; x_wconf 83' lang='lat' dir='ltr'>Antio-</span> 
     </span>
     <span class='ocr_line' id='line_1_7' title="bbox 155 712 1159 751; baseline 0.001 -11"><span class='ocrx_word' id='word_1_44' title='bbox 155 725 168 739; x_wconf 80' lang='lat'>«</span> <span class='ocrx_word' id='word_1_45' title='bbox 194 712 298 742; x_wconf 82' lang='lat' dir='ltr'>chene</span> <span class='ocrx_word' id='word_1_46' title='bbox 320 712 518 751; x_wconf 84' lang='lat' dir='ltr'>patriarcha.</span> <span class='ocrx_word' id='word_1_47' title='bbox 544 712 626 742; x_wconf 89' lang='lat' dir='ltr'>Cum</span> <span class='ocrx_word' id='word_1_48' title='bbox 646 712 686 741; x_wconf 89' lang='lat' dir='ltr'>ad</span> <span class='ocrx_word' id='word_1_49' title='bbox 708 712 958 750; x_wconf 80' lang='lat' dir='ltr'>suscipiendum</span> <span class='ocrx_word' id='word_1_50' title='bbox 973 730 1022 741; x_wconf 97' lang='lat'>—.</span> <span class='ocrx_word' id='word_1_51' title='bbox 1040 714 1159 742; x_wconf 83' lang='lat' dir='ltr'>Actum</span> 
     </span>
     <span class='ocr_line' id='line_1_8' title="bbox 156 763 1158 798; baseline -0.001 -3"><span class='ocrx_word' id='word_1_52' title='bbox 156 776 168 791; x_wconf 86' lang='lat'>«</span> <span class='ocrx_word' id='word_1_53' title='bbox 194 769 243 795; x_wconf 79' lang='lat' dir='ltr'>est</span> <span class='ocrx_word' id='word_1_54' title='bbox 269 764 330 794; x_wconf 87' lang='lat' dir='ltr'>hoc.</span> <span class='ocrx_word' id='word_1_55' title='bbox 353 773 440 794; x_wconf 86' lang='lat' dir='ltr'>anno</span> <span class='ocrx_word' id='word_1_56' title='bbox 465 763 638 794; x_wconf 87' lang='lat' dir='ltr'>Dominice</span> <span class='ocrx_word' id='word_1_57' title='bbox 660 764 905 793; x_wconf 81' lang='lat' dir='ltr'>incarnationis</span> <span class='ocrx_word' id='word_1_58' title='bbox 932 764 1158 798; x_wconf 78' lang='lat' dir='ltr'>M⁰CC⁰XIIIL</span> 
     </span>
     <span class='ocr_line' id='line_1_9' title="bbox 156 817 1159 855; baseline 0 -10"><span class='ocrx_word' id='word_1_59' title='bbox 156 829 169 844; x_wconf 83' lang='lat'>«</span> <span class='ocrx_word' id='word_1_60' title='bbox 194 817 377 847; x_wconf 69' lang='lat' dir='ltr'>indictione</span> <span class='ocrx_word' id='word_1_61' title='bbox 396 818 477 852; x_wconf 84' lang='lat'>111¹,</span> <span class='ocrx_word' id='word_1_62' title='bbox 496 818 738 854; x_wconf 86' lang='lat' dir='ltr'>concurrent[e]</span> <span class='ocrx_word' id='word_1_63' title='bbox 757 818 799 851; x_wconf 94' lang='grc' dir='ltr'>ΙΙ,</span> <span class='ocrx_word' id='word_1_64' title='bbox 822 822 935 855; x_wconf 73' lang='lat' dir='ltr'>epacta</span> <span class='ocrx_word' id='word_1_65' title='bbox 953 817 1028 852; x_wconf 80' lang='lat' dir='ltr'>VII,</span> <span class='ocrx_word' id='word_1_66' title='bbox 1050 826 1159 846; x_wconf 85' lang='lat' dir='ltr'>coram</span> 
     </span>
     <span class='ocr_line' id='line_1_10' title="bbox 156 869 1160 908; baseline 0.002 -11"><span class='ocrx_word' id='word_1_67' title='bbox 156 883 168 897; x_wconf 87' lang='lat'>«</span> <span class='ocrx_word' id='word_1_68' title='bbox 193 870 365 901; x_wconf 81' lang='lat' dir='ltr'>fratribus.</span> <span class='ocrx_word' id='word_1_69' title='bbox 385 870 470 908; x_wconf 85' lang='lat' dir='ltr'>apud</span> <span class='ocrx_word' id='word_1_70' title='bbox 486 870 653 900; x_wconf 83' lang='lat' dir='ltr'>abbatiam</span> <span class='ocrx_word' id='word_1_71' title='bbox 676 870 803 905; x_wconf 85' lang='lat' dir='ltr'>Jubin.‚</span> <span class='ocrx_word' id='word_1_72' title='bbox 824 871 871 900; x_wconf 85' lang='lat' dir='ltr'>XI</span> <span class='ocrx_word' id='word_1_73' title='bbox 887 869 1047 900; x_wconf 76' lang='lat' dir='ltr'>kalendas</span> <span class='ocrx_word' id='word_1_74' title='bbox 1071 874 1160 899; x_wconf 84' lang='lat' dir='ltr'>octo-</span> 
     </span>
     <span class='ocr_line' id='line_1_11' title="bbox 156 922 308 952; baseline -0.007 0"><span class='ocrx_word' id='word_1_75' title='bbox 156 935 170 950; x_wconf 89' lang='lat'>«</span> <span class='ocrx_word' id='word_1_76' title='bbox 194 922 275 952; x_wconf 80' lang='lat' dir='ltr'>bris.</span> <span class='ocrx_word' id='word_1_77' title='bbox 296 935 308 949; x_wconf 79' lang='lat' dir='ltr'>n</span> 
     </span>
    </p>
   </div>
   <div class='ocr_carea' id='block_1_6' title="bbox 182 1040 1135 1076">
    <p class='ocr_par' dir='ltr' id='par_1_6' title="bbox 182 1040 1135 1076">
     <span class='ocr_line' id='line_1_12' title="bbox 182 1040 1135 1076; baseline -0.003 -7"><span class='ocrx_word' id='word_1_78' title='bbox 182 1042 219 1069; x_wconf 93' lang='lat'>11.</span> <span class='ocrx_word' id='word_1_79' title='bbox 235 1057 267 1060; x_wconf 97' lang='lat'><strong>—</strong></span> <span class='ocrx_word' id='word_1_80' title='bbox 284 1040 424 1076; x_wconf 71' lang='lat'>[3489]</span> <span class='ocrx_word' id='word_1_81' title='bbox 479 1042 602 1076; x_wconf 82' lang='lat' dir='ltr'>Abbaye</span> <span class='ocrx_word' id='word_1_82' title='bbox 618 1042 654 1069; x_wconf 90' lang='lat' dir='ltr'>de</span> <span class='ocrx_word' id='word_1_83' title='bbox 671 1042 898 1076; x_wconf 82' lang='lat' dir='ltr'>Saint-Georges</span> <span class='ocrx_word' id='word_1_84' title='bbox 911 1042 947 1069; x_wconf 86' lang='lat' dir='ltr'>de</span> <span class='ocrx_word' id='word_1_85' title='bbox 961 1049 974 1067; x_wconf 90' lang='lat'>«</span> <span class='ocrx_word' id='word_1_86' title='bbox 991 1041 1098 1070; x_wconf 90' lang='lat' dir='ltr'>Jubino</span> <span class='ocrx_word' id='word_1_87' title='bbox 1110 1049 1135 1073; x_wconf 74' lang='lat'>1),</span> 
     </span>
    </p>
   </div>
   <div class='ocr_carea' id='block_1_7' title="bbox 652 1090 959 1125">
    <p class='ocr_par' dir='ltr' id='par_1_7' title="bbox 652 1090 959 1125">
     <span class='ocr_line' id='line_1_13' title="bbox 652 1090 959 1125; baseline 0 -8"><span class='ocrx_word' id='word_1_88' title='bbox 652 1090 683 1117; x_wconf 82' lang='lat'>21</span> <span class='ocrx_word' id='word_1_89' title='bbox 701 1091 867 1125; x_wconf 78' lang='lat' dir='ltr'>septembre</span> <span class='ocrx_word' id='word_1_90' title='bbox 880 1091 959 1117; x_wconf 73' lang='lat'>1214.</span> 
     </span>
    </p>
   </div>
   <div class='ocr_carea' id='block_1_8' title="bbox 158 1151 1161 1450">
    <p class='ocr_par' dir='ltr' id='par_1_8' title="bbox 158 1151 1161 1450">
     <span class='ocr_line' id='line_1_14' title="bbox 198 1151 1160 1190; baseline 0.002 -12"><span class='ocrx_word' id='word_1_91' title='bbox 198 1163 210 1178; x_wconf 77' lang='grc' dir='ltr'><strong>α</strong></span> <span class='ocrx_word' id='word_1_92' title='bbox 237 1152 366 1187; x_wconf 69' lang='lat' dir='ltr'>Petrus,</span> <span class='ocrx_word' id='word_1_93' title='bbox 387 1151 447 1181; x_wconf 89' lang='lat' dir='ltr'>Dei</span> <span class='ocrx_word' id='word_1_94' title='bbox 463 1151 569 1189; x_wconf 82' lang='lat' dir='ltr'>gratia</span> <span class='ocrx_word' id='word_1_95' title='bbox 584 1152 702 1182; x_wconf 82' lang='lat' dir='ltr'>Sancte</span> <span class='ocrx_word' id='word_1_96' title='bbox 719 1156 749 1181; x_wconf 85' lang='lat' dir='ltr'>et</span> <span class='ocrx_word' id='word_1_97' title='bbox 766 1151 952 1190; x_wconf 79' lang='lat' dir='ltr'>Apostolice</span> <span class='ocrx_word' id='word_1_98' title='bbox 977 1151 1071 1181; x_wconf 84' lang='lat' dir='ltr'>Sedis</span> <span class='ocrx_word' id='word_1_99' title='bbox 1091 1152 1160 1180; x_wconf 90' lang='lat' dir='ltr'>An-</span> 
     </span>
     <span class='ocr_line' id='line_1_15' title="bbox 158 1202 1161 1242; baseline 0.002 -11"><span class='ocrx_word' id='word_1_100' title='bbox 158 1216 171 1230; x_wconf 86' lang='lat'>«</span> <span class='ocrx_word' id='word_1_101' title='bbox 197 1202 349 1233; x_wconf 87' lang='lat' dir='ltr'>tiochene</span> <span class='ocrx_word' id='word_1_102' title='bbox 367 1203 568 1242; x_wconf 81' lang='lat' dir='ltr'>patriarcha,</span> <span class='ocrx_word' id='word_1_103' title='bbox 585 1204 740 1234; x_wconf 88' lang='lat' dir='ltr'>omnibus</span> <span class='ocrx_word' id='word_1_104' title='bbox 759 1203 934 1234; x_wconf 84' lang='lat' dir='ltr'>abbatibus</span> <span class='ocrx_word' id='word_1_105' title='bbox 947 1207 977 1233; x_wconf 85' lang='lat' dir='ltr'>et</span> <span class='ocrx_word' id='word_1_106' title='bbox 993 1203 1161 1233; x_wconf 87' lang='lat' dir='ltr'>universis</span> 
     </span>
     <span class='ocr_line' id='line_1_16' title="bbox 159 1257 1161 1295; baseline 0.002 -10"><span class='ocrx_word' id='word_1_107' title='bbox 159 1268 173 1284; x_wconf 74' lang='grc' dir='ltr'><strong><em>κ</em></strong></span> <span class='ocrx_word' id='word_1_108' title='bbox 196 1257 357 1287; x_wconf 85' lang='lat' dir='ltr'>fratribus</span> <span class='ocrx_word' id='word_1_109' title='bbox 374 1257 608 1287; x_wconf 80' lang='lat' dir='ltr'>Cisterciensis</span> <span class='ocrx_word' id='word_1_110' title='bbox 629 1257 766 1292; x_wconf 75' lang='lat' dir='ltr'>ordinis,</span> <span class='ocrx_word' id='word_1_111' title='bbox 789 1257 930 1287; x_wconf 85' lang='lat' dir='ltr'>salutem</span> <span class='ocrx_word' id='word_1_112' title='bbox 954 1261 985 1287; x_wconf 92' lang='lat' dir='ltr'>et</span> <span class='ocrx_word' id='word_1_113' title='bbox 1007 1257 1046 1287; x_wconf 91' lang='lat' dir='ltr'>de</span> <span class='ocrx_word' id='word_1_114' title='bbox 1071 1258 1161 1295; x_wconf 74' lang='lat' dir='ltr'>Syon</span> 
     </span>
     <span class='ocr_line' id='line_1_17' title="bbox 159 1309 1160 1348; baseline -0.002 -7"><span class='ocrx_word' id='word_1_115' title='bbox 159 1321 173 1337; x_wconf 73' lang='lat' dir='ltr'>c&lt;</span> <span class='ocrx_word' id='word_1_116' title='bbox 196 1310 382 1341; x_wconf 82' lang='lat' dir='ltr'>Jerusalem</span> <span class='ocrx_word' id='word_1_117' title='bbox 405 1309 630 1348; x_wconf 87' lang='lat' dir='ltr'>contemplari.</span> <span class='ocrx_word' id='word_1_118' title='bbox 658 1310 741 1340; x_wconf 89' lang='lat' dir='ltr'>Cum</span> <span class='ocrx_word' id='word_1_119' title='bbox 770 1310 810 1339; x_wconf 86' lang='lat' dir='ltr'>ad</span> <span class='ocrx_word' id='word_1_120' title='bbox 839 1310 1089 1348; x_wconf 87' lang='lat' dir='ltr'>suscipiendum</span> <span class='ocrx_word' id='word_1_121' title='bbox 1111 1327 1160 1339; x_wconf 89' lang='lat'>—.</span> 
     </span>
     <span class='ocr_line' id='line_1_18' title="bbox 159 1363 1161 1400; baseline 0 -9"><span class='ocrx_word' id='word_1_122' title='bbox 159 1375 172 1390; x_wconf 79' lang='grc' dir='ltr'>α</span> <span class='ocrx_word' id='word_1_123' title='bbox 196 1364 314 1393; x_wconf 87' lang='lat' dir='ltr'>Actum</span> <span class='ocrx_word' id='word_1_124' title='bbox 333 1367 382 1393; x_wconf 83' lang='lat' dir='ltr'>est</span> <span class='ocrx_word' id='word_1_125' title='bbox 397 1363 459 1392; x_wconf 87' lang='lat' dir='ltr'>hoc</span> <span class='ocrx_word' id='word_1_126' title='bbox 472 1363 558 1400; x_wconf 88' lang='lat' dir='ltr'>apud</span> <span class='ocrx_word' id='word_1_127' title='bbox 575 1363 704 1397; x_wconf 80' lang='lat' dir='ltr'>Jubin.‚</span> <span class='ocrx_word' id='word_1_128' title='bbox 722 1363 896 1393; x_wconf 88' lang='lat' dir='ltr'>Dominice</span> <span class='ocrx_word' id='word_1_129' title='bbox 916 1363 1161 1393; x_wconf 67' lang='lat' dir='ltr'>[neat-nationis</span> 
     </span>
     <span class='ocr_line' id='line_1_19' title="bbox 159 1414 975 1450; baseline 0 -7"><span class='ocrx_word' id='word_1_130' title='bbox 159 1428 171 1442; x_wconf 70' lang='grc' dir='ltr'><strong>α</strong></span> <span class='ocrx_word' id='word_1_131' title='bbox 197 1424 284 1445; x_wconf 87' lang='lat' dir='ltr'>anno</span> <span class='ocrx_word' id='word_1_132' title='bbox 301 1414 526 1450; x_wconf 81' lang='lat' dir='ltr'>M⁰CC⁰XIIIL</span> <span class='ocrx_word' id='word_1_133' title='bbox 545 1415 593 1445; x_wconf 84' lang='lat' dir='ltr'>XI</span> <span class='ocrx_word' id='word_1_134' title='bbox 609 1415 768 1445; x_wconf 76' lang='lat' dir='ltr'>kalendas</span> <span class='ocrx_word' id='word_1_135' title='bbox 786 1415 940 1445; x_wconf 81' lang='lat' dir='ltr'>octobris.</span> <span class='ocrx_word' id='word_1_136' title='bbox 961 1428 975 1442; x_wconf 69' lang='lat' dir='ltr'>D</span> 
     </span>
    </p>
   </div>
   <div class='ocr_carea' id='block_1_9' title="bbox 227 1593 346 1620">
    <p class='ocr_par' dir='ltr' id='par_1_9' title="bbox 227 1593 346 1620">
     <span class='ocr_line' id='line_1_20' title="bbox 227 1593 346 1620; baseline 0 0"><span class='ocrx_word' id='word_1_137' title='bbox 227 1593 346 1620; x_wconf 53' lang='lat'>3420</span> 
     </span>
    </p>
   </div>
   <div class='ocr_carea' id='block_1_10' title="bbox 155 1647 1164 1832">
    <p class='ocr_par' dir='ltr' id='par_1_10' title="bbox 155 1647 1164 1832">
     <span class='ocr_line' id='line_1_21' title="bbox 155 1647 1164 1690; baseline 0.002 -8"><span class='ocrx_word' id='word_1_138' title='bbox 155 1647 158 1649; x_wconf 46' lang='grc'><strong>’</strong></span> <span class='ocrx_word' id='word_1_139' title='bbox 191 1654 336 1690; x_wconf 79' lang='lat' dir='ltr'>Episcopo</span> <span class='ocrx_word' id='word_1_140' title='bbox 358 1652 504 1689; x_wconf 83' lang='lat' dir='ltr'>Burgensi</span> <span class='ocrx_word' id='word_1_141' title='bbox 529 1663 629 1682; x_wconf 87' lang='lat' dir='ltr'>euram</span> <span class='ocrx_word' id='word_1_142' title='bbox 654 1655 898 1689; x_wconf 84' lang='lat' dir='ltr'>Calagurritanae</span> <span class='ocrx_word' id='word_1_143' title='bbox 918 1659 946 1683; x_wconf 90' lang='lat' dir='ltr'>et</span> <span class='ocrx_word' id='word_1_144' title='bbox 967 1657 1164 1685; x_wconf 84' lang='lat' dir='ltr'>Calciatensis</span> 
     </span>
     <span class='ocr_line' id='line_1_22' title="bbox 156 1702 1163 1739; baseline 0.003 -10"><span class='ocrx_word' id='word_1_145' title='bbox 156 1702 313 1735; x_wconf 85' lang='lat' dir='ltr'>eeclesiae,</span> <span class='ocrx_word' id='word_1_146' title='bbox 335 1702 419 1736; x_wconf 84' lang='lat' dir='ltr'>eujus</span> <span class='ocrx_word' id='word_1_147' title='bbox 439 1702 593 1737; x_wconf 86' lang='lat' dir='ltr'>episcopus</span> <span class='ocrx_word' id='word_1_148' title='bbox 615 1710 709 1737; x_wconf 87' lang='lat' dir='ltr'>nuper</span> <span class='ocrx_word' id='word_1_149' title='bbox 735 1703 813 1737; x_wconf 88' lang='lat' dir='ltr'>apud</span> <span class='ocrx_word' id='word_1_150' title='bbox 832 1703 938 1730; x_wconf 87' lang='lat' dir='ltr'>Sedem</span> <span class='ocrx_word' id='word_1_151' title='bbox 960 1704 1163 1739; x_wconf 85' lang='lat' dir='ltr'>Apostolicam</span> 
     </span>
     <span class='ocr_line' id='line_1_23' title="bbox 155 1750 1163 1786; baseline 0.004 -9"><span class='ocrx_word' id='word_1_152' title='bbox 155 1751 238 1778; x_wconf 88' lang='lat' dir='ltr'>viam</span> <span class='ocrx_word' id='word_1_153' title='bbox 254 1750 412 1777; x_wconf 74' lang='lat' dir='ltr'>universae</span> <span class='ocrx_word' id='word_1_154' title='bbox 425 1750 523 1777; x_wconf 86' lang='lat' dir='ltr'>carnis</span> <span class='ocrx_word' id='word_1_155' title='bbox 539 1753 601 1778; x_wconf 84' lang='lat' dir='ltr'>erat</span> <span class='ocrx_word' id='word_1_156' title='bbox 614 1750 773 1785; x_wconf 78' lang='lat' dir='ltr'>ingressus,</span> <span class='ocrx_word' id='word_1_157' title='bbox 787 1752 959 1779; x_wconf 79' lang='lat' dir='ltr'>committit.</span> <span class='ocrx_word' id='word_1_158' title='bbox 973 1767 1004 1771; x_wconf 84' lang='lat'><em>—</em></span> <span class='ocrx_word' id='word_1_159' title='bbox 1017 1753 1104 1784; x_wconf 74' lang='lat' dir='ltr'>(Rm.</span> <span class='ocrx_word' id='word_1_160' title='bbox 1119 1753 1163 1786; x_wconf 88' lang='grc'>18,</span> 
     </span>
     <span class='ocr_line' id='line_1_24' title="bbox 155 1799 566 1832; baseline 0 -6"><span class='ocrx_word' id='word_1_161' title='bbox 155 1800 176 1827; x_wconf 83' lang='lat' dir='ltr'>f.</span> <span class='ocrx_word' id='word_1_162' title='bbox 191 1799 242 1826; x_wconf 79' lang='lat'>224</span> <span class='ocrx_word' id='word_1_163' title='bbox 255 1802 296 1831; x_wconf 82' lang='lat' dir='ltr'>r⁴²;</span> <span class='ocrx_word' id='word_1_164' title='bbox 313 1807 382 1826; x_wconf 86' lang='lat' dir='ltr'>ann.</span> <span class='ocrx_word' id='word_1_165' title='bbox 394 1799 434 1832; x_wconf 86' lang='grc' dir='ltr'>Χ,</span> <span class='ocrx_word' id='word_1_166' title='bbox 449 1808 474 1826; x_wconf 87' lang='lat' dir='ltr'>c.</span> <span class='ocrx_word' id='word_1_167' title='bbox 491 1799 566 1830; x_wconf 74' lang='lat'>334.)</span> 
     </span>
    </p>
   </div>
   <div class='ocr_carea' id='block_1_11' title="bbox 717 1593 1090 1627">
    <p class='ocr_par' dir='ltr' id='par_1_11' title="bbox 717 1593 1090 1627">
     <span class='ocr_line' id='line_1_25' title="bbox 717 1593 1090 1627; baseline 0.003 -7"><span class='ocrx_word' id='word_1_168' title='bbox 717 1593 818 1626; x_wconf 87' lang='lat' dir='ltr'>Terni,</span> <span class='ocrx_word' id='word_1_169' title='bbox 835 1593 866 1620; x_wconf 89' lang='lat'>31</span> <span class='ocrx_word' id='word_1_170' title='bbox 880 1594 997 1627; x_wconf 62' lang='lat' dir='ltr'>jam-ier</span> <span class='ocrx_word' id='word_1_171' title='bbox 1012 1594 1090 1621; x_wconf 73' lang='lat'>1237.</span> 
     </span>
    </p>
   </div>
   <div class='ocr_carea' id='block_1_12' title="bbox 198 1901 1166 1940">
    <p class='ocr_par' dir='ltr' id='par_1_12' title="bbox 198 1901 1166 1940">
     <span class='ocr_line' id='line_1_26' title="bbox 198 1901 1166 1940; baseline 0.003 -12"><span class='ocrx_word' id='word_1_172' title='bbox 198 1913 211 1927; x_wconf 74' lang='grc' dir='ltr'>α</span> <span class='ocrx_word' id='word_1_173' title='bbox 239 1923 256 1928; x_wconf 96' lang='grc'>..</span> <span class='ocrx_word' id='word_1_174' title='bbox 285 1901 420 1938; x_wconf 82' lang='lat' dir='ltr'>episcopo</span> <span class='ocrx_word' id='word_1_175' title='bbox 440 1901 600 1938; x_wconf 74' lang='lat' dir='ltr'>Bzcrqensi.</span> <span class='ocrx_word' id='word_1_176' title='bbox 627 1901 719 1930; x_wconf 88' lang='lat' dir='ltr'>Bone</span> <span class='ocrx_word' id='word_1_177' title='bbox 741 1901 900 1931; x_wconf 83' lang='lat' dir='ltr'>memorie</span> <span class='ocrx_word' id='word_1_178' title='bbox 928 1925 947 1930; x_wconf 94' lang='lat'>..</span> <span class='ocrx_word' id='word_1_179' title='bbox 974 1901 1166 1940; x_wconf 84' lang='lat' dir='ltr'>Calagurri-</span> 
     </span>
    </p>
   </div>
   <div class='ocr_carea' id='block_1_13' title="bbox 153 1952 1166 2218">
    <p class='ocr_par' dir='ltr' id='par_1_13' title="bbox 153 1952 1166 2218">
     <span class='ocr_line' id='line_1_27' title="bbox 153 1952 1166 1989; baseline 0.001 -6"><span class='ocrx_word' id='word_1_180' title='bbox 153 1957 234 1983; x_wconf 82' lang='lat' dir='ltr'>tano</span> <span class='ocrx_word' id='word_1_181' title='bbox 252 1970 300 1982; x_wconf 90' lang='lat'>—.</span> <span class='ocrx_word' id='word_1_182' title='bbox 320 1953 394 1982; x_wconf 87' lang='lat' dir='ltr'>Dat.</span> <span class='ocrx_word' id='word_1_183' title='bbox 420 1953 623 1987; x_wconf 83' lang='lat' dir='ltr'>Interamne,</span> <span class='ocrx_word' id='word_1_184' title='bbox 642 1954 675 1983; x_wconf 93' lang='grc' dir='ltr'>ΙΙ</span> <span class='ocrx_word' id='word_1_185' title='bbox 698 1952 859 1983; x_wconf 83' lang='lat' dir='ltr'>kalendas</span> <span class='ocrx_word' id='word_1_186' title='bbox 880 1953 1054 1989; x_wconf 77' lang='lat' dir='ltr'>februarii,</span> <span class='ocrx_word' id='word_1_187' title='bbox 1079 1963 1166 1984; x_wconf 88' lang='lat' dir='ltr'>anno</span> 
     </span>
     <span class='ocr_line' id='line_1_28' title="bbox 157 2005 331 2036; baseline -0.023 0"><span class='ocrx_word' id='word_1_188' title='bbox 157 2005 295 2036; x_wconf 88' lang='lat' dir='ltr'>decimo.</span> <span class='ocrx_word' id='word_1_189' title='bbox 318 2017 331 2032; x_wconf 72' lang='lat' dir='ltr'><strong>n</strong></span> 
     </span>
     <span class='ocr_line' id='line_1_29' title="bbox 227 2185 1094 2218; baseline -0.001 -5"><span class='ocrx_word' id='word_1_190' title='bbox 227 2185 342 2213; x_wconf 55' lang='lat'>3421</span> <span class='ocrx_word' id='word_1_191' title='bbox 742 2185 843 2218; x_wconf 89' lang='lat' dir='ltr'>Terni,</span> <span class='ocrx_word' id='word_1_192' title='bbox 860 2185 875 2212; x_wconf 83' lang='lat'><strong>6</strong></span> <span class='ocrx_word' id='word_1_193' title='bbox 891 2185 1000 2212; x_wconf 78' lang='lat' dir='ltr'>fevi-ier</span> <span class='ocrx_word' id='word_1_194' title='bbox 1015 2185 1094 2212; x_wconf 81' lang='lat'>1237.</span> 
     </span>
    </p>
   </div>
   <div class='ocr_carea' id='block_1_14' title="bbox 157 2232 1169 2378">
    <p class='ocr_par' dir='ltr' id='par_1_14' title="bbox 157 2232 1169 2378">
     <span class='ocr_line' id='line_1_30' title="bbox 194 2232 1168 2280; baseline 0.001 -6"><span class='ocrx_word' id='word_1_195' title='bbox 194 2232 344 2280; x_wconf 78' lang='lat' dir='ltr'>Cistercii,</span> <span class='ocrx_word' id='word_1_196' title='bbox 362 2247 466 2274; x_wconf 81' lang='lat' dir='ltr'>Sancti</span> <span class='ocrx_word' id='word_1_197' title='bbox 481 2247 585 2275; x_wconf 86' lang='lat' dir='ltr'>Judoci</span> <span class='ocrx_word' id='word_1_198' title='bbox 601 2249 642 2280; x_wconf 87' lang='lat'>(=</span> <span class='ocrx_word' id='word_1_199' title='bbox 655 2247 767 2279; x_wconf 86' lang='lat' dir='ltr'>Jodoci)</span> <span class='ocrx_word' id='word_1_200' title='bbox 783 2247 814 2274; x_wconf 93' lang='lat' dir='ltr'>in</span> <span class='ocrx_word' id='word_1_201' title='bbox 829 2247 958 2274; x_wconf 86' lang='lat' dir='ltr'>Nemore</span> <span class='ocrx_word' id='word_1_202' title='bbox 971 2250 999 2274; x_wconf 89' lang='lat' dir='ltr'>et</span> <span class='ocrx_word' id='word_1_203' title='bbox 1012 2248 1048 2274; x_wconf 88' lang='lat' dir='ltr'>de</span> <span class='ocrx_word' id='word_1_204' title='bbox 1064 2247 1168 2276; x_wconf 84' lang='lat' dir='ltr'>Carto—</span> 
     </span>
     <span class='ocr_line' id='line_1_31' title="bbox 157 2296 1168 2330; baseline -0.001 -7"><span class='ocrx_word' id='word_1_205' title='bbox 157 2305 226 2324; x_wconf 87' lang='lat' dir='ltr'>voro</span> <span class='ocrx_word' id='word_1_206' title='bbox 241 2296 399 2323; x_wconf 79' lang='lat' dir='ltr'>abbatibus</span> <span class='ocrx_word' id='word_1_207' title='bbox 420 2296 543 2323; x_wconf 82' lang='lat' dir='ltr'>mandat</span> <span class='ocrx_word' id='word_1_208' title='bbox 559 2299 703 2330; x_wconf 86' lang='lat' dir='ltr'>quatenus</span> <span class='ocrx_word' id='word_1_209' title='bbox 726 2296 905 2322; x_wconf 87' lang='lat' dir='ltr'>sententiam</span> <span class='ocrx_word' id='word_1_210' title='bbox 924 2296 1115 2330; x_wconf 83' lang='lat' dir='ltr'>apostolicam</span> <span class='ocrx_word' id='word_1_211' title='bbox 1132 2297 1168 2323; x_wconf 87' lang='lat' dir='ltr'>de</span> 
     </span>
     <span class='ocr_line' id='line_1_32' title="bbox 157 2344 1169 2378; baseline 0 -6"><span class='ocrx_word' id='word_1_212' title='bbox 157 2345 306 2373; x_wconf 82' lang='lat' dir='ltr'>amotione</span> <span class='ocrx_word' id='word_1_213' title='bbox 317 2345 462 2378; x_wconf 82' lang='lat' dir='ltr'>Hugonis,</span> <span class='ocrx_word' id='word_1_214' title='bbox 473 2344 504 2371; x_wconf 89' lang='lat' dir='ltr'>in</span> <span class='ocrx_word' id='word_1_215' title='bbox 518 2344 655 2371; x_wconf 84' lang='lat' dir='ltr'>abbatem</span> <span class='ocrx_word' id='word_1_216' title='bbox 667 2345 991 2371; x_wconf 76' lang='lat' dir='ltr'>praemonstratensem</span> <span class='ocrx_word' id='word_1_217' title='bbox 1006 2344 1125 2377; x_wconf 85' lang='lat' dir='ltr'>intrusi,</span> <span class='ocrx_word' id='word_1_218' title='bbox 1140 2347 1169 2372; x_wconf 89' lang='lat' dir='ltr'>et</span> 
     </span>
    </p>
   </div>
   <div class='ocr_carea' id='block_1_15' title="bbox 151 2392 1168 2481">
    <p class='ocr_par' dir='ltr' id='par_1_15' title="bbox 151 2392 1168 2481">
     <span class='ocr_line' id='line_1_33' title="bbox 152 2392 1168 2428; baseline 0 -7"><span class='ocrx_word' id='word_1_219' title='bbox 152 2393 194 2428; x_wconf 53' lang='lat' dir='ltr'>,de</span> <span class='ocrx_word' id='word_1_220' title='bbox 208 2393 398 2420; x_wconf 87' lang='lat' dir='ltr'>restitutione</span> <span class='ocrx_word' id='word_1_221' title='bbox 410 2392 575 2426; x_wconf 76' lang='lat' dir='ltr'>willelmi,</span> <span class='ocrx_word' id='word_1_222' title='bbox 592 2393 724 2427; x_wconf 85' lang='lat' dir='ltr'>ejusdem</span> <span class='ocrx_word' id='word_1_223' title='bbox 741 2393 797 2419; x_wconf 83' lang='lat' dir='ltr'>loci</span> <span class='ocrx_word' id='word_1_224' title='bbox 811 2392 947 2419; x_wconf 85' lang='lat' dir='ltr'>abbatem</span> <span class='ocrx_word' id='word_1_225' title='bbox 958 2414 964 2426; x_wconf 83' lang='lat'>‚</span> <span class='ocrx_word' id='word_1_226' title='bbox 983 2393 1020 2420; x_wconf 90' lang='lat' dir='ltr'>ad</span> <span class='ocrx_word' id='word_1_227' title='bbox 1035 2393 1168 2427; x_wconf 84' lang='lat' dir='ltr'>regimen</span> 
     </span>
     <span class='ocr_line' id='line_1_34' title="bbox 151 2440 1167 2481; baseline 0 -12"><span class='ocrx_word' id='word_1_228' title='bbox 151 2441 295 2481; x_wconf 31' lang='lat' dir='ltr'>,abbatiae</span> <span class='ocrx_word' id='word_1_229' title='bbox 310 2441 616 2469; x_wconf 82' lang='lat' dir='ltr'>Praemonstratensis</span> <span class='ocrx_word' id='word_1_230' title='bbox 627 2463 634 2474; x_wconf 85' lang='lat'>‚</span> <span class='ocrx_word' id='word_1_231' title='bbox 649 2441 762 2468; x_wconf 73' lang='lat' dir='ltr'>faciant</span> <span class='ocrx_word' id='word_1_232' title='bbox 780 2440 940 2468; x_wconf 84' lang='lat' dir='ltr'>observari.</span> <span class='ocrx_word' id='word_1_233' title='bbox 964 2456 995 2459; x_wconf 97' lang='lat'><strong>—</strong></span> <span class='ocrx_word' id='word_1_234' title='bbox 1014 2442 1101 2473; x_wconf 65' lang='lat' dir='ltr'>(Rea.</span> <span class='ocrx_word' id='word_1_235' title='bbox 1118 2442 1167 2475; x_wconf 87' lang='lat'>18,</span> 
     </span>
    </p>
   </div>
   <div class='ocr_carea' id='block_1_16' title="bbox 159 2490 583 2523">
    <p class='ocr_par' dir='ltr' id='par_1_16' title="bbox 159 2490 583 2523">
     <span class='ocr_line' id='line_1_35' title="bbox 159 2490 583 2523; baseline -0.005 -5"><span class='ocrx_word' id='word_1_236' title='bbox 159 2491 180 2518; x_wconf 80' lang='lat' dir='ltr'>f.</span> <span class='ocrx_word' id='word_1_237' title='bbox 197 2490 249 2518; x_wconf 80' lang='lat'>224</span> <span class='ocrx_word' id='word_1_238' title='bbox 264 2493 307 2523; x_wconf 81' lang='lat' dir='ltr'>r⁰;</span> <span class='ocrx_word' id='word_1_239' title='bbox 324 2498 394 2518; x_wconf 88' lang='lat' dir='ltr'>ann.</span> <span class='ocrx_word' id='word_1_240' title='bbox 411 2490 451 2523; x_wconf 82' lang='lat' dir='ltr'>X,</span> <span class='ocrx_word' id='word_1_241' title='bbox 466 2499 491 2517; x_wconf 90' lang='lat' dir='ltr'>c.</span> <span class='ocrx_word' id='word_1_242' title='bbox 508 2490 583 2521; x_wconf 88' lang='lat'>335.)</span> 
     </span>
    </p>
   </div>
   <div class='ocr_carea' id='block_1_17' title="bbox 157 2591 1170 2892">
    <p class='ocr_par' dir='ltr' id='par_1_17' title="bbox 157 2591 1170 2892">
     <span class='ocr_line' id='line_1_36' title="bbox 199 2591 1169 2626; baseline 0.002 -8"><span class='ocrx_word' id='word_1_243' title='bbox 199 2603 213 2618; x_wconf 74' lang='grc' dir='ltr'>α</span> <span class='ocrx_word' id='word_1_244' title='bbox 234 2614 251 2620; x_wconf 93' lang='grc'>..</span> <span class='ocrx_word' id='word_1_245' title='bbox 271 2592 422 2626; x_wconf 75' lang='lat' dir='ltr'>cistercii,</span> <span class='ocrx_word' id='word_1_246' title='bbox 443 2613 462 2620; x_wconf 93' lang='lat'>..</span> <span class='ocrx_word' id='word_1_247' title='bbox 487 2591 595 2621; x_wconf 75' lang='lat' dir='ltr'>Sancti</span> <span class='ocrx_word' id='word_1_248' title='bbox 609 2591 718 2620; x_wconf 74' lang='lat' dir='ltr'>chdoci</span> <span class='ocrx_word' id='word_1_249' title='bbox 737 2591 770 2619; x_wconf 80' lang='lat' dir='ltr'>in</span> <span class='ocrx_word' id='word_1_250' title='bbox 789 2591 914 2619; x_wconf 79' lang='lat' dir='ltr'>Nemore</span> <span class='ocrx_word' id='word_1_251' title='bbox 930 2596 956 2620; x_wconf 83' lang='lat' dir='ltr'>et</span> <span class='ocrx_word' id='word_1_252' title='bbox 975 2613 994 2619; x_wconf 89' lang='lat'>..</span> <span class='ocrx_word' id='word_1_253' title='bbox 1012 2591 1046 2620; x_wconf 84' lang='lat' dir='ltr'>de</span> <span class='ocrx_word' id='word_1_254' title='bbox 1063 2592 1169 2621; x_wconf 73' lang='lat' dir='ltr'>Car-to-</span> 
     </span>
     <span class='ocr_line' id='line_1_37' title="bbox 157 2643 1168 2679; baseline 0 -6"><span class='ocrx_word' id='word_1_255' title='bbox 157 2653 229 2674; x_wconf 83' lang='lat' dir='ltr'>voro</span> <span class='ocrx_word' id='word_1_256' title='bbox 239 2645 408 2679; x_wconf 80' lang='lat' dir='ltr'>abbatibus,</span> <span class='ocrx_word' id='word_1_257' title='bbox 425 2644 715 2673; x_wconf 77' lang='lat' dir='ltr'>Premonstratensis</span> <span class='ocrx_word' id='word_1_258' title='bbox 726 2643 856 2678; x_wconf 80' lang='lat' dir='ltr'>ordinis,</span> <span class='ocrx_word' id='word_1_259' title='bbox 871 2643 1087 2679; x_wconf 81' lang='lat' dir='ltr'>Cabilonensis,</span> <span class='ocrx_word' id='word_1_260' title='bbox 1099 2645 1168 2673; x_wconf 78' lang='lat' dir='ltr'>Am-</span> 
     </span>
     <span class='ocr_line' id='line_1_38' title="bbox 159 2695 1169 2727; baseline 0 -1"><span class='ocrx_word' id='word_1_261' title='bbox 159 2697 314 2727; x_wconf 73' lang='lat' dir='ltr'>bianensis</span> <span class='ocrx_word' id='word_1_262' title='bbox 331 2702 358 2726; x_wconf 81' lang='lat' dir='ltr'>et</span> <span class='ocrx_word' id='word_1_263' title='bbox 373 2697 598 2727; x_wconf 79' lang='lat' dir='ltr'>Suessionensis</span> <span class='ocrx_word' id='word_1_264' title='bbox 615 2697 779 2726; x_wconf 79' lang='lat' dir='ltr'>diocesum.</span> <span class='ocrx_word' id='word_1_265' title='bbox 799 2696 882 2726; x_wconf 89' lang='lat' dir='ltr'>Cum</span> <span class='ocrx_word' id='word_1_266' title='bbox 899 2695 994 2726; x_wconf 88' lang='lat' dir='ltr'>nobis</span> <span class='ocrx_word' id='word_1_267' title='bbox 1011 2696 1169 2727; x_wconf 83' lang='lat' dir='ltr'>eonstite-</span> 
     </span>
     <span class='ocr_line' id='line_1_39' title="bbox 158 2749 1169 2789; baseline -0.001 -9"><span class='ocrx_word' id='word_1_268' title='bbox 158 2749 204 2780; x_wconf 84' lang='lat' dir='ltr'>rit</span> <span class='ocrx_word' id='word_1_269' title='bbox 218 2750 405 2788; x_wconf 79' lang='lat' dir='ltr'>Hugonem,</span> <span class='ocrx_word' id='word_1_270' title='bbox 425 2750 592 2789; x_wconf 84' lang='lat' dir='ltr'>quondam</span> <span class='ocrx_word' id='word_1_271' title='bbox 607 2749 751 2788; x_wconf 88' lang='lat' dir='ltr'>priorem</span> <span class='ocrx_word' id='word_1_272' title='bbox 763 2750 1118 2785; x_wconf 79' lang='lat' dir='ltr'>Premonstratensem‚</span> <span class='ocrx_word' id='word_1_273' title='bbox 1133 2750 1169 2779; x_wconf 90' lang='lat' dir='ltr'>in</span> 
     </span>
     <span class='ocr_line' id='line_1_40' title="bbox 161 2803 1170 2833; baseline -0.001 0"><span class='ocrx_word' id='word_1_274' title='bbox 161 2803 294 2833; x_wconf 81' lang='lat' dir='ltr'>abbatia</span> <span class='ocrx_word' id='word_1_275' title='bbox 312 2803 615 2833; x_wconf 84' lang='lat' dir='ltr'>Premonstratensi</span> <span class='ocrx_word' id='word_1_276' title='bbox 629 2803 734 2833; x_wconf 87' lang='lat' dir='ltr'>fuisse</span> <span class='ocrx_word' id='word_1_277' title='bbox 746 2803 914 2832; x_wconf 86' lang='lat' dir='ltr'>intrusum</span> <span class='ocrx_word' id='word_1_278' title='bbox 928 2806 1041 2832; x_wconf 84' lang='lat' dir='ltr'>contra</span> <span class='ocrx_word' id='word_1_279' title='bbox 1053 2803 1106 2832; x_wconf 87' lang='lat' dir='ltr'>sui</span> <span class='ocrx_word' id='word_1_280' title='bbox 1116 2812 1170 2833; x_wconf 90' lang='lat' dir='ltr'>or-</span> 
     </span>
     <span class='ocr_line' id='line_1_41' title="bbox 159 2855 1169 2892; baseline -0.001 -7"><span class='ocrx_word' id='word_1_281' title='bbox 159 2855 249 2886; x_wconf 87' lang='lat' dir='ltr'>dinis</span> <span class='ocrx_word' id='word_1_282' title='bbox 260 2856 426 2892; x_wconf 84' lang='lat' dir='ltr'>instituta,</span> <span class='ocrx_word' id='word_1_283' title='bbox 437 2865 508 2891; x_wconf 84' lang='lat' dir='ltr'>nos,</span> <span class='ocrx_word' id='word_1_284' title='bbox 525 2856 564 2886; x_wconf 93' lang='lat' dir='ltr'>de</span> <span class='ocrx_word' id='word_1_285' title='bbox 580 2857 721 2886; x_wconf 84' lang='lat' dir='ltr'>fratrum</span> <span class='ocrx_word' id='word_1_286' title='bbox 736 2859 924 2885; x_wconf 81' lang='lat' dir='ltr'>nostrorum</span> <span class='ocrx_word' id='word_1_287' title='bbox 939 2855 1080 2885; x_wconf 87' lang='lat' dir='ltr'>consilio</span> <span class='ocrx_word' id='word_1_288' title='bbox 1094 2864 1169 2885; x_wconf 88' lang='lat' dir='ltr'>eum</span> 
     </span>
    </p>
   </div>
   <div class='ocr_carea' id='block_1_18' title="bbox 153 2981 384 3016">
    <p class='ocr_par' dir='ltr' id='par_1_18' title="bbox 153 2981 384 3016">
     <span class='ocr_line' id='line_1_42' title="bbox 153 2981 384 3016; baseline 0.013 -13"><span class='ocrx_word' id='word_1_289' title='bbox 153 3013 158 3016; x_wconf 78' lang='lat'>.</span> <span class='ocrx_word' id='word_1_290' title='bbox 195 2981 216 3004; x_wconf 83' lang='grc' dir='ltr'>ι.</span> <span class='ocrx_word' id='word_1_291' title='bbox 232 2983 282 3004; x_wconf 71' lang='lat' dir='ltr'>ms.</span> <span class='ocrx_word' id='word_1_292' title='bbox 300 2990 307 3005; x_wconf 91' lang='lat'>.-</span> <span class='ocrx_word' id='word_1_293' title='bbox 323 2981 384 3006; x_wconf 88' lang='lat' dir='ltr'>vn.</span> 
     </span>
    </p>
   </div>
   <div class='ocr_carea' id='block_1_19' title="bbox 283 3030 632 3069">
    <p class='ocr_par' dir='ltr' id='par_1_19' title="bbox 283 3030 632 3069">
     <span class='ocr_line' id='line_1_43' title="bbox 283 3030 632 3069; baseline 0 -7"><span class='ocrx_word' id='word_1_294' title='bbox 283 3030 471 3063; x_wconf 62' lang='lat' dir='ltr'>GRssGOIRE</span> <span class='ocrx_word' id='word_1_295' title='bbox 489 3038 540 3069; x_wconf 75' lang='lat' dir='ltr'>ix,</span> <span class='ocrx_word' id='word_1_296' title='bbox 559 3041 576 3062; x_wconf 88' lang='lat' dir='ltr'>t.</span> <span class='ocrx_word' id='word_1_297' title='bbox 597 3038 632 3062; x_wconf 91' lang='lat'>11.</span> 
     </span>
    </p>
   </div>
   <div class='ocr_carea' id='block_1_20' title="bbox 1240 385 2246 997">
    <p class='ocr_par' dir='ltr' id='par_1_20' title="bbox 1240 385 2246 997">
     <span class='ocr_line' id='line_1_44' title="bbox 1240 385 2244 420; baseline 0 -6"><span class='ocrx_word' id='word_1_298' title='bbox 1240 385 1317 415; x_wconf 90' lang='lat' dir='ltr'>inde</span> <span class='ocrx_word' id='word_1_299' title='bbox 1334 385 1578 415; x_wconf 79' lang='lat' dir='ltr'>sententialiter</span> <span class='ocrx_word' id='word_1_300' title='bbox 1594 390 1794 420; x_wconf 64' lang='lat' dir='ltr'>amoventes,</span> <span class='ocrx_word' id='word_1_301' title='bbox 1813 390 1842 415; x_wconf 74' lang='lat' dir='ltr'>et</span> <span class='ocrx_word' id='word_1_302' title='bbox 1862 385 2018 415; x_wconf 79' lang='lat' dir='ltr'>dilectum</span> <span class='ocrx_word' id='word_1_303' title='bbox 2036 385 2141 415; x_wconf 85' lang='lat' dir='ltr'>filium</span> <span class='ocrx_word' id='word_1_304' title='bbox 2156 385 2244 415; x_wconf 88' lang='lat' dir='ltr'>Wil-</span> 
     </span>
     <span class='ocr_line' id='line_1_45' title="bbox 1240 437 2242 477; baseline 0 -11"><span class='ocrx_word' id='word_1_305' title='bbox 1240 437 1387 471; x_wconf 78' lang='lat' dir='ltr'>lelmum,</span> <span class='ocrx_word' id='word_1_306' title='bbox 1409 438 1554 477; x_wconf 79' lang='lat' dir='ltr'>ejusdem</span> <span class='ocrx_word' id='word_1_307' title='bbox 1579 437 1642 467; x_wconf 83' lang='lat' dir='ltr'>loci</span> <span class='ocrx_word' id='word_1_308' title='bbox 1665 437 1827 467; x_wconf 80' lang='lat' dir='ltr'>abbatem.</span> <span class='ocrx_word' id='word_1_309' title='bbox 1847 437 2060 468; x_wconf 79' lang='lat' dir='ltr'>restituentes</span> <span class='ocrx_word' id='word_1_310' title='bbox 2079 437 2119 466; x_wconf 87' lang='lat' dir='ltr'>ad</span> <span class='ocrx_word' id='word_1_311' title='bbox 2139 437 2242 470; x_wconf 81' lang='lat' dir='ltr'>illam,</span> 
     </span>
     <span class='ocr_line' id='line_1_46' title="bbox 1241 490 2243 528; baseline 0 -9"><span class='ocrx_word' id='word_1_312' title='bbox 1241 490 1401 528; x_wconf 87' lang='lat' dir='ltr'>quicquid</span> <span class='ocrx_word' id='word_1_313' title='bbox 1425 499 1482 528; x_wconf 89' lang='lat' dir='ltr'>pro</span> <span class='ocrx_word' id='word_1_314' title='bbox 1504 490 1620 520; x_wconf 79' lang='lat' dir='ltr'>abbate</span> <span class='ocrx_word' id='word_1_315' title='bbox 1643 490 1744 527; x_wconf 81' lang='lat' dir='ltr'>gessit</span> <span class='ocrx_word' id='word_1_316' title='bbox 1768 490 1915 527; x_wconf 85' lang='lat' dir='ltr'>prefatus</span> <span class='ocrx_word' id='word_1_317' title='bbox 1938 490 2087 519; x_wconf 87' lang='lat' dir='ltr'>intrusus</span> <span class='ocrx_word' id='word_1_318' title='bbox 2111 490 2243 519; x_wconf 85' lang='lat' dir='ltr'>irritum</span> 
     </span>
     <span class='ocr_line' id='line_1_47' title="bbox 1242 542 2244 581; baseline -0.001 -9"><span class='ocrx_word' id='word_1_319' title='bbox 1242 542 1449 572; x_wconf 79' lang='lat' dir='ltr'>decrevimus</span> <span class='ocrx_word' id='word_1_320' title='bbox 1463 546 1493 572; x_wconf 82' lang='lat' dir='ltr'>et</span> <span class='ocrx_word' id='word_1_321' title='bbox 1509 543 1620 572; x_wconf 81' lang='lat' dir='ltr'>inane.</span> <span class='ocrx_word' id='word_1_322' title='bbox 1639 551 1721 580; x_wconf 85' lang='lat' dir='ltr'>pena</span> <span class='ocrx_word' id='word_1_323' title='bbox 1739 542 1801 580; x_wconf 84' lang='lat' dir='ltr'>ipsi</span> <span class='ocrx_word' id='word_1_324' title='bbox 1819 547 1848 572; x_wconf 83' lang='lat' dir='ltr'>et</span> <span class='ocrx_word' id='word_1_325' title='bbox 1865 543 1934 571; x_wconf 78' lang='lat' dir='ltr'>suis</span> <span class='ocrx_word' id='word_1_326' title='bbox 1956 542 2171 581; x_wconf 87' lang='lat' dir='ltr'>complicibus</span> <span class='ocrx_word' id='word_1_327' title='bbox 2193 543 2244 571; x_wconf 92' lang='lat' dir='ltr'>in-</span> 
     </span>
     <span class='ocr_line' id='line_1_48' title="bbox 1241 595 2245 634; baseline 0 -10"><span class='ocrx_word' id='word_1_328' title='bbox 1241 595 1383 632; x_wconf 82' lang='lat' dir='ltr'>fligenda</span> <span class='ocrx_word' id='word_1_329' title='bbox 1395 595 1576 625; x_wconf 85' lang='lat' dir='ltr'>secundum</span> <span class='ocrx_word' id='word_1_330' title='bbox 1590 599 1710 625; x_wconf 84' lang='lat' dir='ltr'>statuta</span> <span class='ocrx_word' id='word_1_331' title='bbox 1728 595 1855 624; x_wconf 83' lang='lat' dir='ltr'>ordinis</span> <span class='ocrx_word' id='word_1_332' title='bbox 1867 595 2049 625; x_wconf 83' lang='lat' dir='ltr'>memorati.</span> <span class='ocrx_word' id='word_1_333' title='bbox 2065 596 2245 634; x_wconf 86' lang='lat' dir='ltr'>Postquam</span> 
     </span>
     <span class='ocr_line' id='line_1_49' title="bbox 1242 647 2245 687; baseline 0 -10"><span class='ocrx_word' id='word_1_334' title='bbox 1242 657 1319 678; x_wconf 87' lang='lat' dir='ltr'>vero</span> <span class='ocrx_word' id='word_1_335' title='bbox 1335 648 1422 678; x_wconf 86' lang='lat' dir='ltr'>idem</span> <span class='ocrx_word' id='word_1_336' title='bbox 1437 649 1492 677; x_wconf 88' lang='lat' dir='ltr'>W.</span> <span class='ocrx_word' id='word_1_337' title='bbox 1517 647 1647 686; x_wconf 87' lang='lat' dir='ltr'>plenam</span> <span class='ocrx_word' id='word_1_338' title='bbox 1672 648 1917 678; x_wconf 78' lang='lat' dir='ltr'>restitutionem</span> <span class='ocrx_word' id='word_1_339' title='bbox 1934 648 2098 683; x_wconf 77' lang='lat' dir='ltr'>habuerit.</span> <span class='ocrx_word' id='word_1_340' title='bbox 2119 648 2146 678; x_wconf 89' lang='lat' dir='ltr'>si</span> <span class='ocrx_word' id='word_1_341' title='bbox 2170 648 2245 687; x_wconf 84' lang='lat' dir='ltr'>quis</span> 
     </span>
     <span class='ocr_line' id='line_1_50' title="bbox 1243 700 2243 738; baseline -0.003 -7"><span class='ocrx_word' id='word_1_342' title='bbox 1243 701 1272 731; x_wconf 87' lang='lat' dir='ltr'>ei</span> <span class='ocrx_word' id='word_1_343' title='bbox 1291 709 1390 738; x_wconf 85' lang='lat' dir='ltr'>super</span> <span class='ocrx_word' id='word_1_344' title='bbox 1411 700 1524 730; x_wconf 85' lang='lat' dir='ltr'>eadem</span> <span class='ocrx_word' id='word_1_345' title='bbox 1548 700 1678 730; x_wconf 84' lang='lat' dir='ltr'>abbatia</span> <span class='ocrx_word' id='word_1_346' title='bbox 1704 709 1834 729; x_wconf 77' lang='lat' dir='ltr'>movere</span> <span class='ocrx_word' id='word_1_347' title='bbox 1858 700 1999 730; x_wconf 80' lang='lat' dir='ltr'>voluerit</span> <span class='ocrx_word' id='word_1_348' title='bbox 2024 700 2243 738; x_wconf 72' lang='lat' dir='ltr'>questionem,</span> 
     </span>
     <span class='ocr_line' id='line_1_51' title="bbox 1244 752 2246 791; baseline -0.003 -8"><span class='ocrx_word' id='word_1_349' title='bbox 1244 762 1315 783; x_wconf 84' lang='lat' dir='ltr'>eam</span> <span class='ocrx_word' id='word_1_350' title='bbox 1335 753 1374 782; x_wconf 86' lang='lat' dir='ltr'>ad</span> <span class='ocrx_word' id='word_1_351' title='bbox 1391 762 1527 783; x_wconf 75' lang='lat' dir='ltr'>examen</span> <span class='ocrx_word' id='word_1_352' title='bbox 1548 752 1643 783; x_wconf 80' lang='lat' dir='ltr'>Sedis</span> <span class='ocrx_word' id='word_1_353' title='bbox 1666 752 1854 791; x_wconf 78' lang='lat' dir='ltr'>Apostolice</span> <span class='ocrx_word' id='word_1_354' title='bbox 1878 752 2081 790; x_wconf 78' lang='lat' dir='ltr'>providimus</span> <span class='ocrx_word' id='word_1_355' title='bbox 2098 752 2246 781; x_wconf 84' lang='lat' dir='ltr'>referen-</span> 
     </span>
     <span class='ocr_line' id='line_1_52' title="bbox 1243 805 2245 844; baseline -0.002 -9"><span class='ocrx_word' id='word_1_356' title='bbox 1243 806 1329 835; x_wconf 86' lang='lat' dir='ltr'>dam.</span> <span class='ocrx_word' id='word_1_357' title='bbox 1347 805 1489 844; x_wconf 80' lang='lat' dir='ltr'>Ideoque</span> <span class='ocrx_word' id='word_1_358' title='bbox 1500 805 1695 835; x_wconf 83' lang='lat' dir='ltr'>mandamus</span> <span class='ocrx_word' id='word_1_359' title='bbox 1705 810 1869 844; x_wconf 72' lang='lat' dir='ltr'>quatenus</span> <span class='ocrx_word' id='word_1_360' title='bbox 1882 805 2082 834; x_wconf 78' lang='lat' dir='ltr'>sententiam</span> <span class='ocrx_word' id='word_1_361' title='bbox 2099 808 2245 833; x_wconf 87' lang='lat' dir='ltr'>nostram</span> 
     </span>
     <span class='ocr_line' id='line_1_53' title="bbox 1242 857 2246 896; baseline -0.001 -9"><span class='ocrx_word' id='word_1_362' title='bbox 1242 858 1374 887; x_wconf 82' lang='lat' dir='ltr'>faciatis</span> <span class='ocrx_word' id='word_1_363' title='bbox 1395 867 1452 896; x_wconf 82' lang='lat' dir='ltr'>per</span> <span class='ocrx_word' id='word_1_364' title='bbox 1469 866 1642 887; x_wconf 70' lang='lat' dir='ltr'>censuram</span> <span class='ocrx_word' id='word_1_365' title='bbox 1661 857 1932 887; x_wconf 72' lang='lat' dir='ltr'>ecrlesiasticam.</span> <span class='ocrx_word' id='word_1_366' title='bbox 1958 857 2177 895; x_wconf 69' lang='lat' dir='ltr'>appellatione</span> <span class='ocrx_word' id='word_1_367' title='bbox 2194 865 2246 886; x_wconf 87' lang='lat' dir='ltr'>re-</span> 
     </span>
     <span class='ocr_line' id='line_1_54' title="bbox 1243 910 2243 946; baseline -0.002 -7"><span class='ocrx_word' id='word_1_368' title='bbox 1243 915 1341 941; x_wconf 78' lang='lat' dir='ltr'>mota.</span> <span class='ocrx_word' id='word_1_369' title='bbox 1367 910 1506 939; x_wconf 79' lang='lat' dir='ltr'>firmiter</span> <span class='ocrx_word' id='word_1_370' title='bbox 1532 910 1712 940; x_wconf 76' lang='lat' dir='ltr'>observari.</span> <span class='ocrx_word' id='word_1_371' title='bbox 1733 910 1825 946; x_wconf 87' lang='lat' dir='ltr'>Quod</span> <span class='ocrx_word' id='word_1_372' title='bbox 1849 911 1876 939; x_wconf 89' lang='lat' dir='ltr'>si</span> <span class='ocrx_word' id='word_1_373' title='bbox 1899 918 1964 939; x_wconf 92' lang='lat' dir='ltr'>non</span> <span class='ocrx_word' id='word_1_374' title='bbox 1987 918 2101 939; x_wconf 79' lang='lat' dir='ltr'>omnes</span> <span class='ocrx_word' id='word_1_375' title='bbox 2118 914 2177 939; x_wconf 88' lang='lat' dir='ltr'>etc.</span> <span class='ocrx_word' id='word_1_376' title='bbox 2196 926 2243 937; x_wconf 91' lang='lat'>—.</span> 
     </span>
     <span class='ocr_line' id='line_1_55' title="bbox 1244 962 2205 997; baseline -0.005 -4"><span class='ocrx_word' id='word_1_377' title='bbox 1244 965 1317 993; x_wconf 84' lang='lat' dir='ltr'>Dat.</span> <span class='ocrx_word' id='word_1_378' title='bbox 1336 965 1536 997; x_wconf 81' lang='lat' dir='ltr'>Interamne,</span> <span class='ocrx_word' id='word_1_379' title='bbox 1556 964 1637 993; x_wconf 70' lang='lat' dir='ltr'>VIII</span> <span class='ocrx_word' id='word_1_380' title='bbox 1654 963 1728 992; x_wconf 72' lang='lat' dir='ltr'>idus</span> <span class='ocrx_word' id='word_1_381' title='bbox 1745 963 1916 997; x_wconf 74' lang='lat' dir='ltr'>februarii.</span> <span class='ocrx_word' id='word_1_382' title='bbox 1932 971 2018 992; x_wconf 86' lang='lat' dir='ltr'>anno</span> <span class='ocrx_word' id='word_1_383' title='bbox 2035 962 2172 991; x_wconf 74' lang='lat' dir='ltr'>decimo.</span> <span class='ocrx_word' id='word_1_384' title='bbox 2193 974 2205 988; x_wconf 67' lang='grc' dir='ltr'><strong><em>η</em></strong></span> 
     </span>
    </p>
   </div>
   <div class='ocr_carea' id='block_1_21' title="bbox 1314 1141 1430 1168">
    <p class='ocr_par' dir='ltr' id='par_1_21' title="bbox 1314 1141 1430 1168">
     <span class='ocr_line' id='line_1_56' title="bbox 1314 1141 1430 1168; baseline 0 0"><span class='ocrx_word' id='word_1_385' title='bbox 1314 1141 1430 1168; x_wconf 63' lang='grc' dir='ltr'>34ἵ2</span> 
     </span>
    </p>
   </div>
   <div class='ocr_carea' id='block_1_22' title="bbox 1243 1200 2252 1432">
    <p class='ocr_par' dir='ltr' id='par_1_22' title="bbox 1243 1200 2252 1432">
     <span class='ocr_line' id='line_1_57' title="bbox 1279 1200 2249 1238; baseline -0.003 -8"><span class='ocrx_word' id='word_1_386' title='bbox 1279 1203 1424 1238; x_wconf 86' lang='lat' dir='ltr'>Episcopo</span> <span class='ocrx_word' id='word_1_387' title='bbox 1436 1202 1576 1237; x_wconf 89' lang='lat' dir='ltr'>Papiensi</span> <span class='ocrx_word' id='word_1_388' title='bbox 1591 1202 1726 1229; x_wconf 86' lang='lat' dir='ltr'>concedit</span> <span class='ocrx_word' id='word_1_389' title='bbox 1737 1204 1779 1233; x_wconf 69' lang='lat' dir='ltr'>ut,</span> <span class='ocrx_word' id='word_1_390' title='bbox 1795 1216 1826 1219; x_wconf 88' lang='lat'><em>-</em></span> <span class='ocrx_word' id='word_1_391' title='bbox 1841 1210 1907 1227; x_wconf 87' lang='lat' dir='ltr'>eum</span> <span class='ocrx_word' id='word_1_392' title='bbox 1920 1201 2062 1228; x_wconf 82' lang='lat' dir='ltr'>moniales</span> <span class='ocrx_word' id='word_1_393' title='bbox 2074 1200 2249 1227; x_wconf 80' lang='lat' dir='ltr'>Monasterii</span> 
     </span>
     <span class='ocr_line' id='line_1_58' title="bbox 1243 1248 2249 1285; baseline -0.003 -7"><span class='ocrx_word' id='word_1_394' title='bbox 1243 1251 1361 1278; x_wconf 85' lang='lat' dir='ltr'>Veteris</span> <span class='ocrx_word' id='word_1_395' title='bbox 1373 1251 1539 1285; x_wconf 73' lang='lat' dir='ltr'>Papiensis⁷</span> <span class='ocrx_word' id='word_1_396' title='bbox 1551 1251 1588 1277; x_wconf 88' lang='lat' dir='ltr'>ad</span> <span class='ocrx_word' id='word_1_397' title='bbox 1601 1250 1698 1284; x_wconf 85' lang='lat' dir='ltr'>ipsum</span> <span class='ocrx_word' id='word_1_398' title='bbox 1710 1250 1879 1284; x_wconf 76' lang='lat' dir='ltr'>episcopum</span> <span class='ocrx_word' id='word_1_399' title='bbox 1895 1249 2068 1276; x_wconf 86' lang='lat' dir='ltr'>immediate</span> <span class='ocrx_word' id='word_1_400' title='bbox 2077 1248 2249 1282; x_wconf 86' lang='lat' dir='ltr'>spectantis,</span> 
     </span>
     <span class='ocr_line' id='line_1_59' title="bbox 1244 1297 2250 1335; baseline -0.004 -8"><span class='ocrx_word' id='word_1_401' title='bbox 1244 1303 1362 1335; x_wconf 89' lang='lat' dir='ltr'>propter</span> <span class='ocrx_word' id='word_1_402' title='bbox 1387 1300 1529 1326; x_wconf 87' lang='lat' dir='ltr'>laieorum</span> <span class='ocrx_word' id='word_1_403' title='bbox 1550 1307 1739 1331; x_wconf 79' lang='lat' dir='ltr'>concursum,</span> <span class='ocrx_word' id='word_1_404' title='bbox 1763 1298 1798 1324; x_wconf 88' lang='lat' dir='ltr'>de</span> <span class='ocrx_word' id='word_1_405' title='bbox 1823 1297 1954 1325; x_wconf 89' lang='lat' dir='ltr'>tabernis</span> <span class='ocrx_word' id='word_1_406' title='bbox 1972 1297 2029 1324; x_wconf 83' lang='lat' dir='ltr'>sibi</span> <span class='ocrx_word' id='word_1_407' title='bbox 2049 1297 2158 1323; x_wconf 78' lang='lat' dir='ltr'>vicinis</span> <span class='ocrx_word' id='word_1_408' title='bbox 2181 1305 2250 1323; x_wconf 88' lang='lat' dir='ltr'>con-</span> 
     </span>
     <span class='ocr_line' id='line_1_60' title="bbox 1244 1346 2250 1380; baseline -0.005 -4"><span class='ocrx_word' id='word_1_409' title='bbox 1244 1349 1400 1376; x_wconf 88' lang='lat' dir='ltr'>fluentium</span> <span class='ocrx_word' id='word_1_410' title='bbox 1416 1348 1453 1375; x_wconf 89' lang='lat' dir='ltr'>ad</span> <span class='ocrx_word' id='word_1_411' title='bbox 1471 1348 1587 1375; x_wconf 85' lang='lat' dir='ltr'>easdem</span> <span class='ocrx_word' id='word_1_412' title='bbox 1598 1369 1604 1380; x_wconf 73' lang='grc'>,</span> <span class='ocrx_word' id='word_1_413' title='bbox 1625 1348 1719 1374; x_wconf 73' lang='lat' dir='ltr'>vitam</span> <span class='ocrx_word' id='word_1_414' title='bbox 1736 1347 1877 1373; x_wconf 88' lang='lat' dir='ltr'>ducerent</span> <span class='ocrx_word' id='word_1_415' title='bbox 1899 1346 2058 1372; x_wconf 84' lang='lat' dir='ltr'>admodum</span> <span class='ocrx_word' id='word_1_416' title='bbox 2075 1346 2250 1372; x_wconf 77' lang='lat' dir='ltr'>dissolutam</span> 
     </span>
     <span class='ocr_line' id='line_1_61' title="bbox 1244 1393 2252 1432; baseline -0.005 -8"><span class='ocrx_word' id='word_1_417' title='bbox 1244 1400 1272 1425; x_wconf 88' lang='lat' dir='ltr'>et</span> <span class='ocrx_word' id='word_1_418' title='bbox 1288 1397 1419 1432; x_wconf 84' lang='lat' dir='ltr'>pericula</span> <span class='ocrx_word' id='word_1_419' title='bbox 1435 1397 1548 1423; x_wconf 72' lang='lat' dir='ltr'>evitare</span> <span class='ocrx_word' id='word_1_420' title='bbox 1562 1396 1719 1430; x_wconf 81' lang='lat' dir='ltr'>nequirent</span> <span class='ocrx_word' id='word_1_421' title='bbox 1732 1395 1899 1422; x_wconf 87' lang='lat' dir='ltr'>animarum</span> <span class='ocrx_word' id='word_1_422' title='bbox 1910 1416 1916 1426; x_wconf 81' lang='lat'>‚</span> <span class='ocrx_word' id='word_1_423' title='bbox 1934 1409 1965 1412; x_wconf 97' lang='lat'><strong>—</strong></span> <span class='ocrx_word' id='word_1_424' title='bbox 1982 1394 2092 1420; x_wconf 82' lang='lat' dir='ltr'>eisdem</span> <span class='ocrx_word' id='word_1_425' title='bbox 2112 1393 2252 1420; x_wconf 82' lang='lat' dir='ltr'>moniali-</span> 
     </span>
    </p>
   </div>
   <div class='ocr_carea' id='block_1_23' title="bbox 1832 1138 2176 1171">
    <p class='ocr_par' dir='ltr' id='par_1_23' title="bbox 1832 1138 2176 1171">
     <span class='ocr_line' id='line_1_62' title="bbox 1832 1138 2176 1171; baseline -0.003 -6"><span class='ocrx_word' id='word_1_426' title='bbox 1832 1139 1931 1171; x_wconf 66' lang='lat' dir='ltr'>Terni,</span> <span class='ocrx_word' id='word_1_427' title='bbox 1948 1139 1963 1165; x_wconf 71' lang='lat'>4</span> <span class='ocrx_word' id='word_1_428' title='bbox 1978 1139 2085 1165; x_wconf 71' lang='lat' dir='ltr'>tevrier</span> <span class='ocrx_word' id='word_1_429' title='bbox 2098 1138 2176 1165; x_wconf 70' lang='lat'>1237.</span> 
     </span>
    </p>
   </div>
   <div class='ocr_carea' id='block_1_24' title="bbox 1244 1441 2251 1624">
    <p class='ocr_par' dir='ltr' id='par_1_24' title="bbox 1244 1441 2251 1624">
     <span class='ocr_line' id='line_1_63' title="bbox 1244 1441 2251 1475; baseline -0.006 -2"><span class='ocrx_word' id='word_1_430' title='bbox 1244 1446 1298 1473; x_wconf 91' lang='lat' dir='ltr'>bus</span> <span class='ocrx_word' id='word_1_431' title='bbox 1319 1446 1350 1472; x_wconf 91' lang='lat' dir='ltr'>in</span> <span class='ocrx_word' id='word_1_432' title='bbox 1370 1445 1438 1472; x_wconf 87' lang='lat' dir='ltr'>aliis</span> <span class='ocrx_word' id='word_1_433' title='bbox 1460 1444 1647 1471; x_wconf 88' lang='lat' dir='ltr'>monasteriis</span> <span class='ocrx_word' id='word_1_434' title='bbox 1667 1444 1712 1470; x_wconf 90' lang='lat' dir='ltr'>sui</span> <span class='ocrx_word' id='word_1_435' title='bbox 1728 1443 1840 1470; x_wconf 85' lang='lat' dir='ltr'>ordinis</span> <span class='ocrx_word' id='word_1_436' title='bbox 1861 1443 2023 1475; x_wconf 71' lang='lat' dir='ltr'>collocatis,</span> <span class='ocrx_word' id='word_1_437' title='bbox 2039 1441 2251 1468; x_wconf 87' lang='lat' dir='ltr'>monasterium</span> 
     </span>
     <span class='ocr_line' id='line_1_64' title="bbox 1245 1490 2251 1528; baseline -0.006 -7"><span class='ocrx_word' id='word_1_438' title='bbox 1245 1494 1281 1521; x_wconf 88' lang='lat' dir='ltr'>de</span> <span class='ocrx_word' id='word_1_439' title='bbox 1294 1494 1477 1528; x_wconf 81' lang='lat' dir='ltr'>regularibus</span> <span class='ocrx_word' id='word_1_440' title='bbox 1493 1493 1635 1528; x_wconf 85' lang='lat' dir='ltr'>personis,</span> <span class='ocrx_word' id='word_1_441' title='bbox 1650 1492 1675 1519; x_wconf 94' lang='lat' dir='ltr'>si</span> <span class='ocrx_word' id='word_1_442' title='bbox 1689 1492 1796 1527; x_wconf 84' lang='lat' dir='ltr'>poterit</span> <span class='ocrx_word' id='word_1_443' title='bbox 1815 1491 1878 1518; x_wconf 85' lang='lat' dir='ltr'>fieri</span> <span class='ocrx_word' id='word_1_444' title='bbox 1888 1513 1894 1523; x_wconf 77' lang='grc'>,</span> <span class='ocrx_word' id='word_1_445' title='bbox 1909 1491 2057 1525; x_wconf 71' lang='lat' dir='ltr'>alioquin,</span> <span class='ocrx_word' id='word_1_446' title='bbox 2075 1490 2099 1516; x_wconf 85' lang='lat' dir='ltr'>si</span> <span class='ocrx_word' id='word_1_447' title='bbox 2115 1490 2251 1523; x_wconf 81' lang='lat' dir='ltr'>religioni</span> 
     </span>
     <span class='ocr_line' id='line_1_65' title="bbox 1246 1539 2251 1581; baseline -0.006 -11"><span class='ocrx_word' id='word_1_448' title='bbox 1246 1551 1303 1581; x_wconf 83' lang='lat' dir='ltr'>non</span> <span class='ocrx_word' id='word_1_449' title='bbox 1318 1545 1393 1569; x_wconf 85' lang='lat' dir='ltr'>esset</span> <span class='ocrx_word' id='word_1_450' title='bbox 1403 1545 1518 1577; x_wconf 83' lang='lat' dir='ltr'>aptum,</span> <span class='ocrx_word' id='word_1_451' title='bbox 1529 1542 1565 1568; x_wconf 91' lang='lat' dir='ltr'>de</span> <span class='ocrx_word' id='word_1_452' title='bbox 1576 1541 1776 1568; x_wconf 87' lang='lat' dir='ltr'>saecularibus</span> <span class='ocrx_word' id='word_1_453' title='bbox 1790 1539 1941 1567; x_wconf 80' lang='lat' dir='ltr'>canonicis</span> <span class='ocrx_word' id='word_1_454' title='bbox 1952 1540 2051 1566; x_wconf 79' lang='lat' dir='ltr'>valeat</span> <span class='ocrx_word' id='word_1_455' title='bbox 2062 1539 2208 1565; x_wconf 87' lang='lat' dir='ltr'>ordinare.</span> <span class='ocrx_word' id='word_1_456' title='bbox 2220 1552 2251 1556; x_wconf 95' lang='lat'>—</span> 
     </span>
     <span class='ocr_line' id='line_1_66' title="bbox 1247 1589 1829 1624; baseline -0.005 -6"><span class='ocrx_word' id='word_1_457' title='bbox 1247 1592 1334 1624; x_wconf 62' lang='lat' dir='ltr'>(Rae.</span> <span class='ocrx_word' id='word_1_458' title='bbox 1347 1591 1392 1624; x_wconf 83' lang='lat'>18,</span> <span class='ocrx_word' id='word_1_459' title='bbox 1406 1592 1426 1617; x_wconf 82' lang='lat' dir='ltr'>f.</span> <span class='ocrx_word' id='word_1_460' title='bbox 1443 1590 1494 1617; x_wconf 77' lang='lat'>224</span> <span class='ocrx_word' id='word_1_461' title='bbox 1510 1593 1554 1622; x_wconf 73' lang='lat' dir='ltr'>v⁰;</span> <span class='ocrx_word' id='word_1_462' title='bbox 1571 1598 1641 1617; x_wconf 85' lang='lat' dir='ltr'>ann.</span> <span class='ocrx_word' id='word_1_463' title='bbox 1658 1590 1698 1622; x_wconf 87' lang='lat' dir='ltr'>X,</span> <span class='ocrx_word' id='word_1_464' title='bbox 1713 1598 1737 1616; x_wconf 87' lang='lat' dir='ltr'>c.</span> <span class='ocrx_word' id='word_1_465' title='bbox 1755 1589 1829 1619; x_wconf 88' lang='grc'>336.)</span> 
     </span>
    </p>
   </div>
   <div class='ocr_carea' id='block_1_25' title="bbox 1248 1688 2254 1779">
    <p class='ocr_par' dir='ltr' id='par_1_25' title="bbox 1248 1688 2254 1779">
     <span class='ocr_line' id='line_1_67' title="bbox 1288 1688 2254 1729; baseline -0.005 -8"><span class='ocrx_word' id='word_1_466' title='bbox 1288 1701 1302 1721; x_wconf 75' lang='lat' dir='ltr'>&lt;t</span> <span class='ocrx_word' id='word_1_467' title='bbox 1323 1715 1342 1720; x_wconf 94' lang='lat'>..</span> <span class='ocrx_word' id='word_1_468' title='bbox 1366 1693 1501 1729; x_wconf 79' lang='lat' dir='ltr'>episeopo</span> <span class='ocrx_word' id='word_1_469' title='bbox 1527 1691 1680 1728; x_wconf 75' lang='lat' dir='ltr'>Papiensi.</span> <span class='ocrx_word' id='word_1_470' title='bbox 1708 1690 1782 1719; x_wconf 82' lang='lat' dir='ltr'>Non</span> <span class='ocrx_word' id='word_1_471' title='bbox 1806 1689 1913 1718; x_wconf 80' lang='lat' dir='ltr'>credis</span> <span class='ocrx_word' id='word_1_472' title='bbox 1939 1692 1973 1717; x_wconf 90' lang='lat' dir='ltr'>ut</span> <span class='ocrx_word' id='word_1_473' title='bbox 1995 1705 2044 1716; x_wconf 93' lang='lat'>——.</span> <span class='ocrx_word' id='word_1_474' title='bbox 2069 1688 2142 1717; x_wconf 84' lang='lat' dir='ltr'>Dat.</span> <span class='ocrx_word' id='word_1_475' title='bbox 2165 1688 2254 1717; x_wconf 89' lang='lat' dir='ltr'>Inte-</span> 
     </span>
     <span class='ocr_line' id='line_1_68' title="bbox 1248 1741 2034 1779; baseline -0.006 -5"><span class='ocrx_word' id='word_1_476' title='bbox 1248 1754 1372 1779; x_wconf 73' lang='lat' dir='ltr'>ramne,</span> <span class='ocrx_word' id='word_1_477' title='bbox 1394 1745 1426 1774; x_wconf 94' lang='lat' dir='ltr'>II</span> <span class='ocrx_word' id='word_1_478' title='bbox 1443 1752 1548 1773; x_wconf 84' lang='lat' dir='ltr'>nonas</span> <span class='ocrx_word' id='word_1_479' title='bbox 1564 1743 1736 1778; x_wconf 84' lang='lat' dir='ltr'>februarii,</span> <span class='ocrx_word' id='word_1_480' title='bbox 1757 1751 1844 1772; x_wconf 88' lang='lat' dir='ltr'>anno</span> <span class='ocrx_word' id='word_1_481' title='bbox 1862 1741 1999 1771; x_wconf 86' lang='lat' dir='ltr'>decimo.</span> <span class='ocrx_word' id='word_1_482' title='bbox 2023 1754 2034 1767; x_wconf 68' lang='grc' dir='ltr'>υ</span> 
     </span>
    </p>
   </div>
   <div class='ocr_carea' id='block_1_26' title="bbox 1319 1921 1436 1949">
    <p class='ocr_par' dir='ltr' id='par_1_26' title="bbox 1319 1921 1436 1949">
     <span class='ocr_line' id='line_1_69' title="bbox 1319 1921 1436 1949; baseline -0.009 0"><span class='ocrx_word' id='word_1_483' title='bbox 1319 1921 1436 1949; x_wconf 61' lang='grc' dir='ltr'>34ἵ3</span> 
     </span>
    </p>
   </div>
   <div class='ocr_carea' id='block_1_27' title="bbox 1249 1979 2256 2208">
    <p class='ocr_par' dir='ltr' id='par_1_27' title="bbox 1249 1979 2256 2208">
     <span class='ocr_line' id='line_1_70' title="bbox 1283 1979 2255 2016; baseline -0.004 -7"><span class='ocrx_word' id='word_1_484' title='bbox 1283 1983 1455 2014; x_wconf 59' lang='grc' dir='ltr'>ΧΥῘΙΙΕΙῙΠΟ,</span> <span class='ocrx_word' id='word_1_485' title='bbox 1486 1981 1667 2016; x_wconf 86' lang='lat' dir='ltr'>procuratori</span> <span class='ocrx_word' id='word_1_486' title='bbox 1696 1980 1922 2008; x_wconf 86' lang='lat' dir='ltr'>Terraconensis</span> <span class='ocrx_word' id='word_1_487' title='bbox 1949 1980 2104 2007; x_wconf 82' lang='lat' dir='ltr'>ecelesiae.</span> <span class='ocrx_word' id='word_1_488' title='bbox 2133 1979 2255 2005; x_wconf 84' lang='lat' dir='ltr'>mandat</span> 
     </span>
     <span class='ocr_line' id='line_1_71' title="bbox 1249 2027 2255 2066; baseline -0.005 -8"><span class='ocrx_word' id='word_1_489' title='bbox 1249 2035 1394 2066; x_wconf 86' lang='lat' dir='ltr'>quatenus</span> <span class='ocrx_word' id='word_1_490' title='bbox 1421 2039 1521 2057; x_wconf 84' lang='lat' dir='ltr'>curam</span> <span class='ocrx_word' id='word_1_491' title='bbox 1547 2029 1772 2057; x_wconf 81' lang='lat' dir='ltr'>Terraconensis</span> <span class='ocrx_word' id='word_1_492' title='bbox 1800 2029 1941 2055; x_wconf 80' lang='lat' dir='ltr'>ecclesiae</span> <span class='ocrx_word' id='word_1_493' title='bbox 1970 2028 2000 2054; x_wconf 93' lang='lat' dir='ltr'>in</span> <span class='ocrx_word' id='word_1_494' title='bbox 2026 2036 2131 2054; x_wconf 87' lang='lat' dir='ltr'>manus</span> <span class='ocrx_word' id='word_1_495' title='bbox 2156 2027 2255 2054; x_wconf 79' lang='lat' dir='ltr'>fratris</span> 
     </span>
     <span class='ocr_line' id='line_1_72' title="bbox 1250 2075 2254 2112; baseline -0.005 -6"><span class='ocrx_word' id='word_1_496' title='bbox 1250 2079 1424 2112; x_wconf 84' lang='lat' dir='ltr'>Raimundi,</span> <span class='ocrx_word' id='word_1_497' title='bbox 1441 2078 1534 2112; x_wconf 83' lang='lat' dir='ltr'>ipsius</span> <span class='ocrx_word' id='word_1_498' title='bbox 1550 2086 1643 2112; x_wconf 85' lang='lat' dir='ltr'>papae</span> <span class='ocrx_word' id='word_1_499' title='bbox 1658 2077 1805 2111; x_wconf 85' lang='lat' dir='ltr'>capellani</span> <span class='ocrx_word' id='word_1_500' title='bbox 1819 2079 1847 2103; x_wconf 86' lang='lat' dir='ltr'>et</span> <span class='ocrx_word' id='word_1_501' title='bbox 1860 2075 2098 2111; x_wconf 69' lang='lat' dir='ltr'>paenitentiarii,</span> <span class='ocrx_word' id='word_1_502' title='bbox 2116 2075 2254 2109; x_wconf 82' lang='lat' dir='ltr'>resignet.</span> 
     </span>
     <span class='ocr_line' id='line_1_73' title="bbox 1251 2123 2256 2160; baseline -0.006 -5"><span class='ocrx_word' id='word_1_503' title='bbox 1251 2144 1282 2147; x_wconf 94' lang='lat'>—</span> <span class='ocrx_word' id='word_1_504' title='bbox 1299 2129 1386 2160; x_wconf 64' lang='lat' dir='ltr'>(Rae.</span> <span class='ocrx_word' id='word_1_505' title='bbox 1401 2127 1446 2158; x_wconf 82' lang='lat'>18,</span> <span class='ocrx_word' id='word_1_506' title='bbox 1466 2128 1486 2153; x_wconf 78' lang='lat' dir='ltr'>f.</span> <span class='ocrx_word' id='word_1_507' title='bbox 1501 2127 1552 2153; x_wconf 72' lang='lat'>224</span> <span class='ocrx_word' id='word_1_508' title='bbox 1566 2129 1609 2157; x_wconf 76' lang='lat' dir='ltr'>v⁰;</span> <span class='ocrx_word' id='word_1_509' title='bbox 1627 2134 1696 2152; x_wconf 83' lang='lat' dir='ltr'>ann.</span> <span class='ocrx_word' id='word_1_510' title='bbox 1714 2126 1757 2158; x_wconf 87' lang='lat' dir='ltr'>X,</span> <span class='ocrx_word' id='word_1_511' title='bbox 1772 2134 1797 2152; x_wconf 85' lang='lat' dir='ltr'>c.</span> <span class='ocrx_word' id='word_1_512' title='bbox 1815 2125 1882 2157; x_wconf 76' lang='lat'><strong>337;</strong></span> <span class='ocrx_word' id='word_1_513' title='bbox 1900 2140 1931 2143; x_wconf 79' lang='lat'>—</span> <span class='ocrx_word' id='word_1_514' title='bbox 1952 2126 1990 2151; x_wconf 84' lang='lat' dir='ltr'>cf.</span> <span class='ocrx_word' id='word_1_515' title='bbox 2007 2131 2103 2157; x_wconf 69' lang='lat' dir='ltr'>supra.</span> <span class='ocrx_word' id='word_1_516' title='bbox 2125 2132 2154 2150; x_wconf 91' lang='lat' dir='ltr'>n.</span> <span class='ocrx_word' id='word_1_517' title='bbox 2171 2123 2256 2150; x_wconf 84' lang='lat'>3093-</span> 
     </span>
     <span class='ocr_line' id='line_1_74' title="bbox 1251 2176 1344 2208; baseline -0.011 -4"><span class='ocrx_word' id='word_1_518' title='bbox 1251 2176 1344 2208; x_wconf 85' lang='lat'>3095.)</span> 
     </span>
    </p>
   </div>
   <div class='ocr_carea' id='block_1_28' title="bbox 1828 1918 2182 1952">
    <p class='ocr_par' dir='ltr' id='par_1_28' title="bbox 1828 1918 2182 1952">
     <span class='ocr_line' id='line_1_75' title="bbox 1828 1918 2182 1952; baseline -0.006 -6"><span class='ocrx_word' id='word_1_519' title='bbox 1828 1919 1932 1952; x_wconf 77' lang='lat' dir='ltr'>Terni,</span> <span class='ocrx_word' id='word_1_520' title='bbox 1949 1920 1964 1945; x_wconf 79' lang='lat'><strong>7</strong></span> <span class='ocrx_word' id='word_1_521' title='bbox 1980 1919 2089 1945; x_wconf 76' lang='lat' dir='ltr'>sevrier</span> <span class='ocrx_word' id='word_1_522' title='bbox 2104 1918 2182 1944; x_wconf 74' lang='lat'>1237.</span> 
     </span>
    </p>
   </div>
   <div class='ocr_carea' id='block_1_29' title="bbox 1292 2273 2257 2314">
    <p class='ocr_par' dir='ltr' id='par_1_29' title="bbox 1292 2273 2257 2314">
     <span class='ocr_line' id='line_1_76' title="bbox 1292 2273 2257 2314; baseline -0.002 -10"><span class='ocrx_word' id='word_1_523' title='bbox 1292 2291 1306 2304; x_wconf 91' lang='lat'>«</span> <span class='ocrx_word' id='word_1_524' title='bbox 1325 2279 1481 2306; x_wconf 70' lang='lat' dir='ltr'>lt&#39;illclmo.</span> <span class='ocrx_word' id='word_1_525' title='bbox 1497 2277 1696 2314; x_wconf 74' lang='lat' dir='ltr'>procuratori</span> <span class='ocrx_word' id='word_1_526' title='bbox 1714 2276 1946 2304; x_wconf 73' lang='lat' dir='ltr'>Terraconensis</span> <span class='ocrx_word' id='word_1_527' title='bbox 1959 2275 2088 2303; x_wconf 69' lang='lat' dir='ltr'>ecclesie.</span> <span class='ocrx_word' id='word_1_528' title='bbox 2104 2273 2213 2303; x_wconf 85' lang='lat' dir='ltr'>Firma</span> <span class='ocrx_word' id='word_1_529' title='bbox 2227 2277 2257 2302; x_wconf 84' lang='lat' dir='ltr'>te</span> 
     </span>
    </p>
   </div>
   <div class='ocr_carea' id='block_1_30' title="bbox 1250 2325 2258 2589">
    <p class='ocr_par' dir='ltr' id='par_1_30' title="bbox 1250 2325 2258 2589">
     <span class='ocr_line' id='line_1_77' title="bbox 1250 2325 2258 2362; baseline -0.005 -3"><span class='ocrx_word' id='word_1_530' title='bbox 1250 2330 1403 2360; x_wconf 76' lang='lat' dir='ltr'>volumus</span> <span class='ocrx_word' id='word_1_531' title='bbox 1419 2347 1465 2358; x_wconf 90' lang='lat'>—.</span> <span class='ocrx_word' id='word_1_532' title='bbox 1488 2330 1561 2359; x_wconf 87' lang='lat' dir='ltr'>Dat.</span> <span class='ocrx_word' id='word_1_533' title='bbox 1582 2329 1783 2362; x_wconf 65' lang='lat' dir='ltr'>Interamne²</span> <span class='ocrx_word' id='word_1_534' title='bbox 1801 2328 1864 2357; x_wconf 69' lang='lat' dir='ltr'>Vll</span> <span class='ocrx_word' id='word_1_535' title='bbox 1881 2327 1955 2356; x_wconf 87' lang='lat' dir='ltr'>idus</span> <span class='ocrx_word' id='word_1_536' title='bbox 1977 2325 2149 2359; x_wconf 70' lang='lat' dir='ltr'>februarii,</span> <span class='ocrx_word' id='word_1_537' title='bbox 2171 2334 2258 2354; x_wconf 86' lang='lat' dir='ltr'>anno</span> 
     </span>
     <span class='ocr_line' id='line_1_78' title="bbox 1251 2383 1423 2414; baseline -0.029 0"><span class='ocrx_word' id='word_1_538' title='bbox 1251 2383 1389 2414; x_wconf 87' lang='lat' dir='ltr'>decimo.</span> <span class='ocrx_word' id='word_1_539' title='bbox 1410 2395 1423 2409; x_wconf 79' lang='grc'>»</span> 
     </span>
     <span class='ocr_line' id='line_1_79' title="bbox 1321 2555 2185 2589; baseline -0.009 0"><span class='ocrx_word' id='word_1_540' title='bbox 1321 2561 1440 2589; x_wconf 55' lang='lat'>3424</span> <span class='ocrx_word' id='word_1_541' title='bbox 1841 2557 1940 2589; x_wconf 81' lang='lat' dir='ltr'>Terni‚</span> <span class='ocrx_word' id='word_1_542' title='bbox 1957 2558 1973 2583; x_wconf 80' lang='lat'><strong>7</strong></span> <span class='ocrx_word' id='word_1_543' title='bbox 1986 2556 2094 2583; x_wconf 72' lang='lat' dir='ltr'>sevrier</span> <span class='ocrx_word' id='word_1_544' title='bbox 2107 2555 2185 2582; x_wconf 64' lang='lat'>1237.</span> 
     </span>
    </p>
   </div>
   <div class='ocr_carea' id='block_1_31' title="bbox 1250 2616 2258 2849">
    <p class='ocr_par' dir='ltr' id='par_1_31' title="bbox 1250 2616 2258 2849">
     <span class='ocr_line' id='line_1_80' title="bbox 1286 2616 2258 2657; baseline -0.008 -7"><span class='ocrx_word' id='word_1_545' title='bbox 1286 2623 1383 2650; x_wconf 84' lang='lat' dir='ltr'>Fratri</span> <span class='ocrx_word' id='word_1_546' title='bbox 1400 2619 1608 2657; x_wconf 83' lang='lat' dir='ltr'>Raim[undo]‚</span> <span class='ocrx_word' id='word_1_547' title='bbox 1625 2619 1854 2655; x_wconf 88' lang='lat' dir='ltr'>paenitentiario</span> <span class='ocrx_word' id='word_1_548' title='bbox 1869 2621 1897 2645; x_wconf 89' lang='lat' dir='ltr'>et</span> <span class='ocrx_word' id='word_1_549' title='bbox 1911 2619 2064 2652; x_wconf 86' lang='lat' dir='ltr'>capellano</span> <span class='ocrx_word' id='word_1_550' title='bbox 2080 2625 2141 2644; x_wconf 85' lang='lat' dir='ltr'>suo.</span> <span class='ocrx_word' id='word_1_551' title='bbox 2158 2616 2193 2642; x_wconf 90' lang='lat' dir='ltr'>de</span> <span class='ocrx_word' id='word_1_552' title='bbox 2208 2624 2258 2642; x_wconf 90' lang='lat' dir='ltr'>ea-</span> 
     </span>
     <span class='ocr_line' id='line_1_81' title="bbox 1251 2664 2257 2703; baseline -0.009 -4"><span class='ocrx_word' id='word_1_553' title='bbox 1251 2672 1317 2699; x_wconf 89' lang='lat' dir='ltr'>dem</span> <span class='ocrx_word' id='word_1_554' title='bbox 1333 2681 1362 2699; x_wconf 90' lang='lat' dir='ltr'>re</span> <span class='ocrx_word' id='word_1_555' title='bbox 1373 2671 1514 2703; x_wconf 84' lang='lat' dir='ltr'>scribens,</span> <span class='ocrx_word' id='word_1_556' title='bbox 1525 2670 1647 2696; x_wconf 85' lang='lat' dir='ltr'>mandat</span> <span class='ocrx_word' id='word_1_557' title='bbox 1656 2671 1811 2702; x_wconf 82' lang='lat' dir='ltr'>quatenus,</span> <span class='ocrx_word' id='word_1_558' title='bbox 1821 2667 1952 2701; x_wconf 86' lang='lat' dir='ltr'>ejusdem</span> <span class='ocrx_word' id='word_1_559' title='bbox 1965 2665 2117 2692; x_wconf 81' lang='lat' dir='ltr'>Willelmi</span> <span class='ocrx_word' id='word_1_560' title='bbox 2129 2664 2257 2697; x_wconf 77' lang='lat' dir='ltr'>resigna-</span> 
     </span>
     <span class='ocr_line' id='line_1_82' title="bbox 1250 2712 2257 2754; baseline -0.01 -6"><span class='ocrx_word' id='word_1_561' title='bbox 1250 2721 1362 2748; x_wconf 88' lang='lat' dir='ltr'>tionem</span> <span class='ocrx_word' id='word_1_562' title='bbox 1382 2719 1543 2754; x_wconf 86' lang='lat' dir='ltr'>reeipiens,</span> <span class='ocrx_word' id='word_1_563' title='bbox 1560 2718 1697 2752; x_wconf 82' lang='lat' dir='ltr'>injungat</span> <span class='ocrx_word' id='word_1_564' title='bbox 1717 2716 1847 2750; x_wconf 83' lang='lat' dir='ltr'>capituto</span> <span class='ocrx_word' id='word_1_565' title='bbox 1869 2715 2010 2741; x_wconf 80' lang='lat' dir='ltr'>eeclesiae</span> <span class='ocrx_word' id='word_1_566' title='bbox 2030 2712 2257 2740; x_wconf 83' lang='lat' dir='ltr'>Terraconensis</span> 
     </span>
     <span class='ocr_line' id='line_1_83' title="bbox 1250 2759 2256 2803; baseline -0.01 -7"><span class='ocrx_word' id='word_1_567' title='bbox 1250 2771 1283 2796; x_wconf 88' lang='lat' dir='ltr'>ut</span> <span class='ocrx_word' id='word_1_568' title='bbox 1298 2769 1334 2796; x_wconf 89' lang='lat' dir='ltr'>de</span> <span class='ocrx_word' id='word_1_569' title='bbox 1347 2776 1470 2803; x_wconf 86' lang='lat' dir='ltr'>persona</span> <span class='ocrx_word' id='word_1_570' title='bbox 1484 2767 1590 2794; x_wconf 87' lang='lat' dir='ltr'>idonea</span> <span class='ocrx_word' id='word_1_571' title='bbox 1605 2766 1662 2793; x_wconf 88' lang='lat' dir='ltr'>sibi</span> <span class='ocrx_word' id='word_1_572' title='bbox 1673 2765 1827 2800; x_wconf 69' lang='lat' dir='ltr'>provideat</span> <span class='ocrx_word' id='word_1_573' title='bbox 1845 2764 1876 2790; x_wconf 92' lang='lat' dir='ltr'>in</span> <span class='ocrx_word' id='word_1_574' title='bbox 1895 2766 2050 2797; x_wconf 81' lang='lat' dir='ltr'>pastorem.</span> <span class='ocrx_word' id='word_1_575' title='bbox 2066 2776 2097 2779; x_wconf 97' lang='lat'><strong>—</strong></span> <span class='ocrx_word' id='word_1_576' title='bbox 2112 2762 2199 2792; x_wconf 62' lang='lat' dir='ltr'>(Res.</span> <span class='ocrx_word' id='word_1_577' title='bbox 2211 2759 2256 2791; x_wconf 80' lang='lat'>18,</span> 
     </span>
     <span class='ocr_line' id='line_1_84' title="bbox 1251 2814 1674 2849; baseline -0.009 -5"><span class='ocrx_word' id='word_1_578' title='bbox 1251 2819 1272 2845; x_wconf 87' lang='lat' dir='ltr'>f.</span> <span class='ocrx_word' id='word_1_579' title='bbox 1289 2818 1341 2844; x_wconf 76' lang='lat'>224</span> <span class='ocrx_word' id='word_1_580' title='bbox 1353 2820 1397 2849; x_wconf 52' lang='grc' dir='ltr'>νὴ</span> <span class='ocrx_word' id='word_1_581' title='bbox 1412 2824 1481 2843; x_wconf 89' lang='lat' dir='ltr'>ann.</span> <span class='ocrx_word' id='word_1_582' title='bbox 1499 2816 1538 2848; x_wconf 76' lang='grc' dir='ltr'>Χ,</span> <span class='ocrx_word' id='word_1_583' title='bbox 1555 2824 1580 2842; x_wconf 89' lang='lat' dir='ltr'>c.</span> <span class='ocrx_word' id='word_1_584' title='bbox 1599 2814 1674 2845; x_wconf 84' lang='lat'>338.)</span> 
     </span>
    </p>
   </div>
   <div class='ocr_carea' id='block_1_32' title="bbox 1252 2911 2256 3004">
    <p class='ocr_par' dir='ltr' id='par_1_32' title="bbox 1252 2911 2256 3004">
     <span class='ocr_line' id='line_1_85' title="bbox 1293 2911 2256 2952; baseline -0.008 -8"><span class='ocrx_word' id='word_1_585' title='bbox 1293 2930 1307 2944; x_wconf 87' lang='lat'>«</span> <span class='ocrx_word' id='word_1_586' title='bbox 1331 2914 1660 2952; x_wconf 77' lang='lat' dir='ltr'>F1·c1t1·iR‹1im[untlo].</span> <span class='ocrx_word' id='word_1_587' title='bbox 1683 2913 1904 2951; x_wconf 79' lang='lat' dir='ltr'>pem&#39;tentiario</span> <span class='ocrx_word' id='word_1_588' title='bbox 1923 2916 1948 2939; x_wconf 82' lang='lat' dir='ltr'>ct</span> <span class='ocrx_word' id='word_1_589' title='bbox 1971 2911 2127 2947; x_wconf 69' lang='lat' dir='ltr'>capellano</span> <span class='ocrx_word' id='word_1_590' title='bbox 2145 2915 2256 2938; x_wconf 80' lang='lat' dir='ltr'>nostro.</span> 
     </span>
     <span class='ocr_line' id='line_1_86' title="bbox 1252 2965 2092 3004; baseline -0.015 -4"><span class='ocrx_word' id='word_1_591' title='bbox 1252 2969 1447 3000; x_wconf 83' lang='lat' dir='ltr'>Affectionis</span> <span class='ocrx_word' id='word_1_592' title='bbox 1465 2967 1639 2998; x_wconf 85' lang='lat' dir='ltr'>sinceritas</span> <span class='ocrx_word' id='word_1_593' title='bbox 1657 2975 1721 3004; x_wconf 85' lang='lat' dir='ltr'>qua</span> <span class='ocrx_word' id='word_1_594' title='bbox 1737 2982 1786 2993; x_wconf 81' lang='lat'>-.</span> <span class='ocrx_word' id='word_1_595' title='bbox 1804 2965 1875 2994; x_wconf 84' lang='lat' dir='ltr'>Dat.</span> <span class='ocrx_word' id='word_1_596' title='bbox 1895 2970 1930 2993; x_wconf 81' lang='lat' dir='ltr'>ut</span> <span class='ocrx_word' id='word_1_597' title='bbox 1947 2972 2057 3000; x_wconf 74' lang='lat' dir='ltr'>supra.</span> <span class='ocrx_word' id='word_1_598' title='bbox 2079 2974 2092 2987; x_wconf 67' lang='lat' dir='ltr'>n</span> 
     </span>
    </p>
   </div>
   <div class='ocr_carea' id='block_1_33' title="bbox 2105 3027 2134 3049">
    <p class='ocr_par' dir='ltr' id='par_1_33' title="bbox 2105 3027 2134 3049">
     <span class='ocr_line' id='line_1_87' title="bbox 2105 3027 2134 3049; baseline 0.034 -1"><span class='ocrx_word' id='word_1_599' title='bbox 2105 3027 2134 3049; x_wconf 61' lang='lat'>„5</span> 
     </span>
    </p>
   </div>
  </div>
 </body>
</html>
