2519 3518
72 313 128 343 165

71 379 195 417 scripta
227 379 422 409 mandamus
450 384 613 418 qnatenus
641 384 839 410 mercatores
867 379 955 417 ipsos
985 381 1075 407 extra

71 430 392 466 Cathalauncnsem‚
422 431 639 467 Mcldcnsem,
663 433 904 470 Ling‹2›ne11s‹-111
929 435 959 460 et
982 430 1075 460 Pari-

71 481 217 512 siensem
234 483 381 513 dioceses
397 493 455 522 per
473 484 600 514 litteras
620 489 749 514 nostras
773 494 834 514 non
856 484 1014 513 fatientes
1037 482 1074 511 de

71 535 283 572 presentibus
295 536 508 569 mentionem,
524 537 608 566 trahi
621 546 684 566 non
701 537 869 575 permittas
884 536 916 565 in
929 544 1073 568 causam,

71 586 231 624 quamdiu
250 587 337 617 infra
349 587 496 618 dioceses
509 588 597 626 ipsas
612 593 746 627 possunt
765 598 877 618 eorum
895 586 1075 617 adversarii

70 637 194 668 habere
210 639 345 669 idoneos
359 640 498 679 judices,
517 650 625 670 coram
642 641 762 679 quibus
776 641 861 679 juris
877 640 929 669 sui
947 639 1075 669 valeant

72 691 206 729 assequi
225 692 519 730 complementum,
538 693 604 722 nisi
623 693 818 723 rationabile
835 692 959 730 aliquid
977 702 1075 730 appa-

72 748 170 778 reret,
188 753 246 782 per
262 745 348 783 quod
364 746 562 783 respondere
580 746 658 775 alibi
672 750 857 776 tencantur.
874 746 946 774 Dat.
959 744 1072 778 Asisii,

70 795 182 825 idibus
199 797 406 834 septembris,
424 806 510 827 anno
530 807 626 827 nono.
647 810 660 823 »

143 977 260 1006 2265

107 1039 365 1067 Praedicatoribus
377 1040 480 1068 Crucis
491 1041 521 1067 in
532 1049 619 1074 regno
631 1041 771 1067 Franciae
783 1041 961 1072 constitutis
974 1041 1074 1067 audito

70 1087 149 1121 quod
165 1087 346 1115 debitoribus
364 1091 558 1116 mercatorum
576 1089 812 1116 Florentinorum
830 1097 915 1123 super
930 1088 1075 1115 solutione

71 1135 238 1162 debitorum
251 1139 374 1170 quatuor
388 1145 531 1164 annorum
547 1137 677 1163 indutias
689 1145 739 1170 pro
753 1145 820 1163 suae
834 1136 955 1177 arbitrio
969 1137 1075 1163 volun-

71 1183 144 1210 tatis
157 1188 369 1216 concesserant,
384 1185 506 1212 mandat
520 1187 674 1219 quatenus,
692 1193 757 1211 cuni
774 1185 810 1210 de
825 1184 943 1212 Judaeis
958 1187 1073 1211 tantum

73 1232 127 1258 hoe
141 1235 284 1259 statutum
300 1233 388 1260 fuerit
403 1234 433 1260 111
448 1233 574 1260 concilio
587 1233 727 1266 generali,
743 1233 817 1266 quod
832 1241 918 1267 super
936 1233 988 1259 hoc
1002 1234 1075 1259 fece-

69 1283 141 1307 runt
154 1280 196 1306 sie
209 1284 293 1307 caute
307 1284 453 1313 revocent,
469 1282 544 1315 quod
558 1284 587 1308 et
600 1281 703 1309 Crucis
719 1281 866 1314 negotium
884 1281 1072 1315 dispendium

70 1336 129 1355 non
146 1329 290 1361 incurrat,
310 1332 338 1356 et
354 1333 528 1356 mercatores
546 1330 602 1363 ipsi
618 1338 670 1356 sua
684 1329 800 1362 justitia
817 1338 873 1355 non
891 1329 1072 1356 fraudentur.

69 1391 104 1396 —
120 1378 206 1410 (Rae.
224 1378 266 1409 18,
284 1379 304 1404 f.
319 1378 353 1405 ΤΟ
368 1382 411 1410 v⁰;
427 1387 496 1405 ann.
515 1378 568 1411 IX,
585 1386 609 1404 c.
624 1378 699 1408 225.)

568 979 679 1011 Assisc,
696 980 726 1006 11
745 979 908 1013 septembre
924 979 1002 1006 1235.

112 1489 126 1504 α
157 1478 402 1507 Prodicaloribus
427 1479 534 1507 Crucis
560 1479 593 1506 1η
618 1487 709 1514 reque
736 1478 865 1507 Francie
888 1479 1072 1507 constitutis.

69 1529 117 1560 Ex
126 1534 218 1568 parte
230 1529 482 1560 dilectorum—.
495 1531 569 1560 Dat.
583 1530 699 1565 Asisii,
715 1531 764 1560 III
776 1530 850 1560 idus
865 1530 1072 1569 septembris,

66 1590 156 1612 anno
172 1590 270 1612 nono.
289 1594 302 1608 ι,

139 1766 256 1794 9166

105 1828 357 1863 Archiepiscopis,
371 1829 515 1863 episcopis
535 1837 569 1856 ac
587 1829 655 1855 aliis
676 1829 865 1855 ecelesiarum
882 1829 1022 1863 praelatis
1037 1828 1075 1855 ad

73 1884 145 1910 quos
160 1877 278 1904 litterae
293 1877 367 1904 istae
382 1877 582 1911 pervenerint,
599 1877 745 1911 significat
757 1886 797 1909 se,
809 1877 879 1904 licet
895 1877 936 1904 eis
952 1877 1076 1904 manda-

70 1924 150 1952 verit
164 1927 197 1952 ut
213 1926 429 1959 crucesignatos
444 1926 480 1953 ad
496 1925 609 1959 judices
624 1925 872 1952 extraordinarios
887 1934 937 1952 seu
953 1926 1042 1952 etiam
1059 1934 1076 1952 a

72 1972 150 2000 Sede
167 1974 338 2007 Apostolica
355 1974 501 2007 delegatos
521 1974 600 2001 trahi
620 1974 651 2000 in
671 1982 789 2000 causam
808 1982 865 2000 non
884 1974 1074 2008 permittant,

70 2021 214 2056 quamdiu
233 2022 329 2056 parati
347 2023 456 2049 fuerint
469 2022 505 2049 de
520 2031 549 2049 se
568 2022 813 2056 conquerentibus
829 2030 925 2048 coram
940 2022 1012 2056 ipsis
1027 2031 1075 2049 ar-

71 2069 283 2104 chiepiscopis,
300 2070 445 2104 episcopis
465 2074 493 2097 et
508 2070 648 2104 praelatis
663 2070 811 2104 justitiam
832 2070 980 2103 exhibere,
997 2071 1076 2097 nolle

71 2117 255 2145 Florentinis
269 2118 480 2146 mercatoribus
493 2126 579 2152 super
592 2118 859 2152 crucesignatorum
873 2118 981 2145 debitis
995 2126 1075 2152 prae-

71 2165 221 2200 judicium
234 2166 376 2200 generari.
391 2180 424 2184 —
437 2167 523 2199 (Rae.
538 2166 582 2199 18,
597 2167 617 2193 f.
634 2166 668 2192 70
683 2169 726 2199 v⁰;
743 2174 812 2193 ann.
830 2166 882 2199 IX,
899 2175 924 2193 c.
940 2166 1015 2198 226.)

566 1767 677 1799 Assise,
694 1767 727 1793 13
743 1766 908 1801 septembre
923 1767 1002 1793 1235.

112 2277 126 2292 α
143 2266 384 2304 Archiepiscopis
399 2271 424 2295 et
437 2267 581 2304 episcopis
596 2275 632 2296 ac
649 2267 722 2295 aliis
737 2267 931 2296 ecclesiarum
945 2267 1074 2304 prelatis

69 2318 111 2348 ad
125 2327 199 2356 quos
212 2319 310 2348 liltore
327 2320 380 2348 isle
391 2321 600 2356 pervenerint.
617 2319 725 2354 Licet,
745 2319 912 2348 universis
928 2319 1073 2349 crucesi-

68 2371 179 2409 gnatis
191 2371 252 2401 suh
267 2371 445 2409 apostolica
458 2371 659 2410 protectione
671 2371 822 2409 receptis,
839 2376 968 2401 nostras
980 2371 1073 2402 vobis

71 2423 233 2454 direxisse
248 2423 397 2454 dicamur
409 2423 548 2460 litteras,
563 2424 770 2454 continentes
782 2428 816 2453 ut
829 2433 883 2453 eos
897 2423 1074 2463 adjudices

70 2477 349 2508 extraordinarios
366 2485 425 2507 seu
441 2477 541 2507 etiam
560 2486 578 2507 a
594 2477 676 2507 Sede
689 2476 879 2515 Apostoliea
894 2476 1071 2515 delegatos,

70 2529 158 2559 trahi
174 2538 239 2559 non
253 2529 453 2567 permittatis
468 2530 503 2558 in
521 2538 665 2563 causam,
681 2529 839 2567 quamdiu
855 2538 964 2559 coram
980 2529 1073 2559 vobis

69 2582 178 2622 parati
191 2582 318 2612 fuerint
331 2581 369 2612 de
381 2590 415 2612 se
431 2581 711 2621 conquerentibus
724 2581 890 2620 justitiam
905 2581 1072 2617 exhibere,

69 2633 269 2664 intentionis
281 2637 390 2664 tamen
405 2637 515 2664 nostre
531 2642 597 2663 non
612 2633 676 2662 fuit
688 2637 721 2662 ut
736 2641 835 2670 super
851 2633 1074 2663 contractibus

71 2686 274 2722 debitorum,
294 2687 335 2716 ad
351 2695 414 2725 que
434 2686 564 2716 dilectis
583 2685 663 2715 filiis
680 2685 919 2715 mercatoribus
939 2685 1074 2716 Floren-

72 2737 165 2773 tinis,
186 2738 285 2768 certis
301 2737 383 2768 locis
400 2738 567 2773 solvenda,
585 2742 673 2773 sunt,
690 2738 818 2767 ratione
834 2737 981 2775 ipsorum
996 2746 1075 2768 con-

70 2793 253 2827 tractuum,
279 2791 468 2829 specialiter
487 2791 639 2829 obligati,
663 2790 852 2828 renuntiato
877 2790 917 2820 ab
944 2790 1007 2826 eis,
1038 2795 1075 2820 ut

71 2842 175 2874 iidem
191 2847 390 2874 mercatores
405 2848 602 2883 proponunt,
619 2844 683 2874 sori
699 2843 885 2882 privilegio,
903 2847 1075 2873 consuetu-

73 2896 146 2926 dini
164 2896 264 2927 etiam
279 2896 416 2927 cuilibet
432 2901 464 2927 et
479 2900 612 2932 statuto,
631 2905 691 2926 nec
708 2905 774 2925 non
791 2895 1020 2926 constitutioni
1036 2895 1075 2925 de

70 2948 200 2979 duabus
211 2949 310 2979 dietis
323 2949 409 2979 edite
420 2949 456 2979 111
472 2948 612 2979 concilio
623 2948 781 2987 generali,
796 2947 923 2986 aliquid
938 2947 986 2978 eis
1000 2957 1075 2986 pre-

908 304 1136 342 NEUWEME
1158 304 1316 340 Ακκιζιῑ.

2101 316 2152 343 tom

1151 376 1312 414 judicium
1338 384 1522 413 {xviim-etur.
1548 379 1723 417 quominus
1748 379 1779 408 in
1808 379 1930 409 eisdem
1955 380 2033 409 locis
2057 390 2154 418 snper

1155 428 1275 457 debitis
1301 429 1382 467 ipsis
1407 440 1462 468 pvr
1480 430 1606 459 litteras
1626 435 1754 459 nostras
1775 431 1908 468 pro-dicti
1933 432 2153 469 rrum-signati

1157 479 1283 509 vala-ant
1297 482 1478 511 conveniri.
1493 483 1564 511 Dat.
1583 483 1696 513 Asisii.
1716 483 1823 512 idibus
1841 484 2046 521 septembris.
2067 493 2153 513 anno

1157 541 1252 561 nono.
1274 546 1285 558 n

1225 703 1339 731 2²8⁷

1191 763 1334 798 Episcopo
1350 764 1537 797 Cenadiensi,
1552 765 1650 792 abbati
1667 766 1742 792 Belli
1759 766 1858 792 Fontis
1874 771 1900 792 ct
1918 766 2080 800 praeposito
2098 767 2155 793 Ra-

1156 811 1247 837 ciensi
1272 812 1392 838 mandat
1418 818 1562 846 quatenus
1583 822 1700 840 causam
1722 822 1795 847 quae
1819 814 1896 840 inter
1921 814 2152 846 strigonien-nnn

1649 706 1759 737 Assise,
1777 707 1809 732 17
1825 706 1988 740 septembre
2005 707 2081 733 1235.

1156 859 1408 894 archiepiscopum
1427 864 1455 887 et
1473 861 1630 893 Jacobum,
1650 861 1805 895 syndicum
1825 862 1938 888 abbatis
1953 867 1979 887 et
1994 867 2155 888 conventus

1157 907 1326 933 monasterii
1338 908 1438 934 Sancti
1453 909 1605 935 Benedicti
1619 910 1653 935 de
1664 911 1771 941 (ἀι-3113,
1784 910 2153 942 strigoniensis‹lioece—is,

1156 962 1242 988 super
1257 955 1431 988 quibusdam
1449 957 1531 982 villis
1547 961 1573 983 et
1591 957 1778 991 pertinentiis
1799 966 1831 984 ac
1851 957 1964 990 juribus
1985 958 2153 984 earunnlem

1156 1003 1334 1036 vertebatur,
1349 1004 1520 1031 examinent
1534 1010 1560 1031 et
1575 1006 1631 1031 fine
1644 1005 1742 1032 debito
1756 1006 1932 1036 terminent:
1946 1006 2076 1039 alioquin
2091 1014 2154 1031 eam

1156 1051 1334 1077 sufficienter
1350 1052 1523 1079 instructam
1541 1053 1576 1079 ad
1595 1053 1699 1080 Sedem
1719 1053 1917 1087 Apostolicam
1938 1054 2100 1080 remittant.
2124 1067 2155 1071 —

1156 1098 1242 1129 (tiso.
1259 1098 1302 1131 18,
1320 1100 1340 1125 f.
1356 1099 1391 1125 70
1406 1103 1448 1131 νὴ
1465 1108 1534 1126 ann.
1552 1101 1604 1129 lx.
1621 1109 1646 1127 e.
1662 1100 1730 1132 227;
1748 1115 1778 1119 ——
1796 1102 1950 1128 Por-ram
1966 1102 2074 1131 10015.)

1197 1210 1210 1224 α
1231 1221 1250 1226 ..
1270 1199 1403 1236 episcopo
1419 1200 1609 1234 Cenadiensi,
1625 1223 1644 1228 ..
1658 1201 1758 1229 abbati
1774 1201 1848 1229 Belli
1865 1201 1975 1229 Fontis.
1992 1201 2157 1230 Color-ensis

1155 1251 1294 1285 diocesis,
1313 1256 1338 1280 et
1355 1252 1404 1288 [..]
1418 1253 1568 1289 preposito
1586 1253 1735 1282 Baciensi.
1753 1252 1834 1283 Cum
1852 1253 2071 1283 venerabilem
2090 1254 2157 1282 sra-

1157 1306 1239 1332 trem
1269 1320 1318 1331 —.
1350 1304 1424 1332 Dat.
1453 1304 1572 1339 Asisii,
1602 1304 1663 1333 XV
1689 1303 1846 1333 kalendas
1877 1304 2038 1334 octobris.
2071 1314 2157 1333 anno

1156 1364 1254 1385 nono.
1275 1368 1287 1381 »

1226 1526 1345 1555 2768
1727 1528 1862 1559 Perousc,
1879 1528 1909 1553 31
1924 1530 1991 1554 aout
2007 1528 2085 1554 1235.

1190 1587 1334 1622 Episcopo
1353 1588 1534 1615 Astoricensi
1549 1589 1669 1615 mandat
1686 1591 1829 1622 quatenus
1845 1588 2043 1616 Fer-nandum.
2060 1589 2158 1615 archi-

1155 1635 1311 1663 diaconum
1328 1636 1364 1663 de
1383 1636 1506 1670 Tinegio
1528 1638 1568 1669 (=
1588 1637 1702 1669 Tineo),
1719 1637 1768 1671 qui
1790 1637 1862 1663 falso
1884 1636 2037 1663 dicebatur
2058 1637 2156 1663 archi-

1154 1684 1375 1719 presbyteratus
1397 1693 1541 1719 exponere
1569 1685 1600 1712 in
1630 1694 1680 1712 suo
1708 1685 1949 1712 archidiaconatu
1973 1686 2106 1712 venales.
2128 1691 2155 1712 et

1156 1741 1242 1767 quem
1263 1733 1415 1767 episcopus
1431 1733 1599 1766 ovetensis,
1616 1734 1666 1768 qui
1683 1734 1718 1760 de
1735 1734 1872 1760 mandato
1892 1734 2050 1767 apostoli-5⁴·
2071 1742 2158 1767 <uper

1156 1781 1210 1807 hoc
1225 1783 1378 1814 statuerat,
1395 1790 1412 1808 a
1426 1782 1596 1816 praemissis
1610 1782 1799 1809 nuntiaverat
1814 1782 1988 1813 immunem,
2001 1782 2155 1808 denuntiet

1156 1829 1271 1856 nullam
1298 1829 1334 1856 ob
1363 1830 1515 1863 praedicta
1544 1830 1700 1857 infamiam
1732 1831 1900 1857 incurrisse.
1929 1845 1960 1848 —
1990 1831 2076 1861 (Reo.
2107 1831 2155 1859 18,

1156 1878 1176 1904 f.
1193 1877 1228 1904 70
1242 1880 1288 1910 v⁰;
1311 1886 1380 1904 ann.
1402 1878 1459 1911 IX,
1476 1887 1501 1905 c⁴
1517 1878 1586 1910 22&
1602 1893 1632 1897 —
1649 1881 1687 1905 cf.
1702 1886 1797 1912 supra,
1815 1883 1843 1905 nu
1858 1879 1950 1909 2061.)

1197 1989 1211 2003 α
1231 1999 1248 2005 ..
1271 1979 1404 2015 episcopo
1418 1979 1610 2007 Astoricensi.
1632 1978 1841 2008 Venerabilis
1863 1979 1964 2007 frater
1981 1983 2090 2009 noster
2106 1996 2154 2007 -.

1155 2030 1227 2059 Dat.
1247 2029 1388 2064 Perusii,
1410 2031 1441 2059 11
1459 2029 1617 2059 kalendas
1634 2030 1841 2068 septembris,
1860 2039 1945 2059 anno
1960 2039 2054 2060 nono.
2075 2044 2087 2057 n

1227 2199 1345 2228 2289

1190 2261 1368 2296 Episcopum
1392 2262 1571 2289 Bosnensem
1598 2262 1731 2289 hortatur
1753 2264 1785 2288 ut
1809 2270 1825 2288 a
1849 2262 1988 2288 cessionis
2013 2262 2156 2296 petitione

1153 2310 1291 2342 desistat,
1307 2310 1461 2336 ecclesiam
1483 2318 1565 2337 suam
1585 2309 1743 2337 salubriter
1758 2309 1918 2343 gubernare
1937 2309 2061 2336 minime
2077 2309 2154 2336 desi-

1154 2360 1206 2385 nat
1229 2361 1258 2385 et
1282 2359 1443 2385 haereticos
1469 2359 1600 2393 aliosque
1627 2358 1714 2385 fidem
1744 2358 1920 2385 catholicam
1949 2358 2155 2392 impugnantes

1154 2408 1288 2440 potenter
1302 2406 1466 2440 impugnet.
1483 2421 1515 2425 —
1532 2407 1618 2439 (Rae.
1634 2406 1683 2437 18,
1700 2408 1720 2432 f.
1735 2406 1767 2432 71
1782 2408 1822 2438 r⁶;
1838 2414 1907 2433 ann.
1923 2406 1979 2438 IX,
1997 2414 2021 2432 c.
2038 2405 2105 2433 229:
2123 2419 2154 2424 —

1156 2454 1313 2481 Porrnasr
1327 2453 1437 2486 10019.)

1652 2200 1762 2232 Assise,
1776 2200 1811 2226 20
1826 2200 1990 2234 septembre
2006 2200 2083 2227 1235.

1197 2566 1211 2581 u
1238 2577 1259 2583 ..
1286 2556 1420 2593 episcopo
1443 2556 1596 2584 Bosnensi.
1623 2555 1806 2593 Deputatus
1831 2554 1936 2585 Jbesu
1959 2554 2083 2585 Christi
2106 2571 2153 2581 —.

1155 2608 1229 2637 Dat.
1245 2607 1361 2642 Asisii,
1378 2608 1445 2638 XII
1458 2607 1616 2638 kalendas
1633 2607 1786 2641 octobris,
1805 2615 1891 2636 anno
1905 2615 2002 2636 nono.
2022 2618 2034 2632 r>

1191 2725 1293 2750 222⁰.
1312 2739 1341 2743 —
1356 2727 1390 2753 In
1406 2726 1530 2753 eundem
1548 2725 1666 2752 modum
1685 2745 1703 2751 ..
1720 2725 1838 2757 episcopo
1855 2724 1946 2751 Osilt'e.

1226 2890 1341 2918 2⁸22!

1192 2953 1355 2986 Friderieo,
1375 2953 1574 2980 Romanorum
1594 2951 1781 2985 imperatori,
1802 2949 1905 2977 scribit
1925 2958 1954 2976 se
1976 2949 2152 2976 sententiam

1649 2889 1759 2921 Assise,
1776 2888 1810 2915 22
1825 2887 1990 2923 septembre
2005 2888 2082 2914 1235.
