2519 3518
163 255 242 286 1113

158 325 343 356 solvantur.
364 324 519 356 Ceterum
533 323 716 354 oblationes
732 323 963 362 provenientes
983 323 1023 353 ad
1041 320 1171 361 ymagi—

164 387 232 414 nes,
252 381 284 408 et
293 377 347 407 iila
363 381 530 415 argentea,
548 376 680 410 calices,
697 385 822 411 cruces,
842 376 999 411 turibula,
1018 381 1047 406 et
1061 375 1170 406 oleum

158 431 251 470 -quod
266 431 403 461 offertur
420 430 456 459 in
474 430 625 464 ecclesia,
644 430 678 459 in
699 429 878 460 utilitatem
899 429 1061 464 sacristie,
1083 429 1169 459 sicut

163 483 296 517 dicitur,
316 483 396 513 olim
417 482 564 513 converti
586 482 731 517 solitum,
750 483 898 521 ejusdem
916 482 1088 512 occasione
1105 485 1172 511 sta-

165 537 228 567 tuti
242 536 379 566 minime
393 535 599 570 dividantur;
617 535 674 565 sed
688 544 745 574 per
760 535 889 574 aliquos
906 534 1018 565 fideles
1039 535 1078 564 ad
1094 543 1174 564 con-

164 592 277 620 suetos
293 597 374 618 usus
390 588 519 626 integre
537 592 786 618 conserventur.
799 588 960 625 Quocirca
977 588 1172 617 mandamus

165 646 340 681 quatenus,
366 641 527 680 premissa
552 659 589 663 —
610 650 778 680 exequens
800 641 987 679 diligenter,
1007 641 1116 680 siqua
1134 640 1172 671 de

165 694 304 725 decimis
327 699 358 724 et
380 694 597 733 proventibus
623 694 859 724 beneficiorum
885 694 1106 732 spectantium
1135 693 1174 723 ad

165 747 343 777 canonicos
357 752 567 782 memoratos,
584 755 620 777 ac
636 746 723 781 aliis,
740 756 757 776 a
772 750 916 785 ternpore
933 746 1092 784 sepedicti
1106 750 1173 776 sta-

166 800 229 830 tuti
249 804 402 838 percepta
423 800 530 830 fuisse
549 799 751 838 reppereris,
777 808 840 838 quc
863 799 1045 829 secundum
1068 799 1174 837 ipsius

165 854 307 883 formam
320 853 458 882 minime
473 853 541 882 sint
555 852 672 887 divisa,
688 852 805 882 exinde
820 853 1083 882 satisfactionem
1097 860 1175 882 con-

167 915 293 945 gruam,
305 910 435 936 servata
447 905 671 936 declaratione
681 905 883 944 hujusmodi,
898 905 973 935 hinc
984 905 1061 935 inde
1072 905 1174 934 facias

165 959 327 989 exhiberi.
347 959 615 990 Contradictores
632 963 694 989 etc.
713 959 787 988 Dat.
810 958 970 996 Anagnie,
990 958 1100 987 idibus
1116 967 1175 988 au-

161 1012 266 1051 gusti,
285 1021 371 1042 anno
387 1012 591 1042 duodecimo.
613 1024 624 1038 n

236 1171 352 1200 4492
747 1171 876 1203 Anauni,
892 1171 924 1197 13
939 1173 1008 1197 aout
1025 1170 1103 1197 1238.

202 1232 304 1260 Sancti
322 1233 445 1259 Vedasti
462 1232 678 1261 Atrebatensis.
694 1232 796 1259 Sancti
811 1232 934 1259 Auberti
952 1231 1175 1259 Cameracensis

165 1284 194 1308 et
208 1281 312 1308 Sancti
325 1281 456 1309 Cornelii
474 1281 720 1315 Compendiensis
734 1281 901 1311 abbatibus,
914 1296 945 1299 —
957 1283 1076 1315 aelfeptt)
1093 1289 1176 1314 quos<

165 1331 234 1357 dam
254 1331 412 1357 monachos
431 1329 603 1356 monasterii
628 1329 825 1362 Corbeiensis,
839 1329 951 1356 ordinis
967 1329 1060 1356 sancti
1079 1330 1174 1356 Bene-

124 1372 127 1374 ’
166 1379 251 1408 dieti.
267 1378 479 1406 Ambianensis
495 1378 647 1410 dioecesis,
664 1378 700 1405 ad
721 1379 884 1405 Romanam
908 1378 1071 1405 Ecclesiam
1093 1378 1175 1404 nullo

167 1427 264 1454 medio
285 1427 473 1461 pertinentis.
490 1427 566 1453 bona
581 1426 679 1460 -ipsius
700 1427 872 1453 monasterii
889 1435 967 1453 nunc
987 1435 1037 1461 per
1059 1427 1174 1453 violen-

165 1476 239 1504 tiam
259 1484 337 1502 nunc
358 1475 468 1502 furtive
484 1475 645 1510 subripere,
659 1479 686 1502 et
702 1475 803 1501 eadem
830 1483 915 1509 saepe
931 1475 1105 1506 distrahere,
1121 1483 1174 1502 nec

165 1533 234 1556 non,
255 1524 438 1558 superiorum
458 1532 514 1550 non
533 1523 627 1557 petita
644 1524 692 1549 vel
713 1523 834 1549 obtenta
855 1523 987 1554 licentia,
1008 1523 1169 1549 claustrum

164 1572 370 1600 indifferenter
385 1573 465 1599 exire
487 1576 515 1599 et
534 1572 565 1599 in
584 1573 700 1599 saeculo
720 1572 850 1605 evagari,
874 1575 901 1599 et
925 1572 1046 1606 insuper
1064 1572 1171 1605 gestire

163 1624 274 1648 ceteros
289 1621 420 1655 ejusdem
443 1621 615 1648 monasterii
639 1622 797 1648 monachos
814 1621 941 1648 infames
955 1621 1086 1651 reddere,
1107 1629 1173 1654 gra—

163 1670 245 1697 viora
258 1670 294 1697 de
309 1670 382 1704 ipsis
399 1670 582 1697 mendaciter
595 1670 790 1704 plurimorum
803 1669 924 1696 auribus
939 1669 1124 1701 instillando,
1140 1684 1172 1687 —

165 1719 287 1746 mandat
302 1722 446 1753 quatenus
459 1719 527 1746 illos
543 1727 578 1746 ex
594 1719 720 1753 praefati
735 1719 906 1745 monasterii
927 1718 1080 1745 monachis
1100 1727 1170 1752 quos

165 1767 336 1802 pestilentes
351 1767 534 1799 invenerint,
555 1767 591 1794 ab
611 1776 643 1794 eo
664 1767 695 1794 in
714 1770 889 1802 perpetuum
910 1769 1069 1794 amoveant
1092 1769 1120 1793 et
1140 1767 1171 1793 in

164 1815 232 1842 aliis
248 1815 391 1849 praedicti
403 1815 516 1842 ordinis
537 1815 724 1843 monasteriis
738 1817 892 1847 collocent,
910 1815 959 1842 ubi
981 1815 1081 1842 taliter
1095 1814 1173 1841 deti-

165 1865 302 1896 neantur,
312 1871 326 1889 «
336 1864 410 1897 quod
422 1864 563 1891 facultate
572 1864 700 1898 vagandi
710 1866 830 1890 careant
841 1872 865 1895 »,
877 1866 903 1890 et
914 1863 1008 1898 ipsum
1024 1866 1172 1890 monaste—

164 1913 240 1939 rium
251 1911 428 1940 Corbeiense
439 1915 491 1939 aut
504 1913 566 1946 ejus
578 1912 773 1947 possessiones
785 1920 799 1937 «
811 1913 840 1938 in
850 1912 950 1946 aliquo
961 1912 996 1938 de
1006 1914 1101 1938 cetero
1113 1919 1169 1938 non

164 1969 178 1986 1)
199 1960 350 1987 offendant
367 1968 391 1987 1).
409 1976 441 1979 -
457 1961 544 1992 (Rae.
561 1961 605 1993 19,
623 1962 642 1988 f.
660 1961 693 1988 44
707 1964 752 1991 v⁰:
770 1969 839 1987 ann.
858 1961 925 1992 XII,
943 1969 969 1987 e.
989 1960 1065 1989 219.)

207 2067 220 2082 α
243 2078 262 2084 ..
282 2056 387 2085 Sancti
407 2056 523 2085 l'edasti
540 2056 750 2091 atrebatensis,
773 2078 792 2083 ..
812 2055 1055 2085 SanctiAuberli
1072 2055 1173 2084 Came-

166 2109 298 2138 racensis
315 2114 341 2137 et
360 2131 379 2137 ..
397 2109 503 2138 Sancti
520 2109 652 2138 Cornelii
673 2108 929 2146 Compendiansis.
950 2109 1173 2137 Suessionensis

163 2161 312 2202 ‹tioc[esis]
323 2163 342 2196 ¹,
356 2162 520 2190 abbatibus.
534 2162 766 2191 Presumentes
780 2161 861 2190 vitia
878 2161 1023 2199 preferre
1037 2177 1085 2190 -.
1098 2161 1172 2190 Dat.

166 2214 328 2252 Anagnie‚
346 2214 457 2244 idibus
474 2214 618 2252 augusti,
638 2222 724 2243 anno
738 2213 945 2243 duodecimo.
965 2225 977 2239 n

234 2371 353 2400 4493
743 2372 873 2406 Anagni,
891 2372 921 2399 11
937 2374 1004 2399 aoiit
1021 2372 1100 2399 1238.

198 2433 295 2461 Priori
315 2436 344 2460 et
360 2432 501 2460 fratribus
519 2433 610 2460 eremi
634 2433 737 2459 Sancti
754 2433 916 2464 willelmi.
938 2433 1050 2460 ordinis
1070 2433 1166 2460 sancti

163 2482 334 2514 Benedicti,
360 2481 567 2509 Urbevetanae
591 2481 743 2513 dioecesis,
772 2482 927 2508 confirmat
949 2481 1167 2509 concessionem

161 2531 204 2558 eis
217 2532 327 2558 factam
343 2539 361 2557 a
377 2530 536 2564 Raynerio,
552 2530 679 2557 Sanctae
695 2529 809 2557 Mariae
823 2530 853 2556 in
870 2530 1025 2558 Cosmidiu
1046 2530 1170 2557 diacono

161 2580 319 2612 cardinali,
345 2579 380 2605 de
409 2587 506 2606 eremo
535 2579 571 2605 de
599 2578 766 2612 Mazapalu.
792 2593 823 2597 —-
848 2580 934 2610 (Res.
962 2579 1005 2611 19,
1028 2580 1047 2605 1.
1071 2580 1105 2605 15
1129 2582 1169 2611 r';

162 2637 234 2656 ann.
250 2628 319 2661 XII,
336 2636 361 2655 c.
379 2627 454 2659 220.)
476 2622 482 2625 “

206 2735 219 2749 ι(
243 2746 261 2752 ..
286 2723 388 2760 priori
409 2728 434 2751 et
451 2723 600 2757 fratribus
616 2723 732 2751 heremi
751 2723 855 2751 Sancti
879 2723 1029 2752 tt'tttelme‘.
1050 2724 1171 2752 ordinis

197 2840 219 2864 1.
233 2839 276 2864 On
288 2843 353 2871 peut
368 2847 468 2864 encore
482 2840 662 2870 comprendre
674 2843 699 2863 et
715 2843 848 2869 ponctuer
862 2847 867 2862 :
881 2847 891 2861 n
906 2857 923 2863 ..
936 2841 1031 2863 Sine-ti
1047 2842 1168 2868 vedasti.

164 2885 366 2913 Atrebatensis,
384 2902 400 2908 ..
417 2885 514 2908 Sancti
529 2885 656 2913 Auberti,
674 2885 894 2912 Cameracensis,
908 2886 931 2906 el
950 2901 965 2906 ..
986 2886 1082 2907 Sancti
1101 2886 1170 2907 Cor-

162 2928 235 2951 mlii
251 2929 495 2956 compendiensis,
512 2929 727 2951 suessionensis
742 2926 922 2957 ztior[eswnl.
940 2936 950 2947 >v

1010 246 1230 286 1101121111111
1255 247 1413 284 austun.
2197 255 2271 286 1114

1254 322 1353 350 sancti
1364 322 1523 356 Benedicti,
1540 323 1861 352 Urbevecanedtocests.
1873 323 1979 354 Justis
1993 323 2174 361 petentium
2189 327 2269 362 etc.‚

1256 382 1378 412 usque:
1397 374 1571 413 complere.
1589 375 1672 406 Cum
1688 376 1801 411 igitur.
1815 376 1901 406 sicut
1915 376 2030 413 petitio
2047 381 2157 405 vestra
2169 375 2265 406 nobis

1255 427 1401 457 exhibita
1424 429 1625 463 continebat,
1650 438 1707 458 nos
1733 429 1812 458 olim
1837 429 2107 459 reformationem
2133 429 2265 459 heremi

1255 481 1294 511 de
1319 481 1499 519 Mazapalu,
1521 491 1595 520 quc,
1622 486 1752 520 propter
1775 482 1941 512 incuriam
1969 487 1999 512 et
2024 482 2186 511 malitiam
2214 483 2268 518 H„

1255 534 1421 572 quondam
1448 535 1553 572 ipsius
1581 535 1712 573 prioris.
1747 540 1777 565 et
1803 535 1945 565 aliorum
1977 535 2203 565 habitantium
2235 535 2268 565 in

1256 588 1380 621 eadem,
1399 592 1468 617 crat
1486 592 1550 617 tam
1574 589 1607 618 in
1624 588 1729 626 capite
1746 598 1846 627 quam
1869 589 1903 617 in
1926 589 2085 619 membris
2101 589 2269 619 diminuta

1258 641 1349 671 valde
1363 641 1447 671 acin
1465 641 1701 679 temporalibus
1720 646 1750 672 ct
1767 642 1801 670 in
1819 641 2054 679 spiritualibus
2072 642 2267 678 deformata.

1255 693 1374 724 dilecto
1391 693 1458 723 filio
1476 698 1586 724 nostro
1604 694 1810 734 R[aynerio],
1828 695 1948 725 Sancte
1968 695 2071 725 Mario
2089 695 2121 724 in
2140 695 2269 725 Cosmi-

1255 746 1312 775 «lin
1345 746 1482 776 diacono
1512 747 1695 781 cardinali,
1727 747 1920 777 duxerimus
1960 748 2231 778 committendam
2262 759 2268 776 ε

1257 799 1354 836 idem,
1377 808 1475 837 super
1495 804 1582 829 statu
1600 800 1749 838 ejusdem
1771 800 1950 838 diligenter
1974 801 2148 839 inquirens
2169 806 2200 830 et
2217 805 2268 831 at-

1259 852 1396 882 tendens
1416 853 1503 890 quod
1520 862 1576 891 per
1595 862 1650 882 vos
1667 857 1794 891 poterat
1813 854 1998 885 reformari.
2017 863 2088 883 eam
2106 863 2179 883 cum
2196 863 2270 892 per-

1258 905 1409 935 tinentiis
1429 905 1521 935 vobis
1539 906 1734 936 auctoritate
1751 910 1861 936 nostra
1880 907 2056 937 concessit.
2072 907 2139 936 Nos
2155 907 2266 945 igitur,

1257 957 1343 996 quod
1357 958 1397 987 ab
1414 958 1528 988 eodem
1543 958 1704 987 cardinali
1720 959 1843 988 factum
1860 963 1909 989 est
1921 959 1955 988 in
1973 959 2033 988 hac
2045 964 2147 997 parte,
2163 963 2267 989 ratum

1259 1010 1429 1040 babentes.
1449 1011 1628 1048 predictam
1647 1011 1819 1041 heremum
1836 1011 1930 1041 vobis
1947 1016 1975 1041 ct
1995 1021 2051 1049 per
2069 1021 2123 1041 vos
2135 1012 2269 1043 heremo

1259 1067 1364 1093 vestre
1382 1063 1577 1093 auctoritate
1597 1063 1775 1101 apostolica
1799 1064 2034 1093 confirmamus
2057 1069 2083 1093 et
2106 1065 2269 1103 presentis

1213 1131 1216 1136 ⁴
1258 1116 1372 1154 scripti
1394 1116 1576 1154 patrocinio
1599 1116 1891 1155 com[munimus];
1917 1117 2087 1146 diocesani
2112 1117 2266 1156 episcopi,

1258 1168 1387 1198 abbatis
1413 1168 1525 1198 Sancti
1547 1168 1743 1206 Sepulchri¹
1770 1173 1799 1198 et
1819 1169 1995 1206 cujuslibet
2021 1169 2158 1199 alterius
2181 1171 2272 1200 salvo

1259 1220 1329 1258 jure
1349 1238 1398 1248 —.
1416 1221 1489 1250 Dat.
1514 1221 1676 1257 Anagnie,
1702 1222 1750 1251 ΙΙΙ
1774 1221 1848 1251 idus
1871 1222 2015 1259 augusti.
2038 1231 2124 1251 anno
2147 1222 2270 1253 duode-

1258 1282 1352 1302 cimo.
1379 1286 1391 1299 »

1331 1451 1449 1479 4494
1861 1454 1989 1484 Anauni,
2006 1454 2022 1478 9
2038 1456 2102 1479 anm
2124 1454 2201 1480 1238.

1262 1513 1266 1517 ’
1292 1513 1436 1548 Episcopo
1454 1514 1575 1545 Sorano,
1592 1515 1782 1548 Apostolicac
1803 1515 1888 1541 Sedis
1905 1516 2012 1546 locato,
2031 1516 2153 1542 mandat
2170 1519 2273 1549 quate-

1257 1571 1310 1589 ntis
1336 1561 1527 1597 [Raymundo
1554 1561 1632 1597 Vm,
1660 1563 1763 1589 comiti
1788 1564 1966 1594 Tholosano,
1990 1573 2055 1590 vum
2076 1565 2270 1591 sufficientem

1255 1611 1423 1638 cautionem
1449 1612 1631 1645 praestiterit
1653 1612 1689 1638 de
1713 1613 1894 1639 transeundo
1919 1613 1949 1639 in
1975 1613 2139 1639 subsidium
2167 1614 2272 1639 Terrae

1257 1660 1383 1687 Sanctae
1399 1669 1433 1686 ae
1450 1660 1489 1687 ibi
1505 1668 1555 1694 per
1573 1660 1737 1687 triennium
1760 1661 1911 1693 morando,
1937 1662 2097 1688 terminum
2115 1662 2270 1689 solutionis

1255 1708 1354 1734 decem
1375 1708 1492 1735 milium
1518 1717 1684 1735 marcarum
1705 1709 1832 1742 argenti,
1857 1718 1931 1743 quae
1949 1709 2027 1736 idem
2051 1719 2148 1736 comes
2173 1719 2213 1742 se,
2237 1711 2266 1737 in

1255 1757 1463 1784 reformatione
1493 1757 1584 1791 pacis.
1612 1765 1662 1791 pro
1687 1758 1903 1784 restauratione
1930 1758 2104 1785 damnorum
2135 1759 2267 1786 ecclesiis

1255 1810 1348 1833 terrae
1363 1814 1432 1832 suae
1453 1806 1617 1836 illatorum.
1635 1807 1800 1833 soluturum
1819 1807 2004 1840 promiserat,
2021 1815 2112 1841 usque
2129 1808 2164 1833 ad
2181 1816 2266 1842 apos-

1255 1855 1377 1882 tolicum
1412 1854 1631 1888 beneplacitum
1664 1858 1808 1888 proroget.
1846 1870 1877 1873 —
1912 1856 1998 1886 (Hm.
2034 1855 2077 1884 19,
2116 1859 2134 1881 1'.
2168 1857 2195 1882 15
2229 1859 2266 1887 r⁰;

1254 1912 1324 1929 ann.
1341 1903 1409 1930 xlx.
1431 1912 1456 1929 c.
1473 1893 1540 1934 ‘221;
1559 1918 1589 1921 —
1605 1904 1642 1929 cf.
1660 1910 1757 1935 snpra,
1775 1908 1804 1929 nu
1818 1903 1910 1933 4399.)

1298 2016 1310 2030 ι(
1331 2027 1349 2032 ..
1367 2005 1500 2041 episcopo
1516 2003 1669 2042 Soran[o].
1685 2004 1851 2040 Apostolice
1867 2004 1951 2033 Sedis
1968 2005 2094 2041 [6911102.
2115 2005 2159 2034 Ex
2177 2008 2268 2042 parte

1258 2056 1379 2086 nobilis
1397 2056 1483 2095 [etc.y
1503 2060 1538 2085 ut
1559 2065 1669 2094 supra,
1688 2056 1723 2085 in
1740 2056 1863 2086 litteris
1880 2056 1941 2086 sub
1965 2065 2102 2087 numero
2119 2057 2194 2087 4399
2212 2066 2270 2087 no-

1258 2109 1351 2144 tatis,
1385 2109 1424 2138 ad
1449 2109 1637 2147 episcopum
1663 2110 1899 2139 Penestrinum
1921 2109 2074 2142 directis,
2105 2119 2210 2149 usque
2235 2111 2269 2140 in

1258 2162 1380 2199 tinem}
1408 2162 1481 2191 Dat.
1511 2162 1680 2199 Anagnie.
1708 2163 1737 2191 V
1763 2162 1838 2192 idus
1865 2163 2010 2200 augusti,
2035 2171 2122 2191 anno
2147 2163 2272 2193 duode-

1257 2224 1354 2245 Cimo.
1385 2227 1397 2241 11

1331 2394 1450 2422 4495

1291 2456 1394 2484 Eidem
1409 2457 1543 2483 concedit
1560 2461 1591 2483 ut
1608 2457 1781 2488 haereticos,
1802 2465 1854 2483 nec
1874 2465 1931 2483 non
1953 2457 2119 2484 credentes.
2137 2458 2271 2491 recepta-

1843 2395 1972 2428 Anagni,
1989 2394 2024 2421 10
2037 2397 2103 2421 aeut
2119 2394 2196 2421 1238.

1288 2578 1308 2602 1.
1326 2578 1346 2601 11
1367 2579 1423 2601 faut
1444 2578 1576 2601 entendre
1601 2577 1786 2601 evidemment
1814 2585 1819 2600 :
1847 2578 1946 2600 Sancti
1972 2578 2123 2605 Sepulchri
2142 2579 2174 2599 tte
2194 2580 2272 2606 Aqua

1256 2623 1406 2650 Pendente,
1424 2623 1596 2645 Urbeuetane
1609 2623 1734 2645 diocesis
1750 2621 1795 2647 [cf.
1815 2622 1899 2649 infra.
1917 2627 1982 2644 ann.
2000 2620 2073 2649 xllx,
2090 2627 2113 2644 c.
2134 2621 2197 2644 iOssl.

1284 2666 1308 2689 Ἰ.
1329 2665 1407 2690 Cotte
1429 2666 1514 2689 meme
1537 2666 1612 2696 picce
1636 2672 1665 2688 se
1686 2669 1817 2688 retrouve
1839 2665 1853 2687 ἐι
1877 2665 1950 2688 deux
1976 2669 2068 2687 autres
2096 2664 2219 2687 endroits
2238 2664 2273 2687 du

1254 2710 1386 2737 Reyisow.
1420 2709 1488 2732 mais
1518 2708 1647 2731 adressce
1679 2708 1693 2730 ἐι
1728 2707 1852 2737 l'eveque
1883 2707 1918 2730 de
1955 2706 2095 2732 Preneste.
2125 2710 2150 2729 et
2178 2713 2233 2730 non
2260 2707 2274 2729 ἱι

1254 2752 1375 2782 l’eveque
1399 2752 1431 2775 de
1449 2752 1534 2779 Sora3
1553 2752 1586 2775 de
1603 2758 1648 2774 ces
1667 2751 1741 2774 deux
1760 2754 1853 2774 autres
1871 2750 2096 2780 transcriptions.
2116 2750 2198 2779 sune,
2218 2757 2274 2780 que

1254 2796 1307 2820 l'on
1318 2803 1333 2819 a
1344 2803 1396 2820 vue
1411 2797 1471 2826 plus
1485 2796 1560 2823 haut,
1574 2799 1615 2819 est
1630 2795 1709 2818 datec
1724 2795 1760 2818 du
1779 2795 1791 2818 3
1806 2795 1883 2824 juin:
1902 2797 1967 2818 c‘est
1985 2798 2062 2817 notre
2078 2794 2193 2817 numero
2210 2793 2272 2818 439¹.»

1253 2846 1326 2868 [ann.
1344 2840 1408 2868 Xtt„
1425 2848 1447 2864 c.
1468 2840 1533 2867 tw:
1552 2840 1661 2868 l’autre,
1680 2846 1733 2869 que
1750 2839 1804 2862 l'on
1821 2843 1952 2862 trouvera
1969 2839 2029 2868 plus
2045 2839 2101 2861 loin
2119 2839 2191 2865 (ann,
2208 2837 2270 2864 ΧΗ,

1253 2892 1275 2907 c.
1292 2884 1355 2914 412),
1372 2888 1413 2908 est
1429 2884 1507 2908 datec
1524 2884 1560 2907 du
1578 2883 1672 2913 4111111.
1690 2896 1720 2900 —-
1735 2883 1777 2907 On
1796 2890 1828 2906 ne
1848 2889 1992 2912 remarquc
2012 2882 2045 2905 ici
2065 2889 2173 2905 aucune
2191 2885 2265 2906 tracc

1254 2929 1287 2952 ‹le
1304 2928 1505 2952 modification.
