2519 3518
140 297 197 328 837
999 289 1191 326 oNZIEME
1213 289 1370 325 ANNEE.
2181 299 2238 327 8:38

144 370 264 394 temere
300 364 482 398 venientes,
516 364 555 393 ad
585 364 868 402 jurisdictionem.
905 363 1087 393 dominium
1119 367 1150 391 et
1188 369 1191 400 ζ

142 417 344 447 territorium
361 417 537 446 comitatus
556 417 715 455 ejusdem.
733 416 771 445 de
791 417 935 454 potentia
953 420 1062 445 vestra
1076 424 1149 444 con-

142 469 207 504 fisi.
234 478 352 499 manus
381 469 569 499 extenditis.
598 473 628 499 et
657 478 711 499 ea.
743 469 776 498 in
805 473 1028 506 contemptum
1055 467 1149 497 Sedis

141 521 340 560 Apostolice.
360 522 572 560 appropriare
593 526 702 551 vestro
724 521 871 550 dominio
894 520 1150 558 dampnabiliter

141 574 362 612 attemptatis,
388 579 591 612 opponentes
616 574 823 603 obstaculum
849 574 934 612 quod
963 573 1084 612 aliquis
1111 573 1149 603 dc

141 627 384 657 habitatoribus
410 627 485 657 ville
511 632 617 657 vestre
639 627 677 657 de
699 627 882 656 redditibus
902 626 1148 664 possessionum

141 689 224 719 quas
238 680 272 709 in
290 680 402 710 eodem
418 680 544 709 obtinet
562 680 731 710 comitatu.
749 689 806 718 pro
820 679 1012 709 defensione
1030 679 1148 716 ipsius,

141 732 192 762 vel
218 732 390 770 oportunis
420 732 459 761 ad
488 732 547 762 hoc
573 732 714 762 edificiis
744 737 773 762 et
798 731 1042 761 munitionibus
1071 740 1149 760 con-

141 785 321 815 struendis.
340 785 532 814 vicesimam
550 790 605 814 aut
624 785 840 819 tricesimam,
862 784 910 814 vel
931 784 1020 813 alind
1039 784 1149 813 subsi-

141 837 243 867 dium.
268 837 355 867 sicut
381 842 575 867 consuetum
602 842 651 866 est
674 837 850 872 hactenus„
878 846 942 866 non
968 837 1147 874 impendat.

142 891 296 920 Preterea
320 890 482 928 predones
508 894 537 920 et
565 890 647 919 alios
671 890 812 919 eundem
837 890 1028 919 comitatum
1054 889 1148 918 inva-

140 943 254 973 dentes
278 948 392 973 contra
416 943 506 981 pacis
523 948 683 973 statutum
702 943 735 972 in
760 943 837 972 villa
859 948 967 972 vestra
988 942 1145 980 recipitis.

140 1001 171 1026 et.
187 996 270 1026 alias
294 996 407 1026 fideles
434 997 566 1027 eosdem
582 997 616 1026 in
641 996 755 1026 multis
777 996 1004 1034 multipliciter
1027 995 1148 1025 moles-

141 1049 217 1079 tatis
247 1067 296 1078 —.
323 1051 491 1087 Rogamus
523 1050 634 1088 itaque
661 1050 913 1079 universitatem
943 1054 1084 1079 vestram
1117 1053 1147 1078 et

139 1102 311 1132 hortamur
336 1107 476 1135 attente,
500 1112 558 1140 per
581 1102 758 1140 apostolica
786 1102 878 1132 vobis
905 1102 1026 1139 scripta
1053 1110 1147 1130 man-

139 1155 255 1185 dantes
274 1161 438 1194 quatenus
455 1174 503 1185 —.
523 1156 563 1185 ab
585 1156 759 1186 invasione
781 1155 1000 1194 predictorum
1021 1155 1146 1193 jurium

139 1209 328 1238 desistendo
358 1213 389 1238 et
416 1209 584 1247 occupatis
609 1209 647 1238 de
673 1209 830 1238 comitatu
864 1209 989 1246 prefato
1019 1208 1146 1245 integre

139 1261 319 1296 restitutis.
339 1270 402 1291 uon
425 1262 615 1300 impediatis
633 1271 691 1291 nec
708 1262 862 1299 impediri
887 1261 1086 1299 permittatis
1107 1260 1147 1289 ab

140 1313 251 1352 aliquo
281 1315 361 1352 quin
391 1314 594 1344 habitatores
621 1314 768 1353 ejusdem
794 1314 870 1343 ville
896 1314 934 1344 de
963 1313 1147 1343 redditibus

140 1367 404 1405 supradictarum
421 1367 669 1405 possessionum
685 1371 883 1405 oportunum
899 1366 1069 1396 comitatui
1083 1374 1147 1395 me-

140 1423 266 1449 morato
279 1419 477 1453 subsidium,
493 1424 527 1449 ut
545 1424 711 1454 tenentur,
726 1419 914 1449 exhibeant.
933 1424 961 1448 et
980 1419 1147 1449 subtracta

139 1472 315 1502 restituere
342 1481 407 1502 non
434 1477 643 1510 postponant.
672 1474 847 1502 Invasores
870 1481 946 1501 vei-o
972 1472 1147 1502 comitatus

139 1526 298 1564 ejusdem.
311 1527 406 1565 cujus
418 1526 571 1556 homines
583 1531 613 1556 et
629 1527 775 1564 ipsorum
793 1526 876 1555 bona
889 1527 922 1555 in
936 1526 1146 1560 necessitate,

135 1579 228 1617 juxta
253 1579 393 1608 sormam
419 1579 602 1618 juramenti
634 1579 774 1617 prestiti,
808 1578 1005 1608 defendatis.
1034 1583 1069 1607 ut¹
1099 1578 1147 1607 eis

138 1631 266 1670 integre
299 1631 429 1661 sublata
459 1632 637 1662 restituant.
666 1637 697 1662 et
726 1632 764 1662 de
792 1632 895 1661 illatis
928 1631 1080 1670 dampnis
1111 1640 1147 1661 ac

138 1684 273 1723 injuriis
294 1685 502 1715 satisfaciant
520 1690 759 1723 competenter,
781 1690 941 1723 potestate
964 1685 1057 1714 vobis
1082 1689 1147 1713 tra-

137 1737 206 1767 dita
221 1737 436 1775 compellatis,
457 1737 581 1768 eisdem
599 1738 639 1767 ad
655 1747 711 1767 vos
730 1746 899 1768 accessum
921 1747 979 1768 seu
1000 1742 1147 1776 recepta-

137 1789 249 1819 culum
270 1789 473 1827 denegantes
489 1807 538 1818 —.
562 1790 719 1828 Alioquin
742 1790 872 1820 dilectis
890 1791 969 1820 filiis
992 1815 1010 1820 ..
1029 1800 1146 1829 prepo-

138 1842 212 1878 sito,
233 1865 253 1871 ..
271 1842 505 1872 archidiacono
519 1843 635 1882 majori
654 1847 683 1873 et
703 1866 722 1872 ..
742 1844 926 1881 precentori
943 1844 1146 1874 Nemausen-

139 1895 232 1925 sibus
263 1895 386 1925 nost-ris
417 1895 533 1925 damus
562 1895 683 1925 litteris
711 1896 746 1924 in
776 1896 940 1925 mandatis
969 1902 1022 1932 ut,
1049 1906 1148 1934 super

138 1948 312 1986 premissis
335 1948 499 1986 inquisita
525 1952 555 1978 et
581 1949 727 1985 cognita.
754 1949 826 1978 sine
853 1949 991 1987 strepitu
1015 1949 1145 1987 judicii.

139 2000 334 2038 diligentius
351 2001 499 2036 veritate,
519 2010 576 2030 vos
593 2001 633 2030 ad
649 2001 692 2036 id,
709 2001 889 2031 monitione
902 2002 1074 2039 premissa.
1090 2011 1148 2040 per

139 2061 314 2087 censuram
340 2053 619 2083 ecclesiasticam.
647 2053 867 2091 appellatione
893 2059 1034 2089 remota,
1059 2063 1148 2084 com-

139 2105 274 2143 pellant..
298 2107 370 2135 Dat.
391 2106 558 2142 Laterani,
579 2107 693 2136 xvltt
711 2106 870 2136 kalendas
883 2107 1042 2145 januarii.
1061 2116 1147 2137 anno

141 2158 327 2188 undecimo.
348 2171 360 2184 »

210 2350 334 2379 4007

177 2413 338 2440 priorissae
359 2418 385 2440 et
403 2414 562 2440 conventui
582 2423 710 2440 sororum
734 2414 937 2448 paenitentum
964 2415 1145 2442 inclusarum

139 2462 282 2489 ecclesiae
299 2462 426 2488 Sanctae
444 2462 558 2488 Mariae
574 2466 601 2489 et
624 2463 766 2489 Omnium
790 2463 964 2489 Sanctorum
987 2464 1022 2490 dv
1037 2466 1147 2493 Aceon.

140 2510 254 2537 ordinis
267 2510 361 2536 sancti
377 2511 549 2542 Augustini.
567 2511 712 2544 significat
735 2520 764 2537 se
784 2511 826 2537 cis
844 2512 998 2538 ecclesiam
1021 2514 1148 2539 Sanctae

642 2353 762 2380 Latran,
779 2353 812 2378 23
828 2353 982 2380 decembre
998 2354 1075 2380 1237.

141 2559 256 2585 Mariae
279 2559 382 2585 Novae
408 2559 438 2585 iu
464 2559 627 2585 fovealibus
656 2559 804 2586 Materne.
828 2561 1048 2586 Acherontinae
1067 2561 1148 2587 dioe-

141 2607 224 2639 cesis,
246 2607 283 2634 ab
305 2608 435 2639 Andrea.
458 2608 605 2641 quondam
627 2608 848 2642 archiepiscopo
870 2609 1082 2637 Acherontino.
1107 2610 1148 2636 eis

141 2656 292 2685 collatam,
306 2671 337 2674 —
353 2657 382 2682 in
397 2664 454 2689 qua
468 2656 591 2682 eeclesia
605 2661 768 2683 conventus
781 2657 912 2689 ejusdem
926 2657 1039 2684 ordinis
1053 2659 1147 2685 sancti

141 2705 302 2738 Augustini
329 2705 486 2736 existebat,
512 2719 543 2722 —
572 2713 638 2731 cum
662 2705 852 2738 pertinentiis
878 2706 939 2732 suis
963 2706 1147 2735 confirmare.

142 2752 260 2779 insertis
273 2753 327 2779 sub
342 2761 394 2779 sua
411 2753 491 2779 bulla
508 2753 640 2786 ejusdem
657 2753 793 2780 Andreae
808 2754 1022 2788 archiepiscopi
1040 2755 1148 2781 litteris

141 2809 228 2835 super
249 2801 349 2828 eadem
377 2802 536 2828 collatione
563 2802 715 2828 confectis.
742 2817 774 2820 —
804 2803 890 2833 (Hm.
918 2803 960 2829 18.
990 2805 1009 2829 f.
1035 2804 1087 2830 344
1109 2808 1147 2835 r‘¹;

141 2857 211 2875 ann.
229 2850 283 2881 XI.
300 2858 325 2876 c.
342 2850 417 2880 336.)

184 2961 198 2975 ιι
223 2972 243 2978 ..
263 2951 409 2987 priorisse
428 2960 462 2979 ac
485 2952 649 2980 conventui
669 2960 807 2980 sororum
830 2953 1020 2989 penitentum
1044 2953 1150 2982 Sancte

1232 362 1326 390 itm-ie
1351 368 1376 389 νΙ
1399 364 1543 391 Omnium
1569 364 1749 392 ‚sant-torum
1774 365 1866 391 Act-on
1892 365 2094 394 inclusarum.
2119 365 2239 393 orcIInis

1231 417 1330 443 sancti
1347 417 1526 451 Anqnstini.
1547 415 1634 445 Solet
1657 425 1803 444 annm-re
1825 420 1885 445 etc.
1904 433 1952 444 —.
1972 417 2043 445 Dat.
2069 417 2234 451 Laterani,

1232 468 1261 496 X
1280 467 1439 497 kalendas
1453 468 1612 506 januarii7
1630 478 1716 497 anno
1735 468 1919 497 undecimo.
1940 482 1952 494 v>

1303 626 1451 661 [4008]

1269 688 1387 721 [Chai-ia
1404 697 1471 714 veru·
1486 689 1627 722 praedicti
1641 689 1786 716 Andron-2
1799 689 2012 723 archiepiscopi
2030 690 2236 716 Arba-rontini.

1852 629 1975 658 Malu-ra,
1994 637 2069 653 mars·
2089 629 2163 654 1231.

1234 738 1303 762 itastt‘
1319 742 1360 763 cst

1274 850 1285 863 α
1312 837 1477 867 Andreas.
1502 837 1692 873 dig-'natione
1718 838 1831 867 divina
1855 838 2077 867 Aclierontine
2100 838 2237 867 ecclesie

1234 902 1246 915 1>
1273 890 1425 919 minister
1442 890 1596 924 humilis,
1615 890 1743 919 dilectis
1762 891 1794 919 in
1812 890 1945 921 Christo
1963 890 2093 919 filiabus
2113 914 2131 919 ..
2151 891 2238 929 prio-

1234 956 1245 968 »
1272 943 1355 972 risse
1381 948 1409 972 et
1437 943 1637 972 monialibus
1666 953 1824 972 novarum
1852 944 2070 981 penitentium
2099 944 2237 973 ecclesie

1234 1008 1245 1021 »
1271 998 1390 1025 Sancte
1411 996 1513 1025 Mari-e
1531 1000 1559 1025 et
1582 996 1738 1025 Omnium
1758 998 1953 1025 Sanctorum
1976 996 2013 1025 de
2034 998 2152 1025 Acron.
2173 1002 2236 1025 tam

1233 1061 1244 1074 n
1270 1049 1481 1086 presentibus
1512 1058 1609 1086 quam
1639 1049 1774 1078 suturis.
1806 1049 1838 1077 in
1871 1054 2075 1086 pvrpvtnuin.
2108 1049 2189 1079 Cum
2222 1060 2238 1077 a

1233 1114 1245 1127 ι)
1271 1101 1366 1130 nobis
1384 1101 1506 1139 petitur
1522 1119 1570 1129 -.
1598 1102 1790 1139 Eaproptcr.
1817 1101 1934 1130 dib—rte
1959 1101 1991 1130 in
2016 1101 2148 1131 Christo
2173 1102 2238 1131 lilie

1232 1166 1244 1179 n
1273 1153 1434 1183 moniales
1453 1162 1610 1183 novarum
1622 1154 1990 1192 penitentiumecclesie
2008 1156 2125 1183 Sancte
2139 1155 2241 1184 Mario

1232 1218 1245 1231 »
1272 1211 1300 1236 ct
1319 1207 1475 1236 Omnium
1495 1208 1689 1236 Sanctorum
1710 1207 1747 1235 de
1766 1208 1890 1238 Areon,
1911 1207 2029 1235 vestris
2048 1207 2147 1244 justis
2168 1216 2242 1244 pos-

1232 1272 1244 1284 »
1271 1259 1490 1288 tutationitms
1519 1259 1772 1298 impertipwntes]
1810 1268 2002 1294 assensum,
2035 1259 2241 1288 attendi-ntes

1233 1324 1244 1337 »
1270 1311 1478 1349 religionem.
1497 1312 1745 1341 considerantes
1768 1312 1867 1341 etiam
1891 1311 2029 1341 ecclesie
2047 1317 2153 1341 vestre
2176 1321 2239 1341 non

1233 1376 1244 1390 n
1271 1365 1432 1394 modicam
1461 1370 1701 1403 paupertatem.
1733 1374 1772 1394 ne
1796 1365 1999 1402 paupertatis
2027 1374 2132 1394 onus.
2155 1365 2239 1403 quod

1232 1430 1244 1443 »
1270 1417 1372 1447 absit!
1402 1417 1576 1455 religionis
1603 1423 1709 1448 vestre
1737 1418 1981 1447 observantiam
2010 1423 2117 1455 posset
2146 1418 2241 1447 modo

1232 1483 1245 1496 »
1271 1470 1416 1509 quolibet
1443 1471 1614 1508 impedire,
1634 1470 1874 1508 compassionis
1901 1471 1988 1499 circa
2010 1480 2065 1500 vos
2086 1471 2238 1508 spiritum

1233 1536 1244 1549 n
1257 1515 1459 1557 induentes.
1478 1524 1516 1553 de
1533 1523 1701 1553 communi
1719 1524 1856 1552 fratrum
1877 1528 2063 1552 nostrorum
2082 1523 2239 1552 consilio.

1233 1589 1244 1602 »
1270 1576 1444 1606 ecclesiam
1472 1577 1590 1606 Sancte
1612 1577 1716 1606 Marie
1742 1577 1844 1606 Nove.
1871 1576 1967 1605 sitam
1993 1576 2026 1604 in
2053 1575 2238 1605 fovealibus

1232 1642 1244 1655 »
1270 1629 1415 1659 civitatis
1432 1630 1566 1659 Matere.
1581 1639 1655 1658 cum
1672 1629 1827 1658 omnibus
1844 1629 2036 1658 tenimentis
2047 1629 2128 1663 suis,
2147 1628 2238 1657 vide-

1231 1695 1244 1708 »
1269 1682 1343 1712 licet
1355 1683 1519 1716 domibus.v
1533 1683 1650 1718 vineis,
1667 1683 1760 1712 ortis.
1775 1682 1881 1718 libris,
1893 1682 2024 1720 pannis.
2038 1687 2067 1711 et
2085 1682 2238 1711 omnibus

1232 1747 1243 1761 n
1270 1735 1345 1764 aliis
1369 1736 1408 1765 ad
1434 1735 1571 1765 eandem
1599 1735 1771 1765 ecclesiam
1795 1736 1883 1774 juste
1909 1735 2146 1773 spectantibus,
2173 1739 2237 1763 tam

1232 1800 1243 1814 n
1269 1789 1350 1818 foris
1367 1798 1465 1826 quam
1482 1789 1591 1817 intus.
1611 1789 1645 1817 in
1663 1789 1795 1817 civitate
1813 1788 2003 1827 Mamm-[ej.
2027 1788 2058 1816 in
2079 1787 2235 1817 liberam.

1232 1853 1243 1867 »
1270 1850 1384 1878 puram
1417 1846 1445 1870 et
1485 1846 1675 1879 perpetuam
1707 1840 1922 1870 elemosinam
1954 1841 2046 1869 vobis
2084 1840 2237 1869 duximus

1232 1906 1244 1919 »
1269 1894 1530 1923 concedendam.
1559 1894 1716 1923 canonice
1750 1899 1958 1923 reservantes
1991 1898 2024 1922 ut
2056 1893 2094 1922 de
2125 1893 2237 1922 eadem

1232 1959 1244 1972 »
1270 1946 1410 1976 ecclesia
1427 1952 1537 1976 nostre
1554 1947 1651 1975 matri
1669 1946 1892 1976 Achercmtine
1917 1946 2070 1975 ecclesie.
2097 1946 2130 1974 in
2156 1947 2239 1975 sesto

1232 2011 1244 2025 n
1270 1999 1358 2029 beati
1386 1999 1557 2029 Canionis.
1584 1999 1764 2028 bizantium
1790 2008 1891 2028 unum
1918 2008 1975 2036 pro
2001 2008 2111 2028 annuo
2137 2008 2237 2028 censu

1232 2064 1244 2077 »
1270 2052 1367 2081 annis
1380 2051 1523 2089 singulis
1538 2051 1744 2089 persolvatis.
1766 2052 1802 2081 Et
1820 2056 1853 2080 ut
1870 2051 1930 2080 hec
1946 2056 2057 2080 nostra
2069 2051 2239 2081 concessio

1232 2116 1244 2130 n
1270 2109 1338 2134 rata
1356 2109 1385 2134 et
1405 2106 1499 2134 firma
1516 2113 1645 2142 semper
1668 2104 1829 2134 habeatur
1845 2104 1879 2133 in
1901 2109 2079 2141 posterum,
2095 2104 2134 2133 ad
2151 2105 2239 2143 ejus-

1232 2170 1244 2183 »
1270 2158 1343 2187 dem
1369 2157 1595 2187 concessionis
1623 2157 1823 2187 evidentiam
1850 2162 1879 2187 et
1908 2157 2101 2186 inviolabile
2127 2158 2239 2186 firma-

1232 2224 1244 2237 »
1270 2216 1430 2241 mentum.
1463 2211 1523 2240 hoc
1552 2220 1688 2249 presens
1719 2211 1877 2248 scriptum
1902 2211 1995 2240 vobis
2022 2211 2139 2239 exinde
2167 2211 2238 2239 lieri

1232 2276 1244 2290 »
1270 2265 1410 2294 fecimus
1430 2273 1486 2302 per
1510 2273 1628 2293 manus
1644 2264 1767 2302 judicis
1788 2263 1946 2297 L’rsonis‚
1975 2269 2085 2292 nostra
2109 2268 2238 2293 nostro-

1232 2330 1244 2343 »
1270 2326 1409 2356 rumque
1433 2317 1666 2347 canonicorum
1686 2317 1940 2354 subscriptione.
1966 2317 2060 2353 signo
2082 2321 2110 2345 et
2129 2316 2239 2351 sigillo

1232 2383 1244 2396 n
1271 2376 1383 2400 nostro
1401 2370 1532 2408 proprio
1548 2370 1748 2399 roboratum.
1769 2371 1885 2399 Actum
1899 2369 1958 2398 boc
1974 2370 2007 2398 in
2025 2369 2157 2399 civitate
2174 2370 2238 2398 Ma-

1232 2435 1244 2450 »
1270 2423 1399 2462 ther[e].
1419 2432 1505 2453 anno
1522 2423 1694 2452 Dominice
1718 2422 1963 2452 Incarnationis
1986 2422 2236 2452 ΜῦθῼῡΧΧΧΡι

1232 2489 1245 2503 »
1270 2486 1383 2507 mense
1407 2477 1536 2507 martio.
1560 2476 1742 2506 indictione
1762 2475 1879 2514 1111[=³]‚
1903 2476 2113 2513 pontificatus
2134 2475 2236 2504 nostri

1233 2542 1244 2556 ι)
1270 2539 1357 2559 anno
1373 2530 1553 2559 tricesimo.
1572 2529 1726 2559 feliciter.
1743 2530 1858 2558 Amen.
1873 2529 1939 2565 Ego
1952 2528 2112 2557 Andreas.
2131 2527 2237 2556 Ache-

1232 2595 1245 2609 »
1271 2583 1424 2612 rontinus
1451 2582 1732 2620 archiepiscopus.
1760 2582 1825 2617 Ego
1851 2581 2042 2615 Damianus,
2072 2581 2236 2609 Acheron-

1233 2648 1245 2661 »
1271 2635 1361 2665 tinus
1374 2635 1640 2665 archidiaconus.
1660 2635 1725 2671 Ego
1740 2634 1900 2663 Andreas.
1919 2633 2164 2662 Acherontinus
2182 2642 2236 2661 ca-

1233 2700 1245 2714 n
1271 2688 1422 2717 nonicus.
1462 2688 1529 2725 Ego
1566 2687 1734 2716 Matheus.
1992 2685 2237 2714 Aclierontinns

1233 2753 1246 2768 »
1271 2741 1461 2771 canonicus.
1488 2741 1553 2778 Ego
1574 2739 1756 2773 Joliannes.
1780 2738 2025 2767 Aclierontinus
2046 2737 2236 2766 canonicus.

1234 2806 1246 2820 n
1271 2795 1338 2831 Ego
1363 2793 1573 2828 XYillelmus,
1596 2791 1841 2821 Acherontinus
1863 2790 2053 2819 canonicus.
2077 2790 2142 2826 Ego
2158 2790 2238 2818 Got'-

1234 2858 1246 2872 n
1272 2846 1385 2876 fredus
1422 2846 1460 2875 de
1496 2845 1626 2879 Tulbia,
1664 2843 1910 2873 Acherontinus
1943 2842 2132 2871 canonicus.
2171 2841 2238 2876 Ego

1235 2912 1247 2925 »
1274 2899 1457 2933 Bizamius,
1480 2897 1726 2927 Acherontinus
1747 2895 1902 2925 decanus.
1929 2895 1995 2931 Ego
2019 2895 2147 2923 Petrus.
2173 2894 2237 2930 (1ζο-

1237 2965 1250 2979 n
1274 2951 1370 2991 mi]ni
1398 2960 1478 2990 pape
1508 2950 1647 2988 scriptor
1679 2954 1708 2978 et
1740 2953 1853 2977 cantor
1883 2947 2139 2976 Acherontinus.
2172 2947 2239 2984 Ego

1774 2686 1952 2724 presbiter.
