2519 3518
135 317 190 349 193

204 385 324 413 2823
636 387 768 422 Viterbe‚
782 390 798 415 ’ἶ
814 389 973 416 novembre
988 389 1067 416 1235.

168 447 274 475 Eidem
290 447 438 482 significat
451 457 481 475 sc
497 449 636 477 comitem
652 449 869 478 Nivernensem
884 454 912 478 et.
929 451 1096 483 Forensem,
1108 450 1140 477 in

132 496 239 524 Terrae
255 495 383 523 Sanctae
398 496 562 524 subsidium
576 519 582 530 ,
601 498 684 532 signo
705 499 800 526 erucis
815 502 980 533 assumpto,
995 499 1140 533 proficisci

132 546 356 579 proponentem,
373 553 426 572 nec
440 553 497 572 non
512 548 540 573 et
553 545 629 573 bona
642 547 705 580 ejus
718 547 772 574 sub
785 547 863 574 beati
878 547 959 574 Petri
973 550 1002 574 et
1015 556 1067 574 sua
1078 556 1141 581 pro-

131 593 260 620 tectione
279 593 456 627 suscepisse,
473 596 502 621 ct
521 595 660 622 statuisse
681 597 730 628 ut,
752 596 776 622 si
794 597 866 622 forte
882 596 979 623 dictus
997 604 1093 622 eomes
1109 595 1140 622 in

132 641 266 676 partibus
281 641 491 669 transmarinis
506 642 671 676 decederet,
688 644 750 677 ejus
769 643 835 676 filii,
852 652 918 670 cum
935 647 1012 670 terra
1030 646 1057 670 et
1073 643 1141 670 aliis

132 689 216 718 bonis
232 690 308 723 suis,
324 690 379 718 sub
395 691 583 725 Apostolicae
602 692 688 719 Sedis
704 693 798 719 tutela
816 693 1026 724 consisterent:
1044 693 1139 719 eidem

133 738 233 766 abbati
251 739 375 766 mandat
396 741 542 773 quatenus
562 748 620 766 non
644 740 799 774 permittat,
821 744 853 767 ut
875 741 921 767 illi
944 749 1031 774 super
1052 741 1141 767 dietis

132 786 217 815 bonis
229 787 267 814 ab
279 787 429 822 aliquibus
442 787 576 814 indebite
592 789 795 815 molestentur.
810 804 840 807 —
853 790 940 820 (Rae.
955 789 998 821 18.
1013 791 1032 816 f.
1045 789 1076 816 81
1091 792 1120 815 v⁰
1133 797 1140 821 ;

132 844 202 863 ann.
215 836 268 869 IX,
283 844 308 863 c.
325 835 393 868 2”0;
411 851 443 854 —
458 836 616 863 Porrnasr
628 836 739 868 10041.)

174 949 187 964 α
221 938 338 966 Eidem.
371 937 473 972 Cum⁷
505 937 591 967 sicut
620 937 761 967 dilectus
790 956 839 966 —.
873 939 944 967 Dat.
979 938 1139 973 Viterbii,

131 990 196 1020 VII
211 989 286 1020 idus
302 989 503 1026 novembris,
523 998 610 1020 anno
624 998 722 1019 nono.
742 1002 754 1016 n

201 1161 322 1189 2824

166 1223 311 1258 Episcopo
327 1223 528 1251 Cumanorum
544 1224 667 1251 mandat
681 1226 825 1258 quatenus
841 1233 959 1251 causam
976 1233 1050 1259 quae
1063 1225 1141 1252 inter

131 1272 371 1300 Ultrasilvanum
388 1272 570 1307 epIscopum,
585 1280 620 1299 ex
631 1275 714 1307 parte
727 1281 796 1306 una,
811 1276 839 1300 et
851 1273 995 1300 decanum
1010 1273 1141 1300 sacerdo-

131 1322 233 1354 tesque
245 1321 281 1347 de
300 1324 379 1348 terra.
396 1321 518 1352 Burzae,
535 1329 570 1347 ex
586 1321 689 1353 altera,
713 1329 800 1355 super
820 1321 990 1348 obedientia
1009 1325 1038 1349 et
1060 1330 1141 1349 reve-

130 1369 229 1396 rentia
254 1369 434 1402 vertebatur,
467 1369 648 1396 sufficienter
675 1370 852 1397 instructam
881 1371 916 1397 ad
945 1371 1139 1405 apostolicum

131 1419 266 1445 remittat
294 1427 434 1451 examen,
464 1419 626 1453 praefigens
657 1419 768 1446 eisdem
805 1419 938 1454 partibus
977 1420 1139 1447 terminum

130 1467 374 1501 peremptorium,
405 1468 513 1494 festum
540 1467 682 1495 videlieet
706 1468 786 1495 beati
818 1468 978 1495 Michaelis
1007 1469 1140 1503 proximo

131 1518 302 1549 venturum,
325 1525 380 1550 quo
399 1525 464 1543 cum
489 1516 686 1544 munimentis
709 1519 737 1544 et
753 1517 917 1544 rationibus
938 1518 999 1544 suis
1022 1526 1141 1552 compa-

132 1567 217 1592 reant
232 1573 329 1592 coram
346 1565 422 1592 Sede
436 1565 617 1600 Apostolica.
628 1580 660 1584 —
677 1566 763 1598 (Περ.
780 1566 824 1599 18,
845 1567 865 1592 f.
886 1566 919 1593 82
939 1569 979 1598 1·⁰;
994 1575 1064 1593 ann.
1087 1567 1139 1599 IX,

131 1621 156 1640 c.
170 1613 220 1640 271
233 1621 239 1645 ;
255 1628 286 1631 —
298 1613 432 1641 Monimo
446 1613 525 1646 1190,
543 1615 563 1641 f.
581 1614 646 1647 155;
661 1629 693 1632 —
710 1614 868 1641 Porrussr
881 1614 991 1645 100-12.)

635 1162 768 1193 Viterbe,
785 1162 801 1188 8
815 1162 974 1189 novembre
990 1163 1069 1189 1235.

172 1727 185 1742 οι
201 1737 222 1743 ..
241 1716 375 1752 episeopo
394 1715 618 1745 Cumanorum.
636 1715 755 1746 Coram
772 1716 956 1746 venerabili
972 1716 1074 1745 fratrc
1090 1733 1139 1745 —-.

129 1768 203 1797 Dat.
222 1768 378 1803 Viterbii,
397 1769 442 1798 VI
459 1768 534 1798 idus
553 1769 754 1804 novembris,
775 1778 861 1799 anno
879 1778 977 1799 nono.
998 1782 1010 1795 »

201 1946 321 1975 28²5

165 2008 310 2043 Episcopo
325 2009 518 2043 Nivernensi,
540 2010 631 2044 priori
651 2010 830 2044 provinciali
849 2011 962 2037 ordinis
980 2011 1140 2038 Praedica-

129 2059 226 2084 torum
240 2057 272 2084 111
288 2057 424 2091 Francia,
444 2061 473 2085 et
494 2059 634 2092 magistro
653 2057 805 2093 J[ohanni]
822 2059 857 2085 de
874 2059 976 2086 Monte
992 2059 1139 2093 Mirabili,

129 2105 337 2132 archidiacono
351 2107 525 2139 Parisiensi,
546 2107 668 2134 mandat
686 2110 841 2141 quatenus,
858 2107 883 2134 si
897 2108 1142 2135 excommunica-

128 2154 239 2181 tionem
256 2154 287 2180 in
310 2155 433 2181 Petrum
454 2155 590 2189 Vogrini,
608 2155 729 2188 laicum,
752 2155 1018 2188 Silviniaceucem,
1038 2156 1141 2184 Claro-

129 2203 293 2230 montensis
306 2203 458 2236 dioecesis,
473 2203 509 2230 de
525 2204 650 2230 crimine
666 2204 825 2238 pravitatis
842 2205 1006 2231 haereticae
1019 2213 1140 2232 accusa-

127 2254 192 2279 tum
206 2273 212 2285 ,
244 2255 309 2286 post
337 2253 569 2287 appellationem
602 2253 639 2279 ad
671 2253 777 2280 Sedem
809 2253 1012 2287 Apostolicam
1047 2254 1139 2280 latam

127 2301 302 2335 repererint,
316 2301 401 2328 illam
414 2302 529 2327 nullam
544 2310 605 2328 esse
621 2301 809 2328 denuntient.
823 2316 854 2319 —
867 2302 953 2334 (Rem.
966 2302 1009 2330 18.
1024 2302 1138 2334 1·.SJ21-⁰;

130 2357 200 2376 ann.
212 2350 266 2382 IX,
279 2358 303 2376 c.
316 2349 385 2381 27&
403 2365 434 2367 —
452 2350 609 2377 Pei-masi*
624 2349 734 2381 10044.)

634 1948 767 1980 Viterbe.
782 1948 798 1975 8
815 1948 974 1975 novembre
990 1949 1068 1975 1235.

170 2463 184 2478 α
211 2474 231 2480 ..
254 2452 388 2489 episcopo
412 2451 611 2485 Nicernensi,
638 2474 657 2479 ..
679 2452 783 2489 priori
805 2452 996 2488 provinciali
1020 2452 1141 2481 ordinis

128 2505 359 2534 Predt'calorum
375 2506 407 2534 iu.
419 2505 565 2539 Francia,
581 2510 606 2533 ct
625 2506 770 2542 maqistro
785 2506 810 2534 J.
830 2505 863 2534 cle
878 2496 975 2534 Monte
990 2506 1138 2541 llo-abili,

128 2559 348 2588 archidiacono
360 2559 539 2587 Parisiensi.
552 2557 722 2588 Accedens
736 2558 776 2587 ad
786 2557 1009 2596 Apostolicam
1022 2558 1140 2588 Sedem

129 2611 416 2648 PetrusVogrini,
432 2610 549 2645 laicus,
568 2610 834 2645 Silviniacensis,
855 2610 1139 2641 Claromontensis

130 2663 283 2699 diocesis,
301 2663 397 2694 nobis
414 2663 565 2702 exposuit
579 2663 675 2702 quod,
695 2672 769 2693 cum
783 2663 863 2693 olim
878 2663 961 2694 bone
981 2664 1139 2694 memorie

131 2739 152 2745 ..
174 2716 379 2746 Bituricensi
402 2716 650 2754 archiepiscopo
673 2720 704 2746 et
728 2739 747 2745 ..
772 2716 925 2754 episcopo
947 2716 1140 2746 Autisiodo-

128 2769 221 2799 rensi
245 2769 285 2799 ad
307 2769 546 2808 inquirendum
570 2769 607 2799 de
633 2769 773 2799 crimine
796 2769 970 2807 pravitatis
993 2769 1140 2799 heretice

129 2821 165 2851 in
181 2822 261 2852 villa
277 2823 316 2853 dc
334 2823 480 2853 Caritate
497 2822 716 2853 direxerimus
734 2822 855 2860 scripta
879 2826 1007 2857 nostra,
1031 2823 1139 2853 dictus

131 2875 320 2914 episcopm,
341 2899 359 2904 ..
381 2875 636 2906 archidiaconus
652 2875 939 2905 Autisiod01-ensis
957 2880 988 2905 et
1009 2899 1030 2904 ..
1050 2876 1141 2913 prior

129 2927 215 2958 Belli
231 2929 371 2963 Lati-ici,
390 2929 512 2967 quibus
531 2929 620 2959 idem
637 2928 908 2967 archiepiscopus
929 2928 1141 2958 commiserat

129 2980 218 3010 vices
235 2989 323 3017 suas,
344 2981 489 3011 citarunt
506 2981 659 3012 eundem.
678 2981 758 3018 Qui,
776 2981 853 3011 licet
872 2981 906 3010 in
922 2981 1045 3019 ipsum,
1065 2989 1141 3010 cum

251 3039 436 3072 GREGOIRE
454 3048 506 3077 ix,
524 3050 543 3072 t.
562 3048 596 3072 11.

974 314 1204 352 NEUVIEME
1226 316 1385 353 ANNEE.

2170 330 2224 359 194

1224 387 1263 418 de
1281 388 1359 436 v‘illa
1376 398 1441 419 non
1458 396 1545 422 esset
1561 393 1685 427 eadem,
1704 392 1828 423 nullam
1845 393 1944 424 iidem
1958 395 2225 433 jurisdictionem

1224 439 1399 477 haberent,
1425 451 1536 473 eorum
1553 444 1794 483 jurisdictioni,
1813 446 2025 484 inquisitioni
2042 452 2073 477 et
2093 448 2227 478 ordina-

1224 492 1307 522 tioni
1324 499 1527 532 spontaneus
1546 506 1580 527 se
1597 498 1811 533 submittens,
1830 499 1924 537 quia.
1945 499 2096 538 diligenti
2113 501 2226 540 inqui-

1224 547 1345 578 sitione
1362 549 1475 579 babita
1491 556 1605 581 contra
1625 561 1718 587 cum,
1742 553 1845 582 nichil
1863 554 1993 584 sinistri
2011 556 2115 593 potuit
2134 556 2227 586 inve-

1224 599 1301 636 niri,
1328 610 1384 639 per
1404 602 1516 633 decem
1539 604 1739 642 presbiteros
1763 610 1793 635 et
1817 606 1970 642 clericos,
1999 616 2057 637 nec
2083 617 2147 638 non
2170 617 2228 647 per

1225 653 1359 683 totidem
1377 655 1500 686 milites
1518 661 1547 687 et
1564 657 1745 694 burgenses
1763 658 1986 689 innocentiam
2003 670 2113 696 suam,
2131 667 2227 700 prout

1225 706 1253 735 ei
1272 706 1312 735 ab
1328 707 1409 745 ipsis
1431 708 1616 747 injunctum
1634 710 1751 745 fuerat,
1768 712 1970 749 expurgavit.
1990 713 2026 742 Et
2046 722 2120 742 cum
2136 718 2227 751 post-

1224 759 1356 789 modum
1380 761 1531 791 nonnulli
1557 762 1628 801 ejus
1649 762 1750 792 emuli
1774 763 1879 801 ipsius
1903 766 2022 794 famam
2040 766 2227 796 niterentur

1224 811 1454 850 multipliciter
1464 814 1649 852 denigrare,
1664 824 1733 850 uos.
1747 816 1786 845 ad
1799 816 1945 854 ejusdem
1958 818 2162 847 instantiam.
2176 827 2227 849 ve-

1225 865 1367 894 nerabili
1384 866 1478 895 110111
1494 872 1605 897 nostro
1625 891 1643 896 ..
1662 868 1813 906 episcopo
1830 868 2105 905 Claromontensi,
2123 871 2228 901 dioec-

1225 925 1306 945 sano
1338 926 1408 951 suo,
1443 920 1565 949 nostris
1595 920 1745 950 dedimus
1774 920 1893 950 litteris
1924 922 1956 951 in
1986 923 2149 953 mandatis
2172 928 2225 959 ut,

1224 968 1385 1007 inquisita
1416 981 1514 1009 super
1539 972 1606 1002 hiis
1634 973 1827 1011 diligentius
1858 975 2010 1007 veritate,
2040 976 2126 1005 circa
2153 986 2228 1006 eum

1225 1026 1384 1052 statueret
1409 1024 1494 1062 quod
1518 1024 1623 1063 ipsius
1650 1025 1748 1055 saluti
1775 1027 1926 1064 expedire
1952 1028 2088 1058 videret.
2113 1029 2227 1059 Dictus

1224 1083 1301 1104 vero
1319 1075 1619 1112 maromontem-si&
1638 1078 1755 1108 iterato
1774 1084 1886 1108 contra
1905 1089 1979 1109 cum
1998 1089 2096 1118 super
2114 1081 2227 1112 codem

1224 1126 1478 1165 inquisitionem
1499 1129 1635 1165 faciens,
1662 1135 1692 1159 et
1713 1131 1873 1161 mandans
1897 1132 1929 1160 in
1952 1132 2031 1162 locis
2050 1133 2084 1162 in
2107 1134 2227 1172 quibus

1225 1184 1439 1210 conversatus
1463 1181 1589 1217 fuerat,
1614 1183 1762 1212 nuntiari
1783 1187 1833 1218 ut,
1859 1184 1886 1212 si
1912 1185 1987 1222 quis
2011 1185 2106 1215 vellet
2130 1195 2228 1224 super

1224 1231 1286 1261 hoc
1302 1232 1429 1271 aliquid
1444 1243 1626 1272 proponere
1643 1239 1755 1265 contra
1773 1244 1857 1271 eum.
1876 1237 1909 1265 in
1927 1237 2032 1274 ipsius
2049 1239 2225 1276 presentia.

1225 1285 1324 1315 certis
1343 1285 1413 1315 loco
1428 1291 1456 1316 ct
1476 1291 1631 1325 tempore.
1651 1294 1863 1326 compareret,
1881 1289 1958 1327 quia
1976 1289 2086 1319 nullus
2104 1291 2228 1320 eisdem

1224 1337 1294 1367 1000
1323 1342 1353 1368 et
1381 1343 1524 1377 tempore
1549 1340 1706 1370 adversus
1737 1350 1811 1370 eum
1840 1342 2039 1380 comparuit.
2067 1347 2098 1372 et
2125 1343 2229 1373 nichil

1225 1395 1339 1421 contra
1366 1392 1475 1430 ipsum
1506 1393 1611 1431 potuit
1635 1393 1795 1423 inveniri.
1825 1394 1904 1432 quin
1931 1395 2055 1432 potius,
2084 1396 2161 1434 quia
2190 1396 2228 1425 de

1224 1445 1420 1482 purgatione
1441 1446 1601 1483 premissa
1628 1446 1692 1476 sibi
1717 1447 1863 1476 constitit
1886 1448 2064 1478 evidenter.
2089 1458 2229 1479 necnon

1225 1497 1427 1527 venerabilis
1444 1499 1547 1528 frater
1563 1504 1674 1529 noster
1693 1523 1712 1528 ..
1735 1500 2003 1538 ambi-spiscopus
2026 1502 2228 1531 Senonensis

1226 1559 1262 1580 ac
1279 1551 1374 1580 multi
1398 1551 1454 1580 alii
1474 1552 1592 1589 prelati
1618 1553 1712 1590 regni
1735 1554 1873 1583 Francie
1897 1554 1934 1583 dc
1957 1555 2020 1583 vite
2044 1555 2227 1585 honestate.

1225 1604 1373 1634 moribus
1388 1605 1518 1634 etfama
1533 1605 1639 1643 ipsius
1653 1606 1819 1635 laudabile
1837 1607 2063 1636 testimonium
2080 1617 2137 1645 per
2153 1618 2229 1637 suas

1224 1657 1353 1687 litteras
1376 1657 1608 1687 reddiderunt,
1637 1667 1711 1688 eum
1739 1659 1920 1689 immunem
1949 1670 1964 1689 a
1990 1661 2136 1698 predicto
2165 1661 2229 1690 cri-

1224 1702 1314 1740 mine
1342 1710 1520 1740 nuntiavit.
1545 1711 1694 1750 Cumque
1719 1712 1924 1750 postmodum
1952 1713 2046 1742 fratri
2076 1713 2228 1743 Roherto.

1225 1763 1352 1793 ordinis
1370 1764 1511 1793 fratrum
1529 1764 1788 1799 Predicatorum,
1807 1765 1845 1794 ad
1858 1765 2094 1803 inquirendum
2108 1766 2145 1795 (le
2157 1776 2231 1804 pre-

1224 1816 1292 1845 fato
1311 1816 1450 1846 crimine
1472 1817 1506 1845 in
1528 1826 1629 1853 regno
1652 1818 1790 1846 Francie
1814 1822 1943 1847 nostras
1967 1818 2093 1847 litteras
2119 1819 2230 1847 misis-

1226 1877 1348 1898 semus.
1367 1874 1396 1898 et
1414 1869 1501 1898 idem
1517 1870 1619 1899 frater
1635 1879 1745 1899 coram
1765 1880 1798 1899 se
1816 1875 1961 1901 vocasset
1980 1871 2136 1901 eundem.
2155 1882 2229 1910 pre-

1224 1921 1313 1951 fatus
1348 1923 1477 1956 Petrus.
1503 1922 1542 1951 ad
1574 1923 1680 1960 ipsius
1712 1923 1825 1952 fratris
1856 1924 2057 1961 presentiam
2087 1929 2116 1953 et
2150 1925 2229 1953 dicti

1225 1974 1509 2005 Claromontensis
1526 1975 1671 2013 episcopi
1694 1975 1848 2010 veniens,
1870 1986 1982 2005 corum
2001 1976 2229 2014 jurisdictioni

1225 2031 1255 2056 et
1279 2026 1481 2055 ordinationi
1505 2036 1603 2065 super
1623 2027 1706 2061 hiis,
1721 2028 1911 2066 juramento
1928 2028 2074 2065 prestito.
2096 2034 2229 2066 sponta-

1225 2088 1324 2115 neus,
1350 2080 1528 2109 reservatis
1553 2080 1617 2109 sibi
1643 2080 1711 2109 suis
1737 2080 1896 2118 legitimis
1922 2081 2170 2114 defensoribus,
2195 2091 2228 2111 sc

1225 2132 1397 2167 submisit3
1424 2137 1454 2162 et
1482 2133 1583 2162 iidem
1607 2133 1671 2162 sibi
1694 2133 1780 2171 quod
1810 2142 2019 2171 nequaquam
2047 2133 2129 2163 alter
2158 2134 2228 2163 sine

1224 2185 1353 2224 reliquo
1372 2185 1486 2215 citaret
1505 2185 1645 2215 eundem
1664 2185 1715 2215 vel
1734 2186 1923 2223 procederet
1940 2191 2053 2215 contra
2069 2195 2154 2216 euni.
2173 2187 2230 2217 sed

1224 2238 1311 2277 quod
1329 2239 1416 2268 circa
1438 2238 1546 2276 ipsum
1564 2238 1650 2277 juris
1672 2238 1821 2267 ordinem
1839 2238 2070 2273 observarent.
2092 2239 2230 2269 tirmiter

1222 2292 1459 2330 promiserunt.
1482 2292 1556 2325 Sed,
1579 2292 1655 2330 quia
1677 2292 1822 2330 predicto
1839 2293 1935 2321 Petro
1952 2301 2009 2330 pro
2034 2297 2121 2322 certo
2144 2301 2230 2321 nun-

1225 2345 1341 2375 tiatum
1358 2345 1465 2375 extitit
1485 2345 1572 2383 quod
1590 2345 1697 2375 dictus
1714 2345 1826 2379 frater,
1846 2349 1958 2374 contra
1975 2345 2229 2383 promissionem

1224 2407 1318 2427 suam
1342 2398 1496 2428 veniens.
1522 2398 1611 2427 solus
1637 2403 1667 2428 et
1692 2407 1801 2428 coram
1824 2407 1858 2427 se
1881 2398 1950 2428 solo
1973 2398 2013 2427 ad
2032 2398 2139 2428 locum
2165 2408 2230 2428 non

1223 2454 1330 2480 101001
1350 2451 1446 2480 citari
1464 2451 1639 2480 mandabat
1663 2451 1821 2485 eundem,
1845 2456 1874 2480 ct
1895 2451 2004 2489 ipsum
2026 2451 2154 2489 publice.
2176 2461 2230 2481 ca-

1222 2513 1300 2542 pere
1327 2504 1518 2534 minabatur
1548 2509 1577 2533 et
1608 2504 1648 2533 ad
1676 2504 1783 2534 locum
1812 2504 1919 2542 ipsum
1947 2514 2046 2533 manu
2077 2505 2227 2535 veniebat

1224 2561 1366 2593 armata,
1391 2563 1466 2587 ante
1491 2558 1668 2588 terminum
1690 2558 1857 2587 citationis
1875 2557 2064 2596 hujusmodi
2085 2557 2125 2587 ob
2146 2558 2178 2586 id
2195 2558 2228 2586 in

1223 2611 1391 2649 presentia
1428 2610 1636 2649 quorundam
1668 2610 1822 2639 abbatum
1859 2610 1975 2639 Sedem
2008 2610 2228 2648 Apostolicam

1224 2662 1418 2701 appellavit,
1438 2662 1676 2692 nichilominus
1698 2663 1732 2691 10
1750 2662 1890 2692 termino
1906 2663 2032 2700 prefato
2049 2662 2087 2691 ad
2105 2662 2227 2691 dictum

1223 2715 1359 2745 fratrem
1377 2716 1551 2754 quemdam
1567 2720 1717 2753 nepotem
1734 2724 1830 2744 suum
1847 2714 2002 2743 clericum
2017 2715 2173 2751 dirigens,
2194 2720 2226 2743 ut

1222 2777 1280 2807 pro
1303 2769 1375 2807 ipso
1399 2778 1461 2807 que
1478 2769 1585 2798 forent
1606 2767 1815 2806 proponenda
1839 2772 2033 2805 proponeret
2061 2772 2091 2797 et
2117 2767 2229 2805 appel-

1222 2821 1381 2852 lationem
1407 2822 1446 2851 ab
1468 2831 1504 2852 eo
1526 2821 1754 2859 interpositam
1777 2821 1959 2849 innovaret.
1987 2821 2023 2849 Et
2046 2829 2119 2849 cum
2141 2820 2227 2849 idem

1223 2874 1363 2904 clericus
1377 2875 1544 2912 assignata
1557 2874 1608 2903 die
1620 2883 1726 2903 coram
1740 2874 1840 2902 l'ratre
1853 2873 2088 2910 comparuisset
2102 2872 2226 2902 eodem.

1225 2927 1332 2957 dictus
1354 2928 1456 2957 frater
1479 2936 1516 2957 cx
1537 2936 1573 2956 eo
1597 2926 1664 2955 solo
1691 2926 1725 2955 10
1747 2925 1904 2955 clericum
1927 2925 2046 2963 ipsum,
2071 2926 2149 2963 quia
2171 2934 2228 2963 pro

1224 2981 1352 3019 prefato
1372 2981 1468 3010 Petro
1489 2984 1640 3013 venerat.
1663 2978 2012 3008 exconimunicationis
2030 2978 2227 3008 sententiam

2077 3045 2103 3068 13
