2519 3518
39 295 105 326 πη
885 288 1114 327 NEUVIEME
1135 290 1294 328 ANNEE.
2070 307 2127 335 Μ

42 362 150 393 castis
169 367 224 398 ut,
247 371 322 393 cum
344 363 457 394 eadem
479 364 675 395 inconcusse
693 364 854 394 studeatis
874 364 1048 394 observare

49 418 189 451 statuta,
214 419 245 445 et
271 414 509 445 nichilominus
535 416 632 446 annis
658 416 839 446 visitemini
864 415 1006 454 singulis
1031 425 1049 445 a

48 467 200 506 personis
221 467 262 498 ad
281 467 342 498 hoc
361 468 395 497 in
417 468 564 506 generali
581 468 723 507 capitulo
743 469 924 508 deputatis,
942 469 1047 503 vohis,

47 527 91 550 ne
110 520 348 550 monasterium
369 520 478 559 ipsum
498 530 555 559 per
577 521 823 552 multitudinem
843 522 1050 551 visitatorum

47 571 152 602 variis
168 576 200 602 et
219 573 445 603 immoderatis
466 574 652 612 sumptibus
673 575 844 612 aggravari
869 575 1048 612 contingat,

46 624 138 664 quod
162 633 220 663 per
243 624 372 655 litteras
395 626 591 664 apostolicas
615 626 759 665 aliquem
782 627 987 657 visitatorem
1011 627 1049 657 de

47 681 159 708 cetero
183 678 329 716 recipere
359 678 497 709 minime
528 679 720 713 teneamini,
753 680 818 709 nisi
846 680 885 710 de
915 680 1049 718 speciali

51 729 206 760 mandato
222 730 317 761 Sedis
333 731 519 769 Apostolicc
539 736 668 770 propter
684 731 745 761 hoc
763 732 803 761 ad
820 737 964 762 vestrum
982 741 1051 762 mo-

51 782 237 813 nasterium
270 783 464 819 destinetur,
499 784 671 822 indulgere
706 785 964 815 misericorditer
1001 785 1051 814 di-

53 845 242 874 gnaremur.
259 837 388 867 Vestris
407 837 509 875 igitur
532 837 684 876 precihus
704 837 866 874 inclinati,
885 838 1051 868 devotioni

50 893 160 919 vestre
188 889 382 919 auctoritate
406 890 609 928 presentium
635 890 844 920 concedimus
874 889 1050 929 postulata.

50 941 146 972 Nulli
183 950 259 980 ergo
288 959 334 971 —.
368 942 403 973 Si
436 943 511 981 quis
541 947 651 972 autem
687 947 748 973 etc.
786 944 859 973 Dat.
890 943 1049 979 Vitcrbii,

53 994 167 1024 XVIII
183 994 341 1025 kalendas
353 995 513 1034 Jan11a1·ii,
532 1004 618 1025 anno
636 1004 732 1025 nono.
753 1007 765 1021 ι)

126 1185 244 1214 28⁷0
542 1185 673 1218 Vitcrbe,
690 1185 723 1212 16
736 1185 888 1212 decembre
904 1185 982 1212 1235.

92 1247 210 1274 Decano
221 1247 401 1275 Bituricensi
416 1248 536 1275 mandat
547 1251 701 1282 quatenus,
716 1246 836 1282 P[etr0]‚
848 1247 1054 1274 archidiacono

55 1295 154 1323 castri
171 1295 298 1329 Radulfi,
313 1295 584 1323 archidiaconatum
600 1304 697 1328 suum,
714 1296 797 1329 cujus
812 1304 923 1328 curam,
936 1298 967 1322 ut
980 1304 1055 1322 asse—

57 1343 150 1376 rebat,
176 1352 233 1370 non
256 1346 369 1378 poterat
390 1353 496 1378 gerere,
517 1344 694 1378 resignante,
715 1344 851 1371 eumdem
871 1344 1055 1370 archidiaco-

58 1394 162 1420 natum
189 1400 329 1426 personae
351 1392 472 1419 idoneae
494 1393 638 1424 conterat,
664 1400 737 1426 quae
766 1392 796 1419 in
819 1392 882 1426 ipso
907 1392 1055 1419 deservire

58 1440 166 1467 valeat.
187 1455 219 1459 —
235 1441 320 1473 (Rae.
337 1440 381 1473 18.
403 1442 423 1468 f.
437 1440 472 1468 90
487 1444 523 1472 r⁶;
548 1449 617 1467 ann.
643 1440 699 1473 IX,
721 1449 746 1467 c.
765 1440 832 1472 311;
850 1455 882 1459 —
903 1441 941 1467 cf.
958 1448 1054 1473 supra,

57 1496 88 1515 n.
104 1488 282 1521 1229-1231.)

99 1600 113 1615 α
144 1611 164 1617 ..
190 1589 302 1618 decano
325 1589 521 1619 Bituricensi.
548 1588 629 1619 Cum
658 1589 814 1627 magister
842 1590 875 1619 I'.
905 1607 951 1618 —.
981 1591 1054 1619 Dat.

56 1641 210 1675 viterbii,
227 1642 322 1672 XVII
338 1641 496 1672 kalendas
508 1641 667 1681 januarii,
686 1650 771 1671 anno
789 1651 886 1672 nono.
907 1654 920 1668 n

131 1840 243 1869 2821
531 1840 663 1872 Viterbe,
680 1840 714 1867 16
728 1840 882 1868 decembre
897 1841 975 1868 1235.

96 1901 191 1928 Priori
205 1904 233 1928 et.
246 1901 404 1929 conventui
424 1901 526 1929 Sancti
543 1901 642 1930 Jacobi
658 1902 694 1928 de
707 1902 839 1929 Pruvino
853 1903 972 1930 mandat
987 1911 1058 1936 qua—

59 1951 157 1982 tenus,
171 1947 292 1984 P[etro]‚
308 1949 436 1984 ipsorum
453 1949 567 1982 abbate,
582 1950 612 1976 in
628 1950 880 1985 archiepiscopum
897 1951 1058 1984 Tyrensem

61 1999 221 2031 assumpto,
235 2000 263 2024 et
279 1997 407 2031 ipsorum
425 1998 594 2025 monasterii
609 1998 775 2032 provisione
788 1999 974 2032 Apostolicae
989 1998 1058 2025 Sedi

60 2048 224 2078 reservata,
251 2045 288 2072 ad
312 2045 485 2072 electionem
510 2054 565 2072 non
591 2046 766 2080 procedant;
791 2046 931 2081 quiequid
959 2050 1059 2074 contra

62 2093 93 2120 id
114 2093 287 2120 mandatum
312 2102 397 2120 suum
417 2096 595 2121 attentatum
618 2094 722 2126 fuerit,
743 2094 874 2121 decernit
891 2095 1007 2122 irritum
1031 2098 1059 2122 et

61 2141 161 2168 inane.
176 2156 207 2160 —
221 2142 307 2173 (Rae.
322 2141 365 2174 18,
380 2143 400 2168 f.
417 2141 451 2169 90
466 2145 503 2174 r⁰;
519 2150 588 2169 ann.
606 2142 659 2175 lx,
675 2150 700 2169 c.
717 2142 791 2174 312.)

105 2254 118 2268 ιι
138 2264 158 2270 ..
177 2243 277 2279 priori
291 2247 316 2271 ct
332 2243 494 2271 conventui
509 2243 616 2272 Sancti
634 2244 735 2272 Jacobi
757 2243 790 2272 de
810 2243 987 2283 l’rurin[o],
1009 2253 1060 2274 or-

60 2294 146 2323 dinis
163 2295 262 2324 sancti
277 2295 458 2331 .·luyustini‚
475 2295 655 2324 Senonensis
672 2295 803 2325 (Hoc-esi&
823 2295 904 2326 Cum
921 2296 1060 2326 dilectus

63 2346 152 2376 filius
168 2365 216 2376 —.
236 2348 307 2376 Dat.
324 2351 359 2377 ut
376 2355 486 2385 supra.
508 2359 520 2373 »

135 2537 254 2565 2822
549 2538 680 2571 Viterbe,
697 2537 729 2565 16
744 2538 897 2566 decembre
912 2539 990 2566 1235.

101 2598 215 2631 Betam,
234 2607 330 2633 regem
350 2599 532 2633 Hungariac,
559 2602 655 2625 monet
677 2602 705 2626 et
722 2600 854 2626 hortatur
875 2603 917 2633 ut,
943 2615 973 2619 ——
994 2610 1060 2628 cum

63 2646 206 2674 Vatacius
226 2649 253 2673 et
274 2647 404 2673 Assanus
424 2647 623 2675 schismatici.
639 2647 675 2673 (le
693 2656 767 2673 novo
783 2648 904 2675 civitate
920 2649 1062 2677 Constan-

65 2695 262 2729 tinopolitana
279 2695 404 2727 obsessa,
421 2703 450 2721 se
468 2695 504 2721 ad
520 2695 728 2722 debellandum
750 2695 956 2730 imperatorem
973 2697 1062 2725 Cons-

65 2742 349 2777 tant-inopolitanum
371 2743 476 2770 iterato
498 2751 563 2769 cum
590 2743 716 2770 infinitis
740 2747 917 2771 armatorum
942 2745 1063 2772 milibus

65 2790 265 2822 accinxerint,
291 2794 319 2818 et
343 2799 409 2818 cum
430 2800 462 2818 eo
485 2791 579 2818 levius
599 2794 626 2818 et
645 2791 733 2818 citius
750 2792 874 2826 imperio
892 2792 1063 2820 Constanti-

66 2839 236 2873 nopolitano
249 2847 299 2874 per
319 2840 452 2867 homines
475 2840 644 2874 Hungariae
662 2840 813 2868 subveniri
834 2841 938 2875 possit.
960 2850 1015 2875 quo
1037 2842 1062 2869 ei

65 2886 226 2914 viciniores
245 2887 416 2920 existerent,
431 2902 463 2906 -—
481 2888 518 2915 ad
539 2888 772 2915 subveniendum
793 2890 923 2923 praefato
940 2889 1064 2924 imperio

65 2934 179 2969 regium
190 2936 335 2963 auxilium
350 2936 547 2971 impertiatur.
565 2951 596 2954 —
611 2938 696 2969 (Rea.
711 2936 759 2969 18,
778 2938 796 2963 i.
818 2937 852 2963 90
867 2940 906 2969 r⁰;
921 2945 989 2964 ann.
1006 2938 1062 2970 IX,

1130 372 1154 390 c.
1175 364 1242 396 313;
1264 379 1293 383 —
1314 365 1445 395 Moru-:Ati
1466 367 1544 399 1190.
1567 370 1586 395 t.
1611 369 1677 400 183:
1700 369 1777 401 ibid„
1797 371 1816 396 i.
1835 370 1900 402 1872
1921 385 1951 389 —
1972 371 2127 399 Porrussr

1130 412 1239 444 10066.)

1172 527 1184 540 α
1208 516 1290 545 Bele.
1314 517 1432 545 illustri
1452 519 1515 554 regii
1539 519 1680 555 I’nqarie.
1703 519 1744 548 15²
1767 519 1920 549 Israelem
1941 520 2060 549 veteris
2077 536 2125 548 —.

1131 567 1204 597 Dat.
1233 568 1390 604 Viterbii,
1419 570 1511 599 xvlt
1538 570 1694 600 kalendas
1719 571 1883 610 januarii,
1916 572 2126 610 pontificatus

1132 621 1236 650 nostri
1255 629 1341 651 anno
1358 630 1454 651 nono.
1475 634 1487 648 ι»

1166 741 1268 766 2813.
1285 756 1314 760 -
1330 740 1361 766 In
1375 740 1500 767 eundem
1516 741 1632 768 modum
1650 741 1755 767 illustri
1770 742 1934 767 Colmnanno
1949 743 2014 774 [σφ’.

1167 789 1269 814 2874.
1286 803 1314 808 —-
1326 787 1357 814 In
1372 788 1496 815 eundem
1514 789 1631 816 modum
1646 811 1663 816 ..
1679 789 1875 823 archiepiscopo
1890 790 2086 822 Striyoniensi;
2102 791 2127 817 ei

1133 834 1254 862 mandat
1274 838 1427 869 quatenus,
1448 840 1516 863 vota
1531 838 1796 871 crucesignatorum
1820 846 1888 865 suae
1908 839 2077 873 provinciae
2097 839 2127 865 in

1132 882 1296 910 subsidium
1312 883 1404 917 ipsius
1416 884 1533 918 imperii
1548 888 1743 917 commutans,
1758 890 1784 913 et
1796 886 1869 913 alios
1885 889 1926 918 ut,
1942 886 1971 913 in
1986 887 2048 920 ejus
2064 894 2129 920 pro-

1133 931 1238 957 fecturi
1257 939 1439 964 succursum,
1459 932 1574 966 signum
1593 933 1687 960 crucis
1704 937 1866 966 assumant,
1881 934 2032 966 inducens,
2053 934 2129 968 ipsos

1134 978 1290 1005 efficaciter
1302 983 1417 1006 moneat
1434 983 1464 1007 ut
1476 981 1539 1007 sine
1554 989 1632 1007 mora
1645 981 1680 1008 ml
1691 982 1918 1008 succurrendum
1936 982 1991 1016 ipsi
2006 982 2130 1016 imperio

1133 1027 1189 1053 iter
1208 1027 1367 1061 arripiant,
1386 1031 1414 1054 et
1429 1028 1465 1054 ad
1487 1029 1515 1054 id
1538 1029 1712 1056 festinanter
1727 1032 1753 1056 et
1775 1030 1903 1057 viriliter
1918 1038 1948 1056 se
1963 1030 2128 1063 accingant.

1169 1077 1271 1102 2825.
1288 1091 1316 1094 —
1333 1076 1364 1102 In
1385 1076 1509 1102 eundem
1532 1077 1649 1103 modum
1667 1098 1684 1103 ..
1699 1077 1896 1111 archiepiscopo
1912 1078 2053 1105 Colca-ensi.

1169 1125 1272 1149 2828.
1286 1139 1316 1142 —
1331 1123 1363 1150 In
1384 1124 1508 1151 eundem
1527 1125 1643 1151 modum
1663 1146 1680 1152 ..
1696 1127 1814 1158 episcopo
1830 1126 1979 1153 Geuricnsi.

1170 1173 1273 1197 28⁷2.
1288 1171 1361 1198 -In
1378 1172 1501 1198 eundem
1520 1173 1637 1200 modum
1656 1194 1674 1200 ..
1692 1174 1799 1198 illustri
1815 1175 1871 1206 reqi
1886 1174 2024 1207 ,Vnum-re,
2039 1176 2133 1200 comiti

1135 1218 1297 1250 Campania,
1314 1222 1457 1253 quatenus
1478 1220 1604 1247 nobilem
1627 1221 1723 1248 virum
1746 1222 1910 1249 Herardum
1931 1222 1966 1249 de
1987 1222 2130 1250 Chatenai

1135 1269 1163 1292 et
1179 1266 1251 1293 alios
1265 1268 1494 1301 consanguineos
1508 1269 1692 1303 imperatoris
1706 1269 2027 1304 constantinopolitani
2043 1274 2070 1297 et
2085 1279 2131 1297 nu-

1135 1311 1205 1339 bilis
1234 1313 1291 1339 viri
1317 1313 1458 1341 Balduini
1479 1315 1636 1342 efficaciter
1657 1320 1772 1343 moneat
1792 1319 1823 1343 ut
1844 1317 1959 1350 signum
1984 1317 2077 1344 crucis
2100 1317 2129 1344 in

1136 1361 1229 1394 ipsius
1240 1361 1358 1395 imperii
1371 1371 1539 1389 succursum
1552 1368 1714 1393 assumant.
1726 1367 1753 1391 et
1766 1365 1885 1392 lnducat
1898 1365 2012 1392 eosdem
2025 1369 2056 1393 ut
2069 1366 2133 1392 sine

1136 1417 1218 1435 mora
1236 1409 1272 1435 ad
1294 1418 1462 1436 succursum
1487 1411 1579 1445 ipsius
1602 1411 1720 1446 imperii
1745 1412 1798 1439 iter
1820 1413 1978 1447 arripiant,
1997 1417 2025 1440 et
2046 1414 2082 1440 ad
2103 1413 2132 1440 id

1137 1457 1312 1484 festinanter
1327 1460 1355 1484 et
1371 1459 1499 1485 viriliter
1511 1468 1540 1485 se
1554 1460 1720 1493 accingant.

1171 1510 1273 1534 28²8.
1287 1523 1317 1528 —
1332 1507 1364 1534 In
1378 1507 1502 1533 cundem
1521 1508 1638 1534 modum
1657 1529 1674 1534 ..
1689 1509 1886 1541 archiepiscopo
1900 1510 2056 1536 Senonensi.

1172 1558 1274 1582 28⁷9.
1288 1571 1318 1575 —
1332 1555 1364 1582 ln
1383 1555 1507 1581 eundem
1528 1556 1646 1582 modum
1665 1556 1754 1588 fratri
1779 1557 1924 1590 ll'illelmo‚
1939 1559 2136 1590 penitemini-io

1137 1606 1246 1632 ποσίν-ο,-
1263 1603 1289 1630 ei
1305 1603 1427 1630 mandat
1442 1606 1596 1637 quatenus.
1617 1607 1685 1631 vota
1700 1604 1978 1638 quadringentorum
2003 1605 2132 1632 militum

1137 1651 1405 1685 crucesignatorum
1421 1652 1572 1684 Franciae,
1587 1661 1707 1686 quorum
1729 1653 1764 1679 ad
1784 1653 1813 1679 id
1833 1662 1989 1680 consensus
2007 1662 2134 1680 accesse-

1138 1699 1186 1732 rit,
1201 1700 1232 1726 in
1246 1700 1409 1727 subsidium
1427 1693 1551 1734 praefati
1567 1701 1684 1735 imperii
1700 1706 1896 1734 commutans,
1911 1706 1970 1728 tam
1987 1710 2033 1728 eos
2047 1710 2133 1736 quam

1138 1747 1211 1774 alios
1229 1748 1278 1781 qui
1301 1748 1336 1774 de
1355 1756 1444 1780 novo,
1466 1748 1558 1782 ipsius
1577 1749 1798 1783 paenitentiarii
1820 1750 1939 1776 monitis
1960 1750 2085 1782 inducti,
2105 1750 2134 1776 in

1138 1803 1308 1822 succursum
1321 1796 1413 1830 ipsius
1425 1796 1542 1830 imperii
1554 1797 1648 1823 crucis
1657 1797 1773 1831 signum
1786 1798 2008 1831 assumpserint,
2020 1803 2133 1825 moneat

1139 1847 1166 1870 et
1189 1843 1310 1870 inducat
1329 1847 1359 1870 ut
1380 1844 1444 1871 sine
1462 1853 1540 1871 mora
1559 1845 1594 1871 ad
1615 1845 1842 1871 succurrendum
1865 1846 1920 1879 ipsi
1941 1846 2065 1880 imperio
2081 1846 2136 1873 iter

1139 1891 1293 1925 arripiant.
1311 1907 1343 1910 —
1357 1893 1525 1923 (Pownasr
1540 1893 1649 1923 10065.)

1210 2077 1327 2105 2880

1174 2139 1401 2171 Archidiacono,
1415 2139 1554 2171 magistro
1569 2140 1735 2167 scholarum
1750 2143 1777 2167 ct
1789 2141 1932 2175 capicerio
1945 2142 2137 2168 Aurelianen-

1141 2188 1221 2215 sibus
1235 2187 1355 2214 mandat
1372 2191 1515 2222 quatenus
1531 2188 1560 2215 in
1575 2189 1697 2215 ecclesia
1710 2189 1810 2215 Sancti
1824 2189 1948 2216 Martini
1960 2190 2137 2217 Turonensis

1141 2238 1201 2263 tam
1232 2236 1262 2262 in
1289 2236 1385 2269 capite
1411 2244 1498 2269 quam
1529 2236 1558 2262 in
1587 2237 1726 2263 membris
1753 2238 1897 2271 corrigant
1925 2242 1951 2265 et
1980 2240 2136 2266 reforment

1141 2292 1215 2318 quae
1230 2284 1418 2311 correctionis
1441 2287 1467 2311 et
1489 2285 1705 2312 reformationis
1720 2286 1813 2312 officio
1837 2287 1970 2313 noverint
1992 2287 2136 2321 indigere.

1143 2332 1272 2359 maxime
1289 2332 1365 2366 quod
1378 2332 1414 2358 ad
1430 2332 1660 2359 diminutionem
1676 2334 1918 2367 praebendarum,
1934 2344 2006 2369 quae
2020 2340 2136 2363 centum

1142 2384 1169 2407 et
1181 2380 1395 2414 quinquaginta
1405 2383 1498 2411 erant,
1509 2385 1536 2407 ct
1548 2381 1583 2407 ad
1596 2382 1773 2408 creationem
1787 2383 1963 2410 vicariorum
1977 2385 2135 2418 spectabat.

1142 2441 1174 2445 —
1190 2428 1276 2459 (Rea.
1293 2427 1337 2459 18,
1355 2428 1374 2453 f.
1391 2427 1426 2453 90
1441 2430 1484 2459 νος
1501 2435 1570 2454 ann.
1589 2428 1640 2460 IX,
1661 2438 1685 2455 c.
1705 2429 1770 2460 314;
1787 2444 1817 2447 —
1834 2430 2138 2460 1)οττΗΑςτ10064“.>

1623 2078 1754 2111 Viterbc,
1772 2079 1804 2105 15
1819 2079 1971 2106 decembre
1987 2080 2065 2106 1235.

1184 2540 1197 2553 ιι
1224 2550 1243 2555 ..
1264 2527 1492 2558 archidiacono,
1517 2550 1536 2555 ..
1562 2529 1706 2565 maqislro
1730 2530 1880 2558 scolarum
1904 2536 1929 2559 e!
1947 2554 1968 2559 ..
1990 2533 2138 2568 capistria

1143 2581 1424 2609 Aurelianensibns.
1447 2580 1661 2617 Significant-„¹
1683 2581 1800 2611 dilecto
1821 2582 1888 2611 tilio
1911 2600 1958 2611 —.
1983 2584 2054 2613 Dat.
2082 2584 2139 2612 Vi-

1143 2632 1257 2667 terbii,
1285 2633 1398 2662 XVIII
1424 2631 1581 2662 kalendas
1605 2633 1767 2671 januarii.
1795 2635 2003 2671 pontificatus
2036 2636 2139 2665 nostri

1144 2693 1230 2714 ΒΠΠΟ
1247 2693 1343 2714 nono.
1363 2697 1376 2711 r>

1215 2875 1327 2903 2881

1179 2937 1289 2964 Abbati
1304 2937 1406 2965 Sancti
1421 2937 1533 2965 Severi.
1548 2938 1708 2965 Adurcnsis
1724 2939 1874 2981 disset-osis.
1889 2944 1915 2966 ct
1932 2940 1966 2967 de
1983 2940 2137 2967 Levitaniri

1628 2876 1758 2905 Yiterlv·,
1777 2876 1808 2902 18
1821 2877 1974 2904 decembre
1990 2878 2066 2904 1235.
