2519 3518
192 321 265 352 1013
1033 318 1254 356 not‘mEME
1276 320 1435 357 ANNEF..
2202 336 2275 365 1014

258 390 376 418 4342
782 393 902 424 Latran,
917 392 951 419 10
967 393 1024 419 mai
1041 392 1120 419 1238.

226 451 321 478 Priori
345 452 448 480 Sancti
471 453 614 488 Stephani
637 453 672 480 (Ie
695 453 834 486 Cadomo,
857 454 1026 487 Bajocensis
1039 453 1190 485 dioecesis,

190 500 366 527 scholastico
386 501 563 529 Lexoviensi
587 505 615 529 et
632 502 771 536 magistro
785 502 912 530 Johanni
934 502 968 528 de
987 502 1126 533 Cadomo,
1143 510 1191 527 ca-

190 548 295 575 nonico
311 549 494 582 Ebroicensi,
517 550 639 577 mandat
655 553 809 584 quatenus,
827 564 858 569 -—
879 559 945 577 cum
968 551 997 577 in
1015 549 1192 576 monasterio

190 594 330 630 [Sanctae
351 597 522 632 Trinitatis]
545 599 750 631 Fiscannensi,
773 598 884 625 ordinis
907 598 1000 625 sancti
1025 597 1190 630 Benedicti,

191 644 436 679 Rothomagensis
451 646 602 680 dioecesis,
619 656 637 674 a
650 647 824 681 quibusdam
842 647 1016 674 auctoritate
1031 646 1192 680 apostolica

189 692 315 720 diversis
335 695 518 729 temporibus
543 695 679 728 visitato,
705 695 848 729 quaedam
876 695 999 722 fuissent
1025 694 1105 721 edita
1131 697 1192 721 sta·

189 743 263 773 tuta,
281 750 403 776 quorum
422 743 522 777 aliqua
537 751 588 778 per
607 743 713 771 Sedem
733 743 933 778 Apostolicam
955 744 1072 770 fuerant
1086 743 1192 769 contir-

190 792 280 822 mata,
295 804 328 808 —
343 791 380 817 ad
394 799 516 825 quorum
535 794 711 819 statutorum
730 791 948 818 observantiam
970 790 1112 825 praedicti
1129 799 1191 816 mo-

190 838 311 865 nasterii
328 839 417 866 abbas
434 842 463 867 et
478 843 640 867 conventus
655 840 824 867 asserebant
837 848 866 867 se
880 848 937 866 non
954 847 1035 873 posse
1049 839 1190 871 sufficere,

189 894 202 910 (ι
224 895 274 921 pro
290 895 322 914 eo
342 888 417 922 quod
439 888 514 915 alias
529 891 558 915 et
574 889 651 915 beati
673 888 827 915 Benedicti
849 889 977 921 regulam
999 892 1026 915 et
1047 887 1191 914 constitu-

189 944 202 962 »
224 936 319 963 tiones
339 929 432 971 nuper
455 945 469 962 n
497 937 534 965 ab
560 938 622 972 ipso
642 945 717 972 papa
741 937 835 964 editas
860 945 911 971 pro
931 944 1012 970 posse
1032 936 1191 969 diligenter

187 985 394 1018 observabant,
416 1000 448 1004 —
471 986 586 1013 eosdem
603 986 738 1013 abbatem
756 990 783 1012 et
800 987 977 1011 conventum
1000 992 1013 1009 (t
1031 984 1188 1010 earundem

189 1041 202 1059 »
224 1034 322 1068 regule
335 1042 368 1061 ac
381 1035 627 1062 constitutionum
644 1034 830 1062 observantie
850 1033 1031 1065 insistentes,
1046 1032 1082 1059 ab
1103 1033 1190 1059 insti-

189 1090 202 1107 »
224 1082 297 1109 tutis
312 1082 499 1110 visitatorum
520 1083 690 1117 hujusmodi
709 1083 809 1109 taliter
825 1090 838 1107 ))
855 1082 998 1113 relevent,
1015 1081 1101 1115 quod,
1116 1081 1190 1114 ipso-

187 1139 251 1157 rum
267 1131 471 1158 institutorum
489 1135 654 1166 praetextu,
671 1131 712 1157 eis
727 1130 915 1157 observantia
926 1130 1094 1156 earumdem
1110 1138 1190 1163 regu-

188 1179 232 1205 lae
247 1182 275 1205 et
293 1178 538 1206 constitutionum
554 1179 753 1213 importabilis
768 1187 823 1205 non
836 1178 985 1205 reddatur.
998 1192 1031 1195 —
1044 1178 1131 1208 (Rs-20.
1146 1177 1189 1209 19,

187 1227 207 1252 f.
223 1226 258 1253 18
269 1229 308 1259 r⁰;
325 1235 394 1253 ann.
412 1227 479 1260 XII,
496 1235 521 1254 c.
536 1227 593 1259 95.)

229 1359 240 1372 «
262 1369 281 1375 ..
297 1347 401 1384 priori
417 1347 524 1376 Sancti
540 1347 689 1384 Stephani
706 1347 740 1376 (Ie
761 1347 904 1383 Cademo,
932 1347 1102 1383 BaJ‘ocensis
1124 1347 1190 1374 dio-

185 1400 269 1433 cesis,
294 1420 314 1428 ..
336 1400 490 1428 scolastico
511 1400 687 1428 Lemo-riensi
707 1404 732 1427 el
752 1400 899 1436 maqistro
922 1399 1058 1428 ,Iohanni
1079 1398 1113 1427 de
1133 1398 1190 1427 Ca-

186 1453 282 1487 domo‚
307 1453 452 1482 canonico
473 1452 656 1481 Ebroicensi.
679 1451 884 1482 Moderantie
907 1451 1053 1481 studium
1073 1455 1122 1481 est
1138 1468 1186 1479 —.

186 1505 259 1534 Dat.
278 1504 445 1539 Laterani,
460 1504 506 1534 VI
523 1503 599 1533 idus
615 1504 706 1538 maii,
725 1512 812 1533 anno
828 1503 1033 1533 duodecimo.
1056 1515 1069 1529 n

253 1728 373 1756 4343

219 1789 428 1818 Cantuariensi
453 1790 684 1825 archiepiscopo,
707 1806 738 1809 —
757 1791 807 1825 qui
830 1791 861 1818 in
885 1791 1066 1818 dioecesibus
1084 1791 1190 1818 suffra—

184 1846 341 1872 ganeorum
357 1846 475 1865 suorum
495 1839 637 1872 quaedam
654 1839 787 1866 maneria
805 1839 911 1866 habere
927 1839 1080 1866 dicebatur
1094 1839 1131 1866 ab
1144 1839 1189 1873 ip-

184 1895 281 1914 sorum
296 1886 545 1921 suffraganeorum
563 1887 769 1922 jurisdictione
786 1887 879 1915 libera
898 1890 926 1914 et
944 1891 1092 1922 exempta,
1109 1892 1137 1914 et
1152 1888 1188 1914 ad

185 1936 281 1970 ipsum
303 1935 559 1970 archiepiscopum
582 1937 668 1970 pleno
688 1937 752 1970 jure
772 1936 948 1971 spectantia.
975 1944 1061 1970 super
1083 1936 1189 1970 quibus

185 1984 241 2019 ipsi
258 1984 478 2018 archiepiscopo
491 1987 520 2011 et
535 1985 676 2011 eeclesiae
693 1984 901 2012 Cantuariensi
919 1992 970 2018 per
984 1984 1124 2018 quosdam
1142 1985 1188 2011 in-

777 1729 898 1761 Latran,
916 1730 949 1755 17
965 1729 1023 1755 mai
1038 1729 1116 1755 1238.

140 2062 145 2066 ¹
184 2033 261 2067 iuria
275 2033 386 2067 pluries
403 2032 595 2067 irrogabatur,
611 2048 642 2051 —
659 2033 794 2060 concedit
808 2041 822 2058 α
838 2035 870 2059 ut
885 2032 1045 2063 invasores,
1061 2036 1189 2067 raptores

186 2089 199 2107 n
217 2084 246 2108 et
266 2081 409 2115 predones
430 2081 627 2108 maneriorum
647 2081 817 2115 hujusmodi
834 2085 861 2108 et
880 2089 976 2108 rerum
993 2081 1030 2107 ad
1050 2090 1083 2107 ea
1098 2081 1189 2115 perti-

186 2137 199 2154 »
221 2129 355 2156 nentium
386 2137 399 2153 n
429 2129 521 2163 possit
546 2129 697 2163 spirituali
720 2129 907 2156 districtione
931 2137 1124 2163 compescere.
1155 2144 1190 2147 —

185 2177 271 2209 (Rae.
287 2177 330 2210 19,
349 2178 369 2203 f.
388 2176 421 2204 18
434 2180 478 2209 v‘’;
493 2185 562 2204 ann.
578 2177 647 2209 XII,
664 2186 688 2204 c.
703 2177 761 2209 96.)

227 2310 238 2323 υ
260 2320 279 2326 ..
299 2298 517 2327 CantuarienSi
539 2298 774 2336 archiepiscopo.
796 2298 928 2328 Honore
952 2298 1085 2336 dignam
1102 2299 1189 2330 Can-

186 2349 390 2380 tuariensem
419 2367 466 2379 -—.
499 2350 572 2379 Dat.
607 2350 772 2386 Laterani,
803 2350 881 2380 XVI
905 2350 1063 2381 kalendas
1086 2351 1186 2390 junii,

185 2411 272 2432 anno
288 2401 492 2432 duodecimo.
513 2414 526 2428 n

253 2621 372 2649 4344

220 2683 335 2715 Ottoni,
354 2683 455 2710 Sancti
473 2683 591 2709 Nicolai
608 2682 637 2708 in
659 2682 781 2710 Carcere
800 2683 938 2709 Tulliano
953 2683 1076 2711 diacono
1090 2685 1186 2711 cardi-

184 2732 257 2765 nali,
269 2731 456 2766 Apostolicae
468 2731 553 2758 Sedis
568 2732 672 2765 legato,
685 2731 832 2764 significat
841 2740 870 2758 se
880 2732 956 2758 velle
968 2735 999 2758 ut
1009 2734 1115 2760 festum
1127 2734 1186 2760 Na-

184 2780 314 2807 tivitatis
334 2779 510 2806 Dominis-ae
530 2779 663 2813 proximo
684 2780 814 2806 futurum
837 2780 997 2807 terminum
1020 2784 1186 2816 perempto-

184 2829 260 2856 rium
274 2828 482 2856 Cantuariensi
494 2827 714 2861 archiepiscopo
726 2836 778 2854 nec
793 2836 850 2854 non
865 2828 955 2862 priori
969 2830 1186 2864 conventuique

185 2876 450 2905 Cantuariensibus
475 2875 536 2911 [seu
560 2884 658 2903 eorum
683 2875 928 2911 procuratoribus]
951 2878 1105 2912 praefigat,
1131 2887 1186 2912 quo

185 2933 282 2952 coram
296 2925 359 2959 ipso
379 2933 455 2959 papa
473 2927 673 2958 compareant,
694 2932 780 2958 super
795 2924 980 2958 indulgentia
997 2934 1083 2960 quam
1106 2927 1183 2954 idem

184 2973 422 3008 archiepiscopus
443 2982 459 3000 a
476 2973 550 2999 Sede
563 2972 732 3007 Apostolica
753 2973 889 3007 petierat,
910 2973 945 3000 de
966 2975 1118 3001 monachis
1138 2984 1185 3002 ec-

775 2621 896 2653 Latran,
909 2622 944 2648 17
960 2622 1019 2649 mai
1036 2622 1114 2650 1238.

1272 393 1378 420 clesiac
1395 394 1619 422 Canni-‘iriensis
1636 397 1717 430 juxta
1735 398 1877 429 regularia
1894 399 2273 434 institutacompescendis,

1271 447 1389 467 causam
1408 442 1512 468 acturi.
1532 457 1562 461 —
1584 444 1670 472 (Rea.
1688 444 1730 475 19,
1749 446 1768 471 s.
1787 444 1818 471 18
1836 448 1879 476 v⁰;
1897 454 1966 472 ann.
1984 446 2163 477 xt1.e.97.›

1314 559 1326 572 u
1349 547 1484 586 (}[ltoni].
1511 549 1616 579 Sancti
1640 551 1758 579 ,vit-olai
1783 553 1813 579 in
1838 552 1960 581 Carcere
1984 554 2126 582 Tulliano
2149 555 2276 583 diacono

1272 600 1438 629 cardinali.
1456 603 1619 638 :lposlolice
1635 604 1718 631 Sedis
1737 605 1841 639 [effato.
1860 604 2067 635 Venerabilis
2085 606 2185 635 frater
2203 616 2275 636 nos-

1274 655 1322 681 ter
1338 674 1359 680 ..
1378 652 1629 683 Cantuariensis
1652 655 1930 694 archiepiscopus.
1954 657 2128 687 intendens
2145 667 2272 688 correc-

1275 705 1374 735 tionis
1390 705 1533 735 officium
1554 711 1641 736 tanto
1658 708 1841 745 expeditius
1857 709 2022 747 prosequi,
2041 715 2163 748 quanto
2182 711 2273 740 savo-

1274 758 1413 787 rabilius
1450 759 1656 788 auctoritatis
1694 765 1803 790 nostre
1842 761 1985 798 presidio
2020 762 2200 793 foveretur.
2238 767 2273 793 ut

1274 810 1451 840 monachos
1469 810 1720 841 Cantuariensis
1740 812 1889 847 ecclesie,
1909 822 1990 852 quos
2015 814 2163 844 redderet
2183 820 2272 844 extra

1273 862 1453 893 claustrum
1473 863 1642 893 licentiata
1658 864 1832 894 dissolutio
1849 874 1958 902 vagos.
1980 870 2011 895 et
2031 866 2118 896 infra
2136 876 2216 904 vaga
2232 867 2274 896 li-

1273 917 1381 946 centia
1406 916 1595 947 dissolutos,
1621 922 1729 954 posset
1745 918 1837 956 juxta
1861 918 2026 956 regularia
2050 919 2217 949 instituta.
2237 921 2271 950 in

1273 968 1416 1007 capitulo
1435 973 1465 998 et
1482 973 1583 1003 extra,
1601 970 1734 999 sociatis
1747 970 1811 999 sihi
1827 971 1907 999 viris
1922 971 2148 1009 prudentibus,
2164 972 2272 1002 dehita

1273 1021 1488 1059 castigatione
1501 1030 1717 1060 compescere.
1729 1032 1764 1052 ac
1777 1024 2056 1061 conquerentibus
2069 1024 2222 1055 exhihere
2235 1026 2273 1056 de

1273 1074 1394 1103 talibus
1408 1074 1538 1112 justitie
1554 1074 1839 1112 complementum.
1854 1076 2039 1114 Apostolice
2052 1077 2146 1107 Sedis
2163 1078 2273 1107 indul-

1273 1126 1416 1163 gentiam
1433 1127 1581 1164 petiit.in
1597 1127 1684 1165 juris
1702 1127 1862 1156 ordinarii
1879 1128 2118 1158 fulcimentum.
2138 1130 2271 1159 Verum.

1272 1188 1345 1208 cum
1363 1184 1590 1217 procuratores
1607 1202 1626 1208 ..
1645 1179 1764 1217 prioris
1779 1184 1809 1209 et
1825 1185 2006 1209 conventus
2021 1181 2273 1211 Cantuariensis

1272 1240 1309 1262 ex
1335 1231 1472 1261 adverso
1499 1232 1580 1261 citra
1602 1231 1671 1261 litis
1697 1233 1969 1262 contestationem
1996 1239 2213 1271 proponerent
2240 1244 2274 1265 se

1272 1289 1386 1314 contra
1405 1284 1552 1322 predicta
1571 1284 1757 1322 privilegiis
1779 1289 1809 1314 et
1834 1285 2052 1322 indulgentiis
2076 1287 2272 1316 Pontificum

1272 1338 1495 1367 Romanorum
1517 1346 1576 1367 nec
1599 1346 1664 1366 non
1687 1337 1926 1367 consuetudine
1947 1338 2083 1377 antiqua
2109 1345 2139 1369 et
2158 1348 2275 1377 appro—

1271 1389 1346 1419 bata
1362 1389 1519 1423 munitos,
1536 1389 1687 1419 volumus
1702 1394 1733 1420 et
1746 1390 1941 1419 mandamus
1959 1395 1993 1420 ut
2009 1391 2131 1420 festum
2145 1392 2275 1421 Nativi-

1273 1442 1349 1472 tatis
1376 1442 1548 1472 Dominice
1576 1442 1722 1480 proximo
1748 1443 1895 1472 futurum
1921 1443 2096 1473 terminum
2125 1453 2275 1482 peremp-

1259 1495 1393 1525 -torium
1421 1495 1580 1534 ut[r]ique
1608 1495 1693 1533 parti
1720 1495 1879 1533 prefigas,
1908 1504 1988 1534 quo,
2019 1504 2091 1525 cum
2121 1497 2275 1527 omnihus

1272 1548 1459 1578 rationibus
1470 1553 1501 1578 et
1512 1548 1729 1578 munimentis
1744 1548 1814 1578 suis
1826 1548 1865 1578 ad
1876 1548 2022 1586 predicta
2037 1549 2273 1587 spectantibus,

1272 1605 1482 1639 compareant
1501 1609 1609 1630 coram
1633 1601 1740 1635 nohis,
1765 1610 1958 1639 processure
1977 1601 2010 1630 in
2033 1601 2138 1631 forma
2157 1602 2275 1641 judicii

1272 1653 1323 1683 vel
1339 1653 1434 1684 Sedis
1452 1652 1640 1692 Apostolice
1660 1653 1900 1691 providentiam
1920 1658 2101 1691 receptui-e.
2122 1655 2194 1683 Dat.
2212 1655 2274 1684 La-

1273 1706 1390 1741 terani,
1407 1707 1486 1736 XVI
1502 1705 1661 1736 kalendas
1674 1706 1773 1745 junii,
1795 1714 1881 1736 anno
1899 1706 2103 1736 duodecimo.
2122 1719 2135 1733 »

1341 1903 1459 1931 4345

1306 1965 1410 1993 Eidem
1427 1965 1575 1998 significat
1591 1973 1620 1991 se
1636 1965 1745 1991 eisdem
1763 1964 1982 1998 archiepiscopo
1998 1964 2205 1991 Cantuariensi
2221 1974 2273 1991 nec

1271 2023 1328 2041 non
1361 2014 1451 2048 priori
1474 2014 1691 2047 conventuique
1717 2013 1981 2041 Cantuariensibus
2005 2013 2083 2039 idem
2112 2014 2271 2040 terminum

1271 2063 1512 2098 peremptorium,
1527 2062 1641 2088 scilicet
1653 2063 1758 2088 testum
1769 2062 1947 2089 Nativitatis
1957 2062 2130 2089 Dominicae
2140 2062 2273 2095 proximo

1271 2113 1416 2142 futurum,
1440 2110 1619 2144 praefixisse,
1645 2118 1701 2144 quo
1722 2118 1818 2136 coram
1841 2110 1903 2144 ipso
1930 2118 2006 2144 papa
2029 2110 2170 2136 similiter
2193 2118 2273 2136 com-

1271 2162 1403 2193 pareant.
1425 2167 1511 2193 super
1535 2158 1657 2185 licentia
1680 2167 1766 2192 quam
1794 2158 1871 2184 idem
1895 2158 2132 2192 archiepiscopus
2154 2166 2170 2184 a
2198 2158 2273 2184 Sede

1270 2208 1441 2242 Apostolica
1474 2208 1620 2241 petierat,
1649 2207 1804 2241 collegium
1841 2207 2047 2234 canonicorum
2077 2207 2270 2233 saccularium

1271 2265 1304 2284 ac
1326 2256 1492 2291 dignitates.
1508 2256 1723 2283 ecclesiasticas
1751 2256 1928 2283 instituendi
1955 2256 1985 2282 in
2010 2256 2109 2289 aliqua
2132 2255 2273 2282 dioecesis

1271 2305 1495 2333 Cantuariensis
1511 2304 1645 2336 ecclesia,
1662 2304 1799 2338 idemque
1809 2304 1964 2338 collegium
1976 2304 2108 2335 dotandi.
2120 2308 2201 2337 parte
2209 2304 2273 2329 dic-

1270 2357 1365 2381 torum
1396 2353 1501 2387 prioris
1524 2356 1552 2379 et
1575 2356 1737 2379 conventus
1763 2353 1906 2386 quaedam
1930 2352 2087 2386 privilegia
2112 2352 2271 2386 apostolica

1270 2404 1445 2436 opponente,
1460 2409 1577 2428 causam
1595 2401 1705 2433 acturi3
1725 2401 1750 2427 ei
1768 2401 1991 2434 inquisitionem
2008 2400 2169 2426 committit
2186 2408 2273 2433 super

1271 2449 1440 2483 hujusmodi
1457 2449 1647 2476 institutione
1667 2449 1704 2475 ab
1720 2449 1819 2475 eodem
1837 2448 2056 2483 archiepiscopo
2073 2448 2216 2474 facienda.
2239 2463 2271 2466 -

1269 2498 1356 2529 (REO.
1369 2497 1413 2529 19,
1431 2498 1450 2524 s.
1466 2497 1498 2524 18
1513 2500 1556 2529 v⁰;
1574 2506 1643 2523 aun.
1661 2497 1728 2529 XII,
1741 2507 1765 2523 c.
1783 2496 1840 2527 98.)

1867 1903 1987 1934 Latran,
2003 1903 2035 1928 17
2050 1902 2107 1929 mai
2123 1902 2200 1929 1238.

1311 2617 1323 2631 u
1339 2605 1455 2633 Eidem.
1475 2603 1683 2634 Constitutus
1700 2603 1734 2632 in
1750 2602 1917 2641 presentia
1941 2607 2051 2632 nostra
2071 2602 2269 2631 venerahilis

1268 2657 1372 2687 frater
1387 2661 1499 2686 noster
1517 2679 1536 2684 ..
1549 2655 1801 2686 Cantuariensis
1818 2654 2084 2692 archiepiscopus
2100 2653 2271 2683 humiliter

1269 2709 1364 2748 petiit
1376 2713 1411 2738 ut
1427 2708 1624 2738 instituendi
1636 2707 1810 2745 collegium
1823 2707 2056 2736 canonicorum
2071 2706 2268 2735 secularium

1269 2770 1305 2791 ac
1324 2761 1503 2798 dignitates
1522 2759 1763 2789 ecclesiasticas
1784 2759 1817 2787 in
1840 2758 1951 2796 aliqua
1976 2757 2188 2787 ecclesiarum
2211 2767 2269 2786 sue

1269 2814 1411 2844 diocesis
1434 2822 1499 2851 qua
1524 2811 1646 2846 mallet,
1665 2811 1704 2840 ad
1726 2820 1798 2841 curn
1816 2810 2052 2848 pertinentium
2069 2809 2165 2847 pleno
2181 2809 2265 2847 jure,

1269 2875 1306 2895 ac
1324 2865 1458 2895 dotandi
1481 2865 1519 2894 de
1546 2863 1717 2893 beneficiis
1740 2863 1778 2892 ad
1803 2863 1910 2900 ipsum
1930 2862 2042 2891 eodem
2061 2861 2154 2890 modo
2178 2870 2270 2898 spec-

1269 2918 1429 2952 tantibus,
1448 2925 1507 2946 nec
1530 2925 1594 2945 non
1619 2916 1656 2945 de
1682 2915 1895 2953 proventibus
1921 2912 2268 2951 archiepiscopalibus,

1265 2971 1361 3010 Juxta
1377 2969 1596 3009 quantitatem
1613 2968 1716 2998 sacris
1730 2967 1912 2997 canonibus
1932 2966 2129 3004 prefinitam.
2149 2965 2212 2995 sibi
2229 2965 2270 2994 li-
