2519 3518
132 276 203 305 1161
976 271 1196 309 DOUZIEME
1221 273 1380 308 ANNEE.
2153 281 2226 311 1102

127 343 264 370 vacensis
277 343 428 376 dioecesis,
446 359 477 363 —
494 344 543 378 qui
559 343 712 372 dicebatur
726 352 739 370 (‹
754 345 789 371 de
802 345 896 371 soluto
912 345 1029 378 genitus
1045 348 1073 372 et
1089 353 1134 371 so—

128 398 144 417 »
166 392 229 418 luta
245 399 269 423 »,
287 392 355 419 licet
369 392 536 419 crederetur
550 401 563 417 (1
580 402 596 420 a
608 393 741 427 pluribus
753 393 788 420 (le
799 394 933 427 legitimo
948 394 1136 421 matrimonio

128 447 144 465 1)
166 442 332 474 procreatus
346 448 370 473 ι),
383 443 483 475 utpote
495 441 653 468 contractis
666 442 743 468 inter
756 442 849 476 ipsius
865 445 998 476 parentes
1010 450 1023 468 «
1041 442 1135 476 primo

128 495 144 513 n
165 487 201 514 de
217 489 314 515 futuro
330 489 526 523 sponsalibus,
543 492 572 516 et
587 490 699 516 carnali
717 491 902 524 postmodum
925 491 1002 517 inter
1022 499 1068 517 eos
1089 500 1135 517 co-

129 544 144 561 »)
165 537 235 570 pula
254 536 409 564 subsecuta
426 545 450 569 »,
473 552 505 556 —-
525 538 628 564 scribit
646 546 651 564 :
674 546 687 563 «
710 538 781 569 Nos,
799 547 845 570 ne,
863 537 921 573 [dc]
938 539 1071 571 geniture
1087 542 1136 566 tue

127 592 144 610 ³)
165 587 259 617 statu,
277 585 458 619 probationis
473 586 615 613 destitute
630 586 779 620 suffragio,
796 587 885 614 dubio
901 588 1057 619 existente,
1074 587 1135 613 (lis-

129 641 145 658 ))
166 633 308 668 pendium
323 635 453 669 aliquod,
469 635 622 669 presertim
638 636 667 662 in
683 635 889 669 spiritualibus
904 636 1037 670 patiaris.
1054 636 1135 663 litte-

130 690 145 708 »
167 685 264 709 rature
283 682 391 709 donum
414 686 442 710 et
458 683 519 710 vite
541 683 679 710 meritum
704 683 901 719 attendentes,
922 693 1009 718 super
1029 684 1135 718 quibus

129 739 145 756 1)
166 731 221 759 tibi
245 732 394 759 laudabile
416 732 620 758 testimonium
647 732 829 766 perhibetur,
855 733 879 759 si
900 733 965 766 quis
988 736 1031 759 est
1054 733 1083 759 in
1107 736 1135 760 te

128 787 144 804 υ
165 780 297 807 defectus
311 780 468 811 natalium,
483 783 515 807 ut
529 780 583 807 tibi
599 780 692 814 quoad
708 780 877 814 spiritualia
891 781 984 807 nichil
999 781 1086 812 obsit,
1099 781 1134 808 ad

129 836 144 853 )›
165 829 310 854 cautelam
337 828 372 854 de
399 828 492 861 gratia
517 828 638 863 speciali
664 829 846 862 supplemus.
876 837 889 854 1)
922 843 952 847 —
980 829 1066 860 (Rea.
1090 829 1134 861 19,

129 876 149 902 f.
166 876 200 903 56
217 879 261 908 v⁰;
278 885 347 903 ann.
363 877 430 908 XII,
446 885 470 903 e.
487 876 562 907 294.)

170 988 183 1004 α
205 977 352 1011 Johanm',
384 977 577 1006 thesaurario
609 977 828 1013 Get-boredenst',
858 977 1045 1006 Belvacensis
1068 978 1135 1006 dio-

125 1030 211 1058 cesis.
239 1029 339 1059 Sacra
364 1029 454 1059 Petri
479 1029 573 1059 sedes
597 1046 643 1058 —.
675 1030 746 1059 Dat.
773 1030 936 1067 Anagnie,
964 1031 1031 1060 IIII
1060 1029 1134 1059 idus

124 1081 282 1116 octobris,
303 1090 389 1112 anno
406 1082 611 1112 duodecimo.
632 1094 644 1108 2>

197 1288 311 1316 458¹

163 1350 294 1381 Decano,
325 1350 438 1377 cantori
465 1354 493 1377 et
520 1350 702 1376 thesaurario
728 1350 987 1378 Corinthiensibus
1013 1351 1135 1378 mandat

124 1401 271 1432 quatenus
285 1398 453 1432 episcopum
471 1398 668 1429 Andrensem,
687 1413 717 1416 —
741 1399 804 1429 cui,
822 1401 940 1432 proptor
956 1399 1135 1432 persecutio—

126 1455 194 1473 nem
219 1446 329 1473 Marini
348 1446 382 1472 de
402 1447 532 1478 Andulo,
553 1446 666 1474 domini
692 1447 867 1478 Andrensis,
885 1450 968 1473 extra
988 1456 1069 1474 suam
1089 1456 1135 1474 ec-

124 1495 247 1521 clesiam
267 1495 427 1526 exsulanti,
444 1495 571 1522 decanus
587 1495 792 1526 Atheniensis,
811 1504 862 1521 nec
877 1504 933 1522 non
950 1496 1135 1523 archidiaco-

127 1552 182 1570 nus
209 1546 237 1570 et
265 1546 366 1570 cantor
391 1544 543 1576 Thebani,
576 1552 626 1578 pro
651 1552 703 1570 sua
727 1544 952 1576 sustentatione,
979 1544 1070 1570 donee
1098 1545 1133 1571 ad

123 1592 311 1619 Andrensem
331 1592 484 1619 eeclesiam
508 1593 602 1619 redire
623 1595 730 1626 posset,
754 1593 976 1624 Davalienscm,
1000 1593 1134 1620 Phermi-

126 1641 275 1675 polensem
299 1642 343 1673 (z
359 1641 663 1675 Thermopilensem)¹
681 1644 709 1667 et
732 1641 921 1668 Carmensem
945 1642 1084 1668 ecelesias
1103 1642 1133 1668 in

123 1688 333 1722 spiritualibus
356 1692 384 1715 et
408 1689 437 1715 in
460 1689 672 1723 temporalibus
693 1689 870 1716 auctoritate
894 1689 1027 1715 mandati
1049 1698 1134 1724 apos-

123 1737 208 1764 tolici
230 1737 451 1769 commiserant,
475 1742 503 1764 et
528 1746 613 1772 quem
636 1741 733 1772 postea
755 1738 948 1764 Atheniensis
971 1738 1134 1772 archiepis-

124 1794 214 1820 copus
239 1786 399 1820 praedictis
422 1786 595 1813 Davaliensi
621 1789 649 1812 et
673 1786 910 1819 Phermipolensi
937 1786 1084 1817 ecelesiis,
1107 1789 1134 1812 et

125 1834 295 1868 patriarcha
307 1834 656 1868 Constantinopolitanus
669 1834 820 1868 praedicta
832 1834 986 1861 Cat-mensi
999 1834 1133 1866 ecelesia,

127 1883 239 1910 eisdem
258 1883 326 1910 aliis
347 1883 474 1914 collatis,
496 1883 698 1917 privaverant,
716 1898 747 1901 —
763 1883 792 1908 in
811 1883 1021 1916 possessionem
1039 1883 1135 1909 dicta-

126 1940 191 1958 rum
210 1931 400 1957 ecclesiarum
423 1931 579 1963 reducant,
597 1934 624 1957 ct
642 1931 811 1958 restitutum
830 1931 944 1957 tamdiu
961 1931 1134 1961 defendant,

124 1980 219 2006 donee
234 1979 270 2006 ad
294 1979 475 2013 praedictam
497 1979 682 2006 Andrensem
705 1980 858 2006 ecclesiam
882 1979 977 2006 redire
996 1983 1023 2006 et
1048 1980 1078 2006 in
1103 1988 1135 2006 ea

127 2028 218 2056 libere
235 2028 341 2055 morari
357 2028 458 2062 possit.
474 2043 505 2046 —
522 2029 608 2060 (ΒΕΘ.
628 2028 671 2059 19,
693 2029 712 2054 f.
731 2028 765 2054 56
782 2032 829 2060 v⁰;
851 2036 920 2054 ann.
938 2028 1006 2060 XII,
1026 2037 1050 2055 c.
1065 2028 1133 2061 ‘2953

127 2092 160 2095 —
174 2078 212 2104 cf.
227 2084 323 2109 supra,
339 2080 367 2103 n⁰
384 2076 476 2107 1053.)

667 1289 786 1319 Latran,
802 1288 836 1315 26
851 1288 967 1315 octobre
983 1289 1062 1315 1238.

170 2189 184 2204 «
215 2200 234 2206 ..
263 2177 382 2211 decano,
419 2199 438 2205 ..
466 2177 587 2206 cantori
613 2182 639 2205 et
665 2199 684 2205 ..
716 2177 908 2205 thesaurario
940 2177 1136 2206 Corinthien-

125 2231 221 2260 sibus.
235 2229 447 2260 Venerabilis
466 2229 568 2259 frater
585 2234 696 2259 noster
720 2252 736 2258 ..
761 2229 946 2259 Andrensis
962 2229 1136 2267 episcopus

127 2283 163 2312 in
188 2287 300 2312 nostra
323 2282 493 2320 proposuit
515 2282 683 2320 presentia
711 2281 910 2311 constitutus
936 2281 1031 2320 quod,
1062 2290 1134 2311 cum

125 2335 208 2366 olim
226 2334 338 2365 dilecti
354 2334 415 2363 filii
433 2357 453 2363 ..
473 2334 618 2364 decanus
636 2334 864 2369 Atheniensis,
887 2357 906 2363 ..
931 2334 1136 2364 archidiaco-

128 2397 192 2418 nus
215 2393 246 2418 et
271 2411 290 2417 ..
314 2392 428 2417 cantor
449 2387 609 2422 Thebani,
634 2391 764 2425 propter
781 2386 1006 2416 miserabilem
1024 2396 1136 2425 perse-

125 2441 296 2472 cutionem
334 2440 455 2470 nobilis
492 2439 556 2469 viri
594 2439 717 2469 Marini
754 2439 792 2469 de
829 2439 971 2473 Andulo,
1010 2439 1136 2469 domini

127 2494 325 2528 Andrensis,
353 2493 428 2527 sibi,
458 2497 549 2522 extra
578 2501 672 2522 suam
700 2491 875 2522 ecclesiam
900 2491 1137 2521 miserabiliter

126 2546 285 2582 exulanti,
302 2545 546 2576 Davaliensem,
562 2544 866 2582 Phermipolensem
880 2549 910 2574 et
922 2544 1135 2574 Cat-mensem

126 2599 295 2634 ecclesias,
323 2597 541 2628 Atheniensis
574 2596 776 2634 metropolis,
809 2605 866 2634 pro
894 2596 1135 2626 sustentatione

127 2662 199 2687 sua,
230 2653 331 2682 donec
353 2651 461 2681 redire
486 2654 596 2689 posset
622 2650 661 2679 ad
684 2649 822 2679 eandem
847 2649 1022 2679 ecclesiam
1048 2654 1077 2679 et
1101 2649 1135 2678 in

126 2714 167 2735 ea
184 2704 307 2734 morari
331 2703 482 2742 pacifice,
508 2703 542 2731 in
566 2701 798 2740 spiritualibus
825 2705 855 2730 et
880 2701 1134 2738 temporalibus,

128 2758 276 2788 mandati
304 2756 409 2786 nostri
439 2755 651 2789 auctoritate,
686 2754 840 2783 duxerint
871 2753 1133 2787 committendas,

127 2819 252 2849 easque
282 2810 370 2839 idem
395 2809 568 2847 episcopus
598 2807 733 2846 pacifice
763 2811 839 2836 tunc
868 2816 926 2844 per
956 2806 1137 2835 triennium

165 2943 186 2967 1.
205 2942 249 2967 Cf.
268 2942 432 2969 PRESSUTrt,
455 2943 568 2970 Reyesta
590 2941 708 2963 Honorii
729 2946 817 2968 papae
840 2940 889 2967 111,
906 2944 930 2960 u.
949 2938 1008 2962 4134
1028 2942 1053 2961 et
1069 2938 1140 2963 4529.

1220 344 1440 381 possedisset:
1468 345 1649 376 venerabili
1670 346 1772 376 fratre
1793 351 1904 376 nostro
1931 370 1950 376 ..
1978 347 2225 387 archiepiscopo

1219 396 1417 427 Atheniensi
1444 398 1565 436 ipsum,
1595 398 1702 428 adhuc
1729 399 1876 437 ejusdem
1907 400 1998 429 exilii
2027 401 2225 432 necessitate

1219 454 1378 484 coactum,
1407 450 1493 480 dicto
1520 451 1624 480 nobili
1651 460 1709 481 nec
1739 461 1757 481 a
1787 453 1922 482 vesania
1950 457 2092 483 mentem
2119 462 2177 483 nec
2208 463 2226 484 a

1219 503 1447 539 persecutione
1478 512 1613 533 manum
1643 504 1810 534 ullatenus
1839 505 2039 540 retrahente,
2069 506 2226 544 predictis

1219 554 1410 585 Davaliensi
1439 560 1469 585 et
1500 556 1764 594 Phermipolcnsi
1791 557 1941 587 ecclesiis
1967 558 2140 596 spoliante,
2167 568 2224 597 pro

1219 616 1277 637 sue
1303 607 1396 637 libito
1420 608 1611 643 voluntatis,
1639 618 1760 648 easque
1786 610 1947 645 Conrado,
1975 612 2222 647 archidiacono,

1219 664 1296 690 tunc
1312 660 1511 691 Atheniensi
1527 661 1697 697 canonico,
1717 663 1917 698 conserente,
1941 664 2140 694 venerabilis
2158 665 2225 694 sra-

1220 717 1267 743 ter
1279 718 1420 743 noster..
1435 714 1623 752 patriarcha
1633 714 2032 753 Constantinopolitanus,
2045 717 2223 754 predictam

1217 765 1431 795 Gai-mensem
1457 766 1631 796 ecclesiam
1663 768 1888 807 Rain[aldo'!],
1919 769 2224 808 Constantinopoli-

1219 822 1294 847 tano
1306 818 1475 853 canonico,
1489 820 1674 854 conferens,
1687 820 1768 850 duas
1782 821 1987 859 supradictas
1998 823 2103 852 eidem
2117 823 2222 852 archi-

1218 870 1356 900 diacono
1372 872 1589 907 confirmavit,
1611 872 1645 901 in
1662 873 1769 911 ipsius
1791 874 1934 912 episcopi
1953 875 2171 914 prejudicium
2192 880 2223 906 et

1218 933 1407 961 gravamen⁴
1438 925 1477 954 Et
1506 924 1582 955 licet
1613 925 1737 956 eisdem
1768 927 1900 962 decano,
1929 928 2162 958 archidiacono
2192 933 2223 959 et

1218 977 1345 1006 cantori
1362 977 1485 1007 nostris
1506 978 1714 1008 dedissemus
1734 979 1854 1009 litteris
1877 981 1910 1009 in
1937 981 2099 1011 mandatis
2121 987 2165 1016 ut,
2194 982 2223 1012 si

1219 1038 1270 1060 res
1285 1029 1395 1059 taliter
1411 1039 1445 1059 se
1460 1030 1606 1065 haberet,
1621 1031 1765 1069 prefatas
1781 1032 1949 1063 ecclesias.
1968 1042 2041 1062 cuni
2059 1034 2223 1064 fructibus

1218 1082 1380 1120 perceptis
1406 1091 1442 1112 ex
1468 1083 1531 1117 eis,
1559 1083 1678 1113 amotis
1707 1084 1746 1113 ab
1769 1084 1837 1113 illis
1864 1085 2069 1123 quibuslibet
2096 1086 2224 1116 illicitis

1218 1135 1456 1169 detentoribus,
1479 1136 1543 1165 sibi
1570 1136 1701 1166 restitui
1722 1137 1880 1173 facerent,
1906 1143 1935 1167 et
1957 1139 1991 1167 in
2016 1140 2224 1176 possessione

1218 1188 1365 1226 ipsarum
1392 1188 1519 1218 tamdiu
1547 1198 1623 1219 eum
1650 1189 1866 1219 defenderent
1893 1191 2095 1220 restitutum.
2122 1192 2225 1222 donec

1219 1241 1379 1271 redeundi
1395 1241 1435 1270 ad
1450 1241 1623 1271 ecclesiam
1641 1251 1734 1272 suam
1751 1247 1781 1272 et
1798 1243 1920 1272 ibidem
1934 1243 1968 1272 in
1984 1244 2226 1282 tranquillitate

1219 1293 1369 1323 morandi
1405 1293 1556 1329 haberet,
1593 1295 1792 1325 concedente
1830 1296 1981 1325 Domino.
2022 1296 2223 1331 facultatem,

1218 1346 1475 1376 contradictores
1495 1347 1690 1377 auctoritate
1711 1352 1834 1383 nostra,
1856 1348 2075 1386 appellatione
2093 1354 2226 1388 postpo-

1219 1399 1293 1433 sita,
1320 1398 1578 1436 compescendo:
1602 1399 1680 1438 quia
1703 1403 1811 1429 tamen
1832 1400 1867 1429 in
1893 1400 2014 1430 litteris
2041 1401 2162 1430 nostris
2186 1402 2225 1431 de

1218 1452 1305 1481 (licto
1328 1451 1504 1491 Rain[ald0
1517 1452 1554 1489 ‘?],
1573 1451 1629 1490 qui
1651 1452 1864 1482 Carmensem
1889 1453 2063 1483 ecclesiam
2087 1454 2223 1489 detinet,

1218 1504 1440 1535 et‘collatione
1462 1514 1496 1534 ac
1516 1505 1767 1535 confirmatione
1790 1507 2011 1543 prenominati
2037 1507 2224 1544 patriarche

1219 1558 1342 1588 mentio
1359 1566 1424 1587 non
1440 1557 1550 1593 flebat,
1567 1562 1608 1592 et,
1625 1558 1737 1588 eodem
1754 1558 1887 1593 decano,
1907 1559 1945 1588 de
1960 1568 2023 1597 quo
2037 1559 2227 1597 specialiter

1218 1611 1413 1645 confidebat,
1432 1611 1470 1641 de
1489 1611 1556 1640 illis
1575 1611 1725 1649 partibus
1743 1612 1926 1642 recedente.
1947 1612 2005 1641 alii
2021 1612 2083 1642 duo
2096 1612 2226 1651 judices

1218 1668 1293 1693 sunt
1316 1663 1346 1693 ei
1372 1663 1465 1693 valde
1492 1664 1648 1702 suspecti,
1674 1664 1709 1693 in
1732 1663 1923 1703 hujusmodi
1943 1665 2074 1702 negotio
2095 1665 2226 1695 debitus

1218 1725 1283 1746 non
1302 1716 1407 1754 potuit
1424 1716 1539 1746 haberi
1556 1725 1751 1754 processus3
1776 1721 1907 1755 propter
1928 1718 2014 1756 quod
2035 1718 2121 1747 idem
2139 1718 2226 1756 epis-

1218 1778 1317 1807 copus
1335 1769 1463 1807 cogitur
1484 1769 1722 1799 miserabiliter
1744 1770 1941 1805 mendicare,
1969 1770 2003 1799 in
2027 1770 2227 1808 pontificalis

1217 1822 1428 1860 opprobrium
1442 1822 1627 1859 dignitatis.
1645 1822 1892 1860 Compatientes
1909 1823 2012 1860 igitur
2026 1824 2223 1861 paupertati,

1218 1875 1381 1905 senectuti
1399 1879 1428 1905 et
1446 1875 1610 1912 angustiis
1624 1875 1776 1913 jamdicti
1791 1875 1948 1913 episcopi,
1967 1880 2025 1905 ter.
2044 1881 2077 1905 ut
2094 1876 2225 1911 asserit,

1219 1932 1349 1966 propter
1369 1927 1428 1957 hoc
1448 1928 1487 1957 ad
1509 1928 1627 1957 Sedem
1647 1927 1870 1965 Apostolicam
1890 1928 2082 1963 laborantis,
2108 1938 2143 1959 ac
2171 1938 2227 1959 vos

1218 1980 1342 2011 eisdem
1356 1981 1525 2019 judicibus
1548 1981 1583 2010 in
1603 1981 1663 2010 hoc
1688 1981 1819 2018 negotio
1839 1981 2068 2018 subrogantes,
2090 1982 2227 2012 manda-

1218 2041 1291 2062 mus
1311 2037 1486 2071 quatenus,
1505 2033 1533 2062 si
1557 2037 1603 2062 est
1627 2033 1684 2067 ita,
1707 2033 1911 2071 quibuslibet
1933 2033 2061 2063 illicitis
2078 2034 2227 2063 detento-

1219 2085 1311 2115 ribus
1341 2085 1381 2115 ab
1412 2085 1562 2115 ecclesiis
1591 2085 1790 2124 supradictis
1819 2087 1947 2121 amotis,
1980 2096 2044 2116 non
2075 2087 2226 2117 obstante

1218 2137 1393 2168 collatione
1410 2143 1439 2168 et
1457 2138 1707 2168 confirmatione
1725 2139 1822 2168 factis
1843 2139 1881 2168 de
1903 2139 1984 2177 ipsis
2006 2149 2023 2168 a
2041 2139 2228 2177 patriarcha

1219 2195 1250 2220 et
1274 2191 1522 2229 archiepiscopo
1549 2191 1751 2226 memoratis,
1781 2191 1870 2229 ipsas
1896 2192 1937 2224 ei,
1963 2201 2035 2221 cum
2063 2192 2226 2222 fructibus

1219 2244 1381 2282 perceptis
1398 2252 1434 2274 ex
1454 2244 1502 2273 eis
1519 2248 1548 2274 et
1566 2244 1719 2281 expensis
1738 2249 1870 2282 propter
1886 2243 1946 2273 hoc
1967 2244 2073 2277 factis,
2094 2244 2226 2273 restitui

1220 2296 1397 2330 facientes,
1429 2296 1538 2334 ipsum
1570 2296 1761 2326 restitutum
1792 2296 1917 2325 tamdiu
1950 2297 1983 2325 in
2017 2297 2226 2334 possessione

1218 2348 1395 2378 defendere
1425 2349 1618 2387 procuretis,
1654 2349 1757 2379 donec
1790 2349 1897 2379 redire
1930 2349 2031 2387 possit
2062 2350 2101 2378 ad
2131 2358 2223 2378 suam

1218 2401 1391 2431 ecclesiam
1412 2407 1442 2431 et
1461 2402 1583 2431 morari
1602 2401 1705 2432 libere
1722 2402 1755 2430 in
1773 2402 1898 2431 eadem.
1915 2403 2008 2440 juxta
2025 2402 2225 2431 directarum

1218 2454 1258 2482 ad
1277 2454 1408 2484 eosdem
1425 2454 1585 2484 decanum
1604 2459 1634 2484 et
1653 2454 1796 2492 collegas
1821 2463 1897 2484 suos
1915 2454 2153 2483 continentiam
2172 2454 2227 2483 lit-

1220 2511 1374 2537 terarum.
1407 2507 1674 2538 Contradictores
1706 2507 1792 2546 [etc.
1816 2516 1921 2545 usque
1942 2508 1961 2544 2]
1992 2507 2228 2545 compescendo

1221 2576 1265 2588 —.
1284 2561 1356 2589 Dat.
1377 2560 1541 2595 Laterani,
1563 2561 1627 2590 VII
1646 2559 1805 2590 kalendas
1823 2560 2023 2589 novembris.
2043 2569 2129 2588 anno
2146 2559 2227 2588 duo-

1218 2612 1356 2642 decimo.
1379 2625 1391 2638 υ

1289 2775 1409 2803 4582

1255 2838 1425 2871 Praeposito
1439 2838 1473 2863 de
1488 2838 1641 2864 Mol-taria.
1655 2837 1766 2863 ordinis
1779 2838 1873 2863 sancti
1885 2838 2055 2868 Augustini,
2072 2838 2227 2871 papiensis

1733 2777 1852 2807 Latran,
1870 2777 1885 2802 3
1903 2776 2060 2802 novembre
2078 2776 2155 2802 1238.

1219 2886 1370 2913 dioecesis.
1386 2886 1431 2912 cui
1448 2895 1514 2911 usu<
1529 2886 1611 2912 anuli
1629 2890 1655 2912 ct
1680 2886 1776 2912 baculi
1797 2887 1951 2919 past-»ralis
1971 2896 1983 2911 a
2009 2887 2082 2912 Swle
2099 2888 2226 2919 Aposto-

1221 2935 1276 2961 lica
1292 2943 1445 2961 concessus
1464 2936 1568 2962 tuerat.
1587 2935 1721 2961 mint-edit
1738 2935 1911 2969 [wstulanti.
1930 2944 1981 2961 nec
2004 2944 2059 2961 non
2081 2936 2143 2968 ejus
2161 2944 2229 2961 suc-
