2519 3518
111 320 171 351 429

114 386 205 422 suri;
234 386 491 416 contradictores
519 389 579 416 etc.
604 385 714 415 Nullis
742 384 863 415 litteris
888 384 1113 419 obstantibus,

113 439 232 470 harum
259 443 372 470 tenore
399 439 513 475 tacito,
542 449 560 469 a
585 439 668 470 Sede
698 438 886 477 Apostolica
917 438 1114 477 impetratis.

110 492 208 529 Quod
222 492 330 523 sinon
346 500 460 523 omnes
476 496 537 522 etc.
552 493 626 522 Dat.
644 493 843 527 Interamne,
861 490 1013 521 kalendis
1025 490 1114 530 julii,

112 553 201 575 anno
216 544 353 575 decimo.
376 557 388 571 »

185 728 305 757 3222
703 728 793 761 Rieti,
809 728 843 755 16
855 728 954 762 juillet
967 728 1045 755 1236.

150 791 293 826 Magistro
309 790 420 827 P[etro]
435 792 471 818 de
492 791 688 824 Collemedio,
706 792 858 825 capellano
873 799 939 823 sue,
954 790 1118 825 praeposito

114 840 220 868 Sancti
233 840 407 873 Andomari,
425 840 546 867 mandat
562 842 716 874 quatenus,
733 840 758 866 si
774 847 824 866 rex
840 839 1007 871 Navarrae,
1021 847 1118 866 comes

115 888 313 923 Campaniae,
337 896 436 923 preces
465 891 493 915 et
515 888 733 915 exhortationes
753 888 928 922 apostolicas
955 888 1118 921 adimplere

114 938 267 970 omittens,
282 937 410 964 noluerit
426 938 513 964 Petro
526 939 554 964 et
567 937 680 971 Angelo
695 936 838 965 Jobannis
852 936 985 970 Ilperiui,
1002 935 1118 963 civibus

117 985 275 1018 Romanis,
291 985 327 1013 de
345 986 470 1020 quadam
488 994 605 1013 summa.
618 985 774 1020 pecuniae,
792 993 878 1019 quam
896 984 952 1012 sibi
970 984 1007 1011 ab
1020 992 1052 1011 eo
1067 983 1118 1010 de-

115 1035 178 1062 beri
195 1034 406 1069 proponebant,
419 1043 472 1061 nec
488 1043 544 1061 non
561 1034 596 1061 de
613 1033 749 1068 expensis
763 1036 790 1060 et
806 1033 924 1060 damnis
937 1033 1117 1065 satisfacere,

116 1083 283 1110 Pruvinum
299 1085 326 1110 et
343 1083 482 1110 Barrium
498 1084 596 1109 castra
607 1082 766 1109 interdicto
778 1081 914 1108 subiciat.
931 1081 1060 1112 —(R1·:o.
1073 1080 1117 1113 18,

118 1132 203 1159 [174
219 1134 256 1164 r⁰;
273 1140 342 1158 ann.
359 1132 403 1164 X,
420 1140 444 1159 c.
462 1132 535 1163 144.)

159 1244 172 1259 «
191 1233 334 1269 Maqz'stro
353 1232 384 1261 Ρ.
401 1232 435 1261 de
451 1232 644 1266 Collemedzb,
663 1231 818 1268 capellano
836 1235 955 1264 nostro,
970 1230 1121 1267 preposito

116 1285 224 1314 Sancti
238 1284 416 1319 Audomari,
439 1285 620 1313 Morimensis
638 1284 772 1312 diocesis.
792 1284 910 1313 Petrus
927 1286 957 1312 et
973 1281 1120 1319 Angelus

117 1337 282 1368 ,Iohannis
298 1336 436 1374 Ilperini
452 1336 583 1370 fratres,
603 1335 692 1365 cives
711 1335 863 1369 Romani,
881 1343 941 1364 sua
957 1334 1053 1364 nobis
1069 1343 1121 1372 pe-

117 1390 235 1420 titione
250 1393 477 1419 monstrarunt
491 1389 587 1427 quod,
605 1389 692 1418 inter
707 1387 922 1417 karissimum
938 1387 972 1416 in
988 1387 1121 1418 Christo

117 1443 225 1473 filium
248 1446 396 1472 nostrum
426 1464 443 1470 ..
469 1441 633 1471 illustrem
654 1450 765 1478 regem
784 1441 943 1475 Navarre,
968 1441 1122 1470 comitem

116 1495 308 1534 Campanie.
324 1494 413 1529 011111,
433 1503 469 1524 ex
486 1497 576 1532 parte
590 1502 666 1529 una,
687 1497 717 1523 et
733 1493 833 1531 ipsos,
852 1502 888 1522 ex
906 1493 1019 1528 altera,
1039 1493 1122 1522 ami-

116 1548 217 1578 cabili
234 1547 471 1585 compositione
481 1547 563 1576 inita
577 1555 675 1584 super
686 1546 827 1584 quadam
840 1554 969 1575 summa
982 1545 1122 1583 pecunie

117 1609 216 1640 quam
228 1600 292 1629 sibi
306 1600 345 1629 ab
357 1608 393 1629 eo
410 1599 522 1629 deberi
538 1602 735 1638 proponunt,
748 1602 778 1628 et
790 1598 985 1628 auctoritate
997 1602 1122 1636 aposto-

116 1653 181 1684 lica
194 1653 356 1686 roborata,
371 1652 514 1687 demum,
527 1661 602 1682 cum
613 1651 884 1690 compositionem
898 1660 962 1681 non
977 1655 1123 1681 servaret

65 1739 68 1741 ,
113 1707 265 1741 eandem,
297 1706 360 1745 ipsi
388 1709 452 1735 tam
480 1715 496 1735 a
527 1705 611 1735 bone
638 1704 797 1735 memorie
826 1703 997 1742 H[onorio]
1025 1713 1120 1742 papa,

115 1759 347 1798 predecessore
359 1762 482 1794 nostro,
498 1767 596 1796 quam
609 1767 626 1787 a
638 1757 733 1787 nobis
745 1766 844 1795 super
857 1757 970 1786 eadem
982 1757 1123 1795 pecunia

119 1816 150 1842 et
167 1812 265 1842 rebus
281 1811 356 1841 aliis
375 1811 414 1840 ad
431 1834 451 1840 ..
469 1811 620 1841 abbatem
637 1814 668 1840 et
684 1810 859 1849 ..priorem
879 1810 997 1840 Sancte
1013 1810 1123 1839 Geno-

118 1864 190 1895 vefe
201 1864 402 1894 Parisiensis
416 1867 530 1894 contra
541 1872 615 1893 eum
625 1863 754 1892 litteras
766 1863 994 1900 impetrarunt.
1004 1863 1121 1893 Coram

118 1917 240 1956 quibus
259 1925 332 1946 cum
351 1920 473 1946 tractus
490 1915 608 1945 fuisset
624 1915 658 1944 in
675 1924 826 1947 causam.
849 1938 870 1943 ..
892 1914 992 1944 abbas
1009 1915 1123 1945 Sancti

117 1969 282 2000 Jobannis
298 1969 332 1998 in
348 1969 465 1999 Vincis
480 1968 732 1999 Suessionensis
747 1968 884 2006 ejusque
896 1967 1030 2005 college,
1050 1976 1123 2005 pre-

118 2026 209 2052 textu
236 2021 453 2060 quarumdam
479 2021 666 2051 litterarum
692 2024 898 2051 nostrarum,
926 2029 1008 2058 quas
1034 2024 1123 2057 post-

119 2075 251 2104 modum
267 2074 462 2112 impetrasse
482 2073 614 2107 dicitnr,
635 2081 733 2110 super
756 2081 793 2102 eo
812 2072 898 2110 quod
916 2081 933 2101 a
952 2072 1123 2102 nonnullis

120 2126 360 2157 mercatoribus
377 2126 497 2156 multas
513 2135 633 2156 usuras
650 2129 680 2155 et
692 2125 916 2164 juramentum
934 2125 972 2155 de
990 2134 1054 2154 non
1070 2134 1123 2155 re-

120 2179 272 2217 petendis
303 2178 426 2208 eisdem
459 2178 498 2208 ab
535 2187 571 2208 eo
600 2177 801 2216 proponebat
828 2181 969 2211 extorta,
998 2177 1122 2207 eisdem

117 2231 286 2271 judicibus
318 2240 357 2260 ne
387 2231 616 2269 procederent,
643 2234 837 2264 vetueruntg
866 2230 940 2267 qui,
970 2239 1043 2259 cum
1074 2230 1122 2259 eis

120 2284 326 2322 postmodum
344 2283 531 2313 dederimus
550 2283 584 2311 in
608 2282 771 2312 mandatis
788 2286 839 2316 ut,
858 2282 981 2311 eisdem
1001 2282 1122 2312 litteris

122 2345 186 2367 non
203 2336 423 2370 obstantibus,
437 2335 628 2365 mandatum
642 2339 790 2364 nostrum
804 2335 920 2373 exequi
934 2344 997 2364 non
1011 2335 1123 2365 1111101·-

119 2393 204 2424 rent,
222 2389 257 2418 111
273 2397 446 2426 1)01·50113111
460 2387 809 2417 excommunicationis
822 2387 896 2416 etin
914 2391 1034 2417 terram
1051 2388 1122 2426 ejus

119 2441 288 2472 interdicti
315 2441 497 2471 sententias
523 2441 615 2479 juxta
638 2440 776 2469 formam
800 2440 954 2469 traditam
977 2441 1122 2478 promul-

120 2497 254 2532 garunt,
279 2502 418 2531 quorum
440 2501 629 2530 processum
652 2491 703 2520 illi
728 2491 893 2528 dicuntur,
922 2492 1007 2521 sicut
1032 2501 1122 2522 asse—

120 2547 215 2581 ritur,
236 2554 419 2576 revocasse.
444 2545 537 2575 Unde
561 2545 724 2574 instanter
744 2544 910 2582 petierunt
929 2554 947 2574 a
964 2545 1058 2575 nobis
1074 2550 1120 2579 ut,

121 2607 186 2629 non
199 2598 350 2628 obstante
367 2597 573 2627 revocatione
586 2597 787 2636 hujusmodi,
803 2606 900 2635 quam
914 2597 1038 2627 nullam
1051 2607 1122 2628 esse

119 2651 191 2690 ipso
206 2651 280 2689 jure
303 2650 471 2679 dicebant.
492 2649 622 2679 easdem
641 2648 822 2678 sententias
842 2658 946 2687 usque
963 2650 1003 2679 ad
1025 2650 1123 2679 satis-

121 2703 296 2733 factionem
308 2701 504 2739 condignam
517 2701 700 2730 faceremus
710 2700 936 2738 sollempniter
947 2701 1122 2739 publicari.

122 2755 207 2792 Quia
229 2764 305 2784 vero
328 2763 436 2791 regem
460 2753 600 2783 eundem
622 2752 797 2791 specialem
820 2753 1006 2791 Apostolice
1029 2754 1123 2784 Sedis

122 2807 228 2837 filium
250 2811 452 2845 10111113111115,
478 2810 508 2836 et
535 2814 571 2835 eo
597 2805 695 2835 etiam
720 2805 839 2835 affectu
864 2805 1121 2843 complectimur,

123 2859 210 2898 quod
225 2858 368 2889 libenter
381 2858 520 2888 velimus
537 2857 655 2887 honori
671 2866 740 2891 suo,
759 2861 919 2896 quantum
935 2866 1122 2896 possumus,

123 2920 198 2941 cum
222 2911 394 2942 honestate
418 2915 529 2941 nostra
555 2911 700 2945 deferre,
725 2910 858 2940 illorum
884 2910 1124 2948 postulationes

120 2963 276 2994 duximus
292 2963 551 3002 suspendendas,
572 2963 710 2993 firmiter
727 2967 896 3001 sperantes
914 2967 961 2998 ut,
980 2972 1044 3001 quo
1060 2972 1125 2993 am-

971 311 1157 348 mXIEME
1178 310 1338 348 ANNEE.

2141 316 2199 348 430

1196 383 1284 422 plius
1300 383 1364 414 sibi
1382 384 1572 420 deferimus,
1592 393 1629 414 eo
1645 384 1795 414 devotius
1811 385 1926 415 debeat
1945 385 2069 415 monita
2085 389 2200 415 nostra

1198 436 1381 474 suscipere,
1408 440 1438 466 et
1461 436 1501 466 ad
1521 445 1558 467 ea
1583 446 1646 475 que
1669 437 1890 472 consulimus,
1919 437 2086 467 inclinari.
2114 437 2199 468 Cum

1197 489 1299 527 igitur
1324 498 1381 527 pro
1406 489 1576 527 temporali
1604 490 1738 519 comodo
1763 499 1827 519 non
1854 490 1896 519 sit
1918 491 2006 519 fama
2032 490 2083 520 vel
2107 490 2199 520 salus

1199 542 1308 572 anime
1334 542 1548 579 negligenda,
1570 542 1692 571 dictum
1715 551 1824 580 regem
1842 543 2022 580 rogandum
2044 543 2198 573 duximus

1198 599 1229 625 et
1245 595 1444 625 hortandum
1462 600 1512 629 ut,
1531 595 1560 625 si
1577 599 1625 625 est
1641 595 1701 629 ita,
1722 595 1760 625 de
1778 595 1946 633 predictis,
1964 605 2037 625 cum
2051 596 2152 635 justis
2167 600 2200 626 et

1198 647 1376 677 moderatis
1388 648 1540 685 expensis
1551 657 1587 677 ac
1600 647 1709 677 debita
1720 648 1960 678 restauratione
1969 648 2198 686 dampnorum,

1198 708 1301 730 usura
1316 700 1450 730 omnino
1465 704 1633 735 cessante,
1652 700 1835 730 satisfaciat
1851 700 1979 730 civibus
1996 700 2198 736 memoratis,

1199 752 1245 781 ita
1261 752 1346 790 quod
1365 752 1429 790 ipsi
1453 752 1492 782 ad
1515 761 1574 782 nos
1594 761 1693 790 super
1714 752 1773 782 hoc
1789 752 1909 782 iterare
1925 752 2093 791 querelam
2115 752 2201 783 ulte-

1199 805 1270 834 rius
1295 814 1360 834 non
1387 809 1558 842 cogantur.
1582 805 1752 839 Ceterum,
1778 805 1856 843 quia
1883 809 1995 834 contra
2017 805 2198 844 justitiam,

1199 866 1298 896 quam
1323 857 1432 894 diligit
1454 857 1559 886 honor
1580 857 1682 894 regis,
1709 860 1739 886 et.
1763 857 1798 885 in
1822 866 1886 895 qua
1910 866 2024 886 sumus
2046 856 2201 887 omnibus

1199 911 1379 945 debitores,
1397 910 1525 940 deferre
1545 909 1645 939 alicui
1665 918 1729 939 11011
1747 909 1920 944 debemus,
1938 914 2089 947 gerentes
2106 909 2201 939 Illius

1199 963 1288 993 vices
1311 963 1345 992 in
1371 963 1478 997 terris,
1506 962 1591 1000 apud
1612 971 1708 1000 quem
1735 961 1827 991 nulla
1850 966 1899 992 est.
1923 962 2068 1000 acceptio
2089 970 2202 1000 perso-

1201 1024 1317 1045 narum
1332 1016 1352 1050 ¹,
1377 1015 1571 1044 mandamus
1595 1019 1775 1052 quatenus,
1793 1014 1821 1043 si
1841 1014 1947 1043 dictus
1964 1023 2018 1044 rex
2042 1023 2155 1052 preces
2171 1018 2203 1044 et

1200 1068 1445 1099 exhortationes
1469 1071 1598 1096 nostras
1614 1066 1763 1095 omiserit
1779 1066 1974 1104 adimplere,
1994 1067 2203 1096 revocatione

1199 1120 1390 1160 hujusmodi
1422 1128 1487 1149 11011
1517 1119 1684 1153 obstante,
1718 1119 1926 1158 Pruvin[um]
1958 1123 1989 1148 et
2023 1119 2203 1158 Bari-[ium]

1200 1179 1308 1204 castra
1339 1173 1503 1202 sententie
1534 1172 1680 1201 subicias
1712 1172 1897 1206 interdicti,
1932 1181 2069 1210 eamque
2100 1172 2204 1202 facias

1199 1235 1305 1264 usque
1322 1226 1362 1255 ad
1379 1225 1640 1255 satisfactionem
1661 1224 1875 1261 condignam,
1893 1224 2044 1254 submoto
2060 1224 2205 1262 appella-

1201 1279 1302 1308 tionis
1316 1278 1496 1311 obstaculo,
1512 1277 1751 1307 inviolabiliter
1764 1277 1945 1312 observari,
1962 1277 2158 1311 districtius,
2176 1276 2206 1307 si

1202 1340 1337 1361 necesse
1353 1330 1464 1365 fuerit,
1484 1330 1678 1359 auctoritate
1694 1333 1803 1359 nostra
1820 1329 1917 1358 dictis
1930 1329 2098 1367 judicibus
2115 1329 2206 1358 inhi-

1201 1383 1325 1418 bendo,
1344 1392 1384 1413 ne
1401 1391 1591 1421 processum
1610 1386 1702 1411 tuum
1719 1382 1858 1411 debeant
1875 1382 2085 1420 aliquatenus
2100 1382 2206 1419 impe-

1203 1436 1284 1465 dire.
1313 1436 1388 1465 Non
1413 1434 1622 1465 obstantibus
1649 1434 1858 1471 indulgentia
1888 1443 1950 1472 que
1980 1434 2106 1472 prefato
2135 1433 2207 1471 regi

1202 1488 1324 1518 dicitur
1337 1488 1377 1517 ab
1389 1487 1577 1525 Apostolica
1590 1486 1673 1517 Sede
1689 1495 1856 1521 concessa,
1874 1491 1909 1515 ut
1926 1486 2037 1516 nullus
2053 1486 2208 1520 ridelicet

1203 1541 1275 1571 sine
1294 1541 1471 1570 manifesta
1493 1544 1524 1570 et
1546 1539 1738 1569 rationabili
1759 1547 1858 1568 causa
1881 1539 1914 1567 in
1935 1547 2008 1568 eum
2028 1548 2064 1568 ac
2085 1543 2207 1568 terram

1203 1603 1301 1624 suam
1309 1592 1660 1623 excommunicationis
1672 1596 1702 1621 et
1714 1591 1881 1621 interdicti
1893 1592 2075 1621 sententias
2090 1592 2208 1621 audeat

1202 1646 1426 1685 promulgare,
1444 1645 1496 1675 vel
1510 1645 1632 1674 litteris
1649 1644 1904 1674 conservatoriis
1921 1652 2019 1682 super
2035 1644 2106 1682 ipsa
2125 1644 2165 1673 ad
2185 1667 2205 1672 ..

1203 1700 1355 1729 abbatem
1384 1697 1600 1736 Longipontis
1624 1701 1655 1727 et
1684 1706 1761 1726 suos
1792 1697 1934 1734 collegas
1968 1697 2126 1732 obtentis,
2156 1697 2208 1727 vel

1203 1753 1439 1783 constitutione
1460 1752 1498 1781 de
1521 1751 1648 1780 duabus
1670 1750 1768 1780 dietis
1791 1750 1878 1779 edita
1898 1750 1933 1779 in
1950 1749 2090 1779 concilio
2107 1758 2208 1787 gene-

1202 1805 1282 1840 rali,
1303 1804 1478 1834 dummodo
1501 1803 1588 1833 ultra
1610 1802 1741 1832 tertiam
1764 1811 1839 1840 pars
1863 1802 1965 1832 altera
1981 1806 2070 1831 extra
2087 1803 2207 1839 su[am]

1202 1856 1385 1895 d[iocesim]
1401 1856 1440 1886 ad
1450 1854 1638 1895 ju[dicium]
1656 1864 1721 1884 non
1734 1855 1919 1894 tra[hatur]‚
1935 1859 1965 1885 et
1981 1855 2206 1893 prohibitione

1203 1920 1221 1940 a
1242 1910 1337 1940 nobis
1362 1909 1449 1939 edita
1469 1917 1568 1946 super
1588 1907 1709 1937 debitis
1732 1909 1968 1938 Rornanorum.
1993 1908 2065 1937 Dat.
2090 1908 2205 1942 Reate,

1203 1964 1298 1993 XVII
1314 1962 1472 1992 kalendas
1489 1961 1634 1998 augusti,
1652 1969 1738 1990 anno
1756 1960 1894 1990 decimo.
1914 1972 1927 1986 »

1273 2133 1391 2162 3223

1239 2196 1377 2229 Gregorio
1393 2195 1428 2221 de
1445 2194 1546 2221 Monte
1563 2194 1674 2227 Longo,
1692 2193 1870 2219 subdiacono
1886 2201 1947 2225 suo,
1965 2193 2085 2220 mandat
2105 2196 2208 2227 quate-

1203 2253 1257 2271 nus
1274 2252 1370 2278 regem
1394 2243 1560 2275 Navarrae,
1578 2242 1715 2268 comitem
1732 2242 1927 2275 Campaniae,
1946 2245 2060 2268 moneat
2077 2246 2103 2268 et
2119 2242 2208 2268 indu-

1781 2132 1870 2163 Rieti,
1892 2132 1925 2158 14
1941 2132 2039 2165 juillet
2056 2132 2134 2158 1236.

1204 2296 1250 2321 cat
1266 2296 1298 2320 ut
1311 2292 1567 2320 exhortationibus
1583 2294 1610 2317 et
1625 2291 1757 2317 consiliis
1776 2291 1945 2325 apostolicis
1965 2299 2051 2324 super
2071 2291 2207 2318 satisfac-

1203 2343 1283 2369 tione
1299 2343 1386 2369 Petro
1404 2344 1432 2368 et
1451 2342 1565 2373 Angelo
1585 2340 1728 2367 johannis
1750 2340 1886 2374 Itperini.
1911 2340 2026 2366 civibus
2049 2341 2206 2372 Romanis,

1203 2394 1232 2418 et
1250 2391 1297 2423 R,
1319 2398 1418 2417 eorum
1448 2389 1543 2421 tratri,
1567 2388 1764 2423 impendenda
1789 2389 1965 2421 acquiescat.
1995 2403 2025 2406 ——
2052 2390 2137 2419 (linc.
2162 2389 2205 2419 18,

1204 2441 1224 2466 t.
1241 2439 1292 2466 174
1308 2442 1351 2471 v⁰;
1369 2447 1438 2466 ann.
1457 2438 1496 2470 X,
1514 2447 1538 2464 0.
1558 2438 1632 2467 115.)

1246 2552 1259 2566 α
1283 2540 1424 2578 Greyorz'o
1440 2539 1473 2566 de
1489 2539 1584 2567 Monte
1601 2539 1713 2574 Lonyo,
1733 2537 1915 2565 sutdiacono
1938 2542 2048 2565 nostro.
2074 2537 2209 2573 Signifi—

1204 2595 1321 2621 carunt
1346 2591 1442 2620 nobis
1465 2590 1545 2619 olim
1570 2589 1681 2619 dilecti
1703 2589 1763 2617 filii
1790 2589 1916 2618 nobiles
1944 2589 2007 2617 viri
2035 2590 2151 2618 Petrus
2178 2593 2208 2619 et

1204 2643 1352 2682 Angelus
1364 2643 1528 2674 Jobannis
1543 2642 1682 2680 Ilperini
1699 2642 1827 2671 fratres.
1846 2642 1934 2671 cives
1953 2642 2107 2670 1101113111.
2123 2641 2209 2679 quod

1206 2697 1255 2731 B„
1274 2696 1376 2725 frater
1396 2696 1563 2733 ipsorum.
1584 2694 1617 2723 in
1641 2694 1798 2723 comitatu
1819 2693 1997 2730 Campanie
2021 2698 2096 2722 tune
2121 2693 2207 2722 exis-

1205 2753 1293 2783 tens,
1311 2757 1387 2778 cum
1402 2748 1543 2786 quodam
1563 2746 1699 2779 clerico,
1719 2746 1775 2783 qui
1797 2754 1830 2774 se
1849 2750 2092 2782 procuratorem
2108 2753 2209 2774 vene-

1205 2801 1321 2830 rabilis
1340 2801 1452 2830 fratris
1476 2799 1579 2829 nostri
1597 2823 1616 2827 ..
1635 2798 1865 2828 Laudunensis
1884 2798 2028 2835 episcopi
2051 2806 2107 2835 per
2130 2806 2209 2827 0011-

1205 2854 1308 2883 fectas
1325 2853 1386 2882 sub
1400 2853 1470 2892 ejus
1490 2851 1622 2881 nomine
1638 2850 1765 2879 litteras
1783 2849 1986 2879 ostendebat.
2004 2853 2209 2879 contractum

1240 2972 1260 2995 1.
1277 2972 1350 2996 Ron.
1368 2971 1402 2999 11,
1422 2970 1456 2994 lt.
