2519 3518
133 262 205 291 1045
978 252 1199 291 normann
1222 253 1381 290 ΑΝΝΕΕ.
2154 268 2225 297 ιωίῡ

129 327 264 367 ac[tore]
288 328 443 358 Domino.
473 328 672 358 sententiam
697 332 878 366 receptare.
906 328 942 357 Et
969 327 995 357 si
1023 327 1133 356 forsan

129 385 331 410 memoratus
344 381 518 419 episcopus
535 380 626 410 litem
644 381 731 410 infra
747 380 828 411 duos
847 389 978 410 menses
994 378 1137 409 noluerit

129 433 320 465 contestari,
343 433 508 463 mandetis
531 433 654 463 eisdem
681 438 716 463 ut
741 433 882 463 termino
906 431 1134 471 peremptorio.

131 486 320 524 prefigendo
336 496 354 515 a
371 486 475 521 vobis,
494 495 567 516 cum
584 486 770 516 rationibus
788 491 818 516 et
833 485 1049 515 munimentis
1067 484 1136 513 suis

130 547 187 576 per
203 543 432 577 procuratores
449 539 586 569 idoneos
604 543 814 577 compareant
838 548 945 568 coram
966 537 1071 572 nobis,
1089 541 1134 571 ut,

131 591 322 630 postpositis
346 592 506 629 diffugiis,
528 591 633 630 possit
656 591 825 629 negotium
850 591 1031 621 secundum
1051 590 1136 629 juris

128 643 278 675 ordinem
295 644 480 674 terminari.
497 646 611 675 Testes
630 649 689 674 ete.
709 644 801 681 Quod
818 644 845 673 si
864 653 928 673 non
945 652 1059 673 omnes
1074 647 1133 672 etc.

131 697 203 726 Dat.
223 697 392 732 Laterani,
410 698 473 728 VII
490 697 648 728 kalendas
662 698 766 737 junii,
789 706 875 727 anno
896 697 1101 726 duodecimo.
1123 708 1133 720 »

200 873 324 902 4390

164 938 293 970 Deoano,
308 937 517 964 archidiacono
534 941 562 964 et
581 938 720 969 Henrico,
738 938 879 965 canonico
897 938 1056 970 Thebanis,
1078 939 1137 964 late

129 985 233 1012 scribit
249 986 284 1012 de
297 994 385 1012 causa
402 986 481 1012 inter
500 986 636 1012 abbatem
659 990 897 1020 conventumque
914 986 1085 1013 monasterii
1101 987 1137 1012 de

129 1034 280 1068 Dalphino
292 1036 336 1066 (=
349 1034 492 1068 Daphni),
506 1034 712 1061 Cisterciensis
723 1034 847 1067 ordinis,
857 1034 1050 1061 Atheniensis
1059 1035 1137 1061 dioe-

129 1083 214 1115 cesis,
240 1091 275 1110 ex
300 1091 359 1110 una
380 1086 473 1117 parte,
500 1086 526 1109 et
550 1083 706 1109 Albertum
729 1084 963 1112 Boccerannum,
996 1083 1136 1115 militem,

128 1131 370 1165 Nigripontensis
383 1131 536 1163 dioecesis,
553 1134 678 1157 tutorem
694 1132 726 1157 F.
738 1134 765 1158 et
775 1139 904 1158 sororum
922 1132 995 1165 ejus,
1007 1132 1134 1159 filiarum

130 1179 277 1213 quondam
295 1179 342 1212 Β.,
359 1179 490 1213 ejusdem
505 1179 622 1206 Alberti
640 1180 750 1212 fratris,
767 1188 801 1206 ex
818 1181 921 1211 altera,
939 1188 1025 1214 super
1046 1180 1136 1207 casali

127 1228 163 1255 de
177 1228 300 1255 Liconia
311 1228 431 1262 ejusque
443 1228 632 1262 pertinentiis
642 1228 816 1261 jamdudum
831 1231 945 1259 exorta:
961 1229 1002 1254 cis
1015 1229 1137 1255 mandat

127 1279 272 1310 quatenus
287 1276 400 1303 dictum
423 1277 634 1303 monasterium
657 1276 686 1302 in
704 1277 915 1310 possessionem
933 1277 1039 1303 casalis
1053 1285 1137 1311 prae—

127 1325 212 1353 dicti.
236 1333 324 1352 causa
339 1324 499 1357 custodiae,
525 1325 670 1351 inducant
685 1328 713 1351 et
735 1325 897 1352 defendant
915 1325 1082 1352 inductum.
1106 1341 1136 1344 —

127 1375 213 1406 (Rae.
233 1374 276 1406 19,
292 1375 311 1400 f.
330 1374 364 1400 25
382 1377 425 1405 v⁰;
449 1382 518 1400 ann.
540 1374 606 1405 XII,
630 1382 654 1400 c.
679 1374 748 1405 133:
767 1389 798 1391 —
822 1375 859 1400 cf.
883 1381 979 1406 supra,
1004 1383 1032 1400 n.
1056 1374 1136 1406 2671,

128 1422 196 1449 3214
213 1426 240 1449 et
255 1422 346 1453 3583.)

724 876 844 908 Latran,
861 876 894 902 26
911 875 969 901 mai
988 875 1064 901 1238.

170 1536 182 1550 «
202 1546 221 1552 ..
241 1523 361 1555 decano,
380 1545 401 1551 ..
417 1523 670 1552 archidiaconoel
682 1524 821 1559 Henrico,
840 1525 985 1552 canonico
1003 1525 1136 1554 Tetanis.

127 1576 209 1607 Cum
226 1575 317 1610 olim,
336 1575 465 1605 dilectis
485 1575 564 1605 filiis
591 1598 608 1604 ..
636 1575 752 1606 abbate
776 1581 806 1605 et
825 1581 988 1606 conventu
1006 1586 1137 1606 monas-

130 1629 204 1660 terii
227 1629 266 1659 de
294 1628 471 1666 Dalphino.
499 1628 733 1659 Cisterciensis
756 1629 895 1664 ordinis,
922 1629 1138 1659 Atheniensis

127 1682 281 1717 diocesis,
300 1681 534 1716 referentibus,
553 1681 722 1712 intellecto
738 1682 826 1720 quod
842 1682 875 1711 in
890 1691 991 1712 causa
1006 1692 1069 1721 que
1086 1683 1138 1712 in-

129 1740 178 1766 ter
194 1735 296 1773 ipsos,
312 1744 349 1765 ex
367 1739 459 1773 parte
471 1743 549 1769 una,
568 1739 599 1764 et
612 1734 829 1774 A[lbertum]¹
851 1735 1139 1775 Boccerann[um],

129 1788 281 1822 militem,
306 1787 579 1825 Nigripontensis
602 1787 756 1822 diocesis,
778 1792 919 1817 tutorem
937 1789 970 1818 F.
989 1798 1025 1818 ac
1047 1798 1139 1819 soro-

128 1850 203 1870 rum
231 1841 312 1879 ejus,
341 1840 486 1870 filiarum
513 1840 679 1879 quondam
705 1841 756 1875 Β.,
779 1841 892 1870 fratris
917 1842 980 1876 sui,
1005 1842 1139 1873 nomine

128 1894 288 1932 ipsarum,
309 1902 346 1922 ex
368 1893 471 1923 altera
497 1894 584 1930 [etc.,
607 1898 641 1922 ut
665 1903 774 1931 supra,
796 1894 830 1923 in
852 1894 974 1924 litteris
998 1895 1058 1925 sub
1075 1905 1138 1925 nu-

129 1955 220 1976 mero
254 1945 331 1976 3583
352 1946 485 1980 notatis,
516 1956 620 1984 usque
644 1947 664 1984 :]
691 1946 896 1984 impetratas,
923 1956 986 1977 non
1013 1952 1140 1986 poterat

129 1999 244 2029 haberi
262 2008 435 2037 processus
453 1999 540 2038 [etc.,
560 2003 595 2028 ut
612 2008 722 2036 supra,
742 1999 775 2028 in
793 1999 918 2029 eisdem
936 2000 1068 2033 litteris,
1087 2010 1139 2030 us-

130 2062 194 2092 que
213 2054 233 2090 :]
257 2052 497 2082 subtrahente:
516 2052 699 2082 venerabili
723 2053 819 2082 fratri
846 2058 956 2083 nostro
983 2077 1002 2082 ..
1030 2055 1140 2084 archi-

131 2107 283 2144 episcopo
306 2106 549 2139 Corinthiensi,
578 2111 655 2135 tunc
682 2106 889 2143 Argolicensi
918 2107 1081 2145 episcopo,
1109 2113 1140 2138 et

130 2159 266 2196 collegis
283 2159 353 2189 suis
371 2159 493 2188 nostris
510 2159 660 2188 dedimus
678 2158 764 2197 [etc.,
784 2163 818 2188 ut
837 2168 947 2197 supra,
963 2159 996 2188 in
1015 2160 1139 2190 eisdem

130 2212 264 2247 litteris,
288 2212 401 2250 paucis
422 2211 574 2247 mutatis,
594 2220 699 2250 usque
727 2213 749 2249 ε]
770 2211 980 2248 destinarint,
1005 2217 1035 2242 et
1052 2213 1139 2243 idem

131 2265 330 2295 cardinalis²
352 2265 539 2294 cautionem
564 2274 581 2294 a
603 2265 870 2302 procuratoribus
894 2265 976 2303 ipsis
1002 2270 1032 2295 et
1049 2270 1139 2303 patre

131 2318 280 2357 ejusdem
303 2317 421 2347 militis
444 2317 483 2347 de
503 2317 657 2347 mandato
682 2322 793 2347 nostro
812 2318 971 2355 receperit
990 2318 1135 2355 speciali.

132 2371 219 2410 quod
241 2371 320 2400 dicti
346 2370 527 2400 adversarii
553 2371 586 2399 in
613 2370 799 2408 subscripto
822 2371 962 2400 termino
981 2380 1139 2409 persona-

132 2423 208 2454 liter
222 2423 273 2454 vel
290 2432 346 2461 per
364 2428 595 2462 procuratores
609 2423 755 2459 idoneos,
776 2423 979 2453 sufficienter
994 2424 1139 2453 instruc-

132 2481 193 2512 tos,
211 2485 320 2506 coram
338 2476 433 2506 nobis
453 2485 526 2506 cum
550 2476 619 2506 suis
643 2476 829 2505 rationibus
852 2481 1090 2513 comparerent,
1109 2481 1140 2506 et

131 2528 266 2558 interim
288 2528 412 2558 dictum
437 2528 545 2558 casale
567 2538 626 2558 nec
653 2529 872 2558 transferrent
899 2529 931 2557 in
959 2528 1061 2557 alium
1081 2538 1139 2559 nec

133 2581 280 2612 alienare
299 2581 511 2620 aliquatenus
531 2585 774 2619 attemptarent,
795 2581 970 2619 nullasque
988 2581 1140 2619 impetra-

132 2638 234 2664 renta
243 2634 326 2664 Sede
340 2633 668 2672 Apostolicalitteras
683 2643 782 2671 super
793 2633 924 2671 negotio
939 2638 1118 2664 memorato
1133 2644 1138 2662 :

167 2753 186 2776 1.
206 2750 246 2776 La
267 2753 352 2776 forme
369 2752 504 2782 complete
524 2754 654 2775 Albertus
671 2756 711 2775 est
731 2752 838 2775 donnee
855 2759 903 2782 par
920 2753 958 2775 les
976 2752 1066 2782 pieces
1080 2752 1137 2776 ‘3671

134 2800 161 2820 et
173 2797 240 2821 3214.
256 2797 329 2820 Dans
339 2803 383 2820 ees
398 2797 470 2819 deux
484 2796 586 2826 picces,
598 2803 632 2819 on
646 2797 689 2819 lit:
701 2797 840 2824 Bostarem
858 2796 926 2819 dans
937 2796 961 2819 la
972 2796 1047 2826 piece
1062 2796 1139 2821 3583:

134 2843 310 2865 Bocherann.

165 2885 189 2909 2.
201 2885 395 2909 C'est-a-dire:
410 2887 573 2914 Rainerius‚
585 2887 685 2908 Sancte
699 2887 785 2908 Mar-ie
799 2886 826 2908 in
840 2885 986 2908 cosmidin
1002 2886 1142 2907 diaconus

137 2931 303 2954 cardinalis.

1220 335 1278 355 nos
1295 326 1387 356 vohis
1404 327 1583 358 direximus
1602 329 1721 367 scripta
1740 335 1861 358 nostra.
1881 336 1913 359 ut
1934 336 2057 369 partem
2075 333 2223 363 citari-tis

1219 382 1404 417 utramque,
1421 380 1597 409 t‹=1·1nim1111
1613 381 1660 410 eis
1678 383 1943 419 peremptorium.
1963 384 2084 413 festum
2106 385 2222 414 videli-

1219 436 1266 460 cet
1282 431 1368 461 beati
1384 432 1556 462 Michaelis
1572 440 1744 462 venturum
1759 439 1834 463 tunc
1846 436 2001 472 proximo.
2020 438 2217 475 pra-figendo,

1219 493 1283 522 quo
1299 494 1356 522 per
1373 494 1406 515 se
1425 485 1474 515 vel
1492 495 1547 524 per
1564 492 1791 524 procuratores
1816 488 2020 519 sufficientes
2037 495 2065 519 et
2087 491 2221 521 idom-os

1220 538 1252 566 in
1272 543 1383 568 nostra
1400 539 1566 577 presentia
1591 546 1828 578 comparerent.
1854 542 1980 571 facture
2001 552 2036 571 ac
2054 549 2222 581 receptore

1220 591 1304 628 quod
1318 591 1396 620 ordo
1409 592 1495 630 juris
1508 597 1696 630 exposceret
1714 594 1862 622 rationis.
1881 599 1999 623 extunc
2016 596 2048 624 in
2067 596 2169 625 dictos
2187 598 2221 626 I'.

1219 648 1249 672 et
1267 644 1300 673 F.
1320 653 1355 673 ac
1373 654 1501 674 sorores
1522 645 1627 683 ipsius
1646 647 1691 680 F„
1711 646 1739 674 si
1757 655 1850 676 secus
1871 652 2015 683 agerent,
2036 658 2222 678 excommu-

1220 696 1398 726 nicationis
1429 698 1626 727 sententiam
1653 699 1872 736 prol'erentes.
1905 704 1935 729 et
1963 700 2121 731 facientes
2152 711 2222 731 eam

1219 759 1323 788 usque
1350 750 1388 778 ad
1412 750 1672 780 satisfactionem
1696 751 1903 789 condignam,
1930 752 2148 790 appellatione
2174 764 2223 783 re-

1219 806 1316 832 mota.
1336 802 1574 833 inviolabiliter
1589 803 1769 833 observari.
1787 804 2003 842 Comparente
2021 806 2130 844 itaque
2148 816 2223 844 pro-

1219 860 1368 885 curatore
1391 856 1495 893 ipsius
1521 857 1712 886 monasterii
1737 857 1771 885 in
1793 857 1938 895 predicto
1959 859 2097 887 termino
2113 868 2221 889 coram

1220 908 1324 938 nobisv
1343 918 1378 937 ac
1399 913 1526 946 petente
1546 910 1667 939 dictum
1687 910 1802 939 casale.
1822 920 1895 939 cum
1913 912 2122 949 pertinentiis
2140 913 2221 947 suis,

1220 961 1352 991 nomine
1380 962 1525 999 ipsorum
1551 962 1680 991 abbatis
1710 967 1738 991 et
1769 968 1950 992 conventus
1982 964 2046 993 sihi
2080 965 2219 1000 restitui,

1219 1015 1305 1053 quod
1322 1015 1488 1044 asserebat
1503 1016 1576 1053 jure
1595 1015 1732 1044 dominii
1750 1015 1800 1044 vel
1815 1017 1908 1054 qnasi
1925 1016 1964 1045 ad
1980 1018 2142 1054 prefatum
2159 1028 2222 1047 mo-

1220 1067 1402 1097 nasterium
1422 1068 1598 1105 pertinere,
1621 1077 1656 1097 ac
1674 1069 1800 1097 fructus
1818 1074 1986 1106 perceptos
2006 1079 2042 1099 ex
2062 1070 2121 1099 eis.
2142 1081 2223 1109 quos

1220 1121 1331 1150 decem
1354 1120 1446 1149 milia
1470 1129 1629 1158 mici-pera
1656 1120 1831 1149 estimabat
1858 1131 1863 1149 z
1889 1121 1963 1150 licet
1983 1131 2090 1151 coram
2111 1124 2223 1153 eodem

1220 1172 1398 1203 cardinali.
1430 1173 1537 1202 denuo
1568 1173 1716 1203 auditore
1745 1182 1920 1203 concesso.
1952 1175 2055 1212 partis
2088 1175 2223 1205 alt-*rius-

1220 1226 1440 1264 comparuerit
1463 1230 1664 1264 procurator,
1680 1226 1842 1265 judicium
1866 1231 1975 1256 tamen
1996 1228 2107 1257 subire
2132 1239 2225 1258 rnen-

1220 1288 1308 1314 sans,
1330 1279 1391 1308 fori
1414 1279 1638 1316 exceptionem
1663 1279 1815 1317 opposuit
1841 1288 1949 1308 coram
1976 1280 2058 1318 ipso.
2079 1283 2119 1310 At
2139 1282 2224 1311 idem

1220 1332 1410 1367 cardinalis,
1429 1332 1541 1362 relatis
1561 1333 1654 1362 nobis
1672 1332 1812 1362 fideliter
1829 1342 1891 1371 que
1909 1333 2042 1363 fuerunt
2059 1335 2226 1372 proposita

1220 1395 1327 1415 coram
1346 1395 1391 1421 eo,
1414 1386 1451 1415 de
1465 1385 1600 1423 speciali
1614 1386 1766 1414 mandato
1784 1390 1895 1415 nostro
1911 1386 2163 1425 interloquendo
2175 1388 2225 1417 de-

1220 1439 1322 1469 crevit
1337 1439 1433 1477 quod,
1453 1438 1642 1476 exceptione
1659 1438 1850 1477 hujusmodi
1868 1448 1931 1468 non
1947 1439 2109 1470 obstante.
2128 1441 2226 1471 delut-

1220 1496 1269 1522 ret
1284 1492 1369 1530 apud
1387 1492 1504 1521 sedem
1526 1491 1747 1529 Apostolicam
1774 1491 1812 1521 de
1835 1500 1934 1521 causa
1957 1492 2027 1530 ipsa
2053 1494 2224 1530 agnosci,

1220 1555 1238 1575 a
1261 1555 1325 1585 qua
1348 1545 1598 1575 interlocutoria
1628 1554 1829 1583 quamquam
1857 1545 1943 1574 idem
1971 1551 2162 1583 procurator
2188 1546 2226 1575 ad

1221 1603 1366 1628 nostram
1391 1598 1593 1628 audientiam
1619 1597 1826 1635 appellasset,
1847 1597 2101 1635 appellationem
2120 1604 2227 1628 tamen

1221 1652 1377 1682 emissam
1402 1651 1489 1680 infra
1514 1651 1672 1688 prefixum
1697 1650 1761 1679 sibi
1784 1650 1963 1679 terminum
1986 1651 2141 1689 prosequi
2163 1660 2228 1681 non

1220 1713 1411 1743 procurans.
1440 1703 1678 1733 contumaciter
1705 1703 1744 1732 ab
1768 1703 1915 1742 ejusdem
1938 1704 2102 1741 presentia
2127 1705 2228 1733 cardi-

1221 1757 1306 1786 nalis
1336 1757 1507 1787 abscessit.
1540 1757 1588 1786 Ne
1617 1756 1718 1793 igitur
1748 1760 1921 1785 contumax
1950 1756 2096 1785 melioris
2130 1766 2227 1795 quam

1221 1810 1378 1840 obediens
1406 1809 1611 1839 condicionis
1637 1809 1771 1845 existat,
1796 1809 2007 1846 precipiendo
2033 1810 2227 1840 mandamus

1221 1868 1385 1901 quatenus
1402 1862 1524 1891 (lictum
1543 1861 1780 1890 monasterium
1798 1861 1831 1889 in
1848 1861 2090 1898 possessionem
2108 1863 2228 1892 casalis

1220 1915 1370 1953 predicti,
1390 1924 1489 1944 causa
1508 1913 1666 1947 custodie,
1688 1913 1852 1942 inducatis
1870 1918 1898 1942 et
1917 1913 2102 1943 defendatis
2115 1915 2227 1945 induc-

1222 1973 1300 1998 tum.
1331 1972 1437 1997 amoto
1464 1967 1503 1996 ab
1529 1976 1565 1996 eo
1594 1966 1739 2005 quolibet
1768 1966 1936 1996 detentore
1960 1967 1993 1995 in
2022 1976 2130 2005 quem,
2156 1974 2228 2006 post

1222 2026 1332 2051 nostre
1349 2021 1517 2050 citationis
1538 2020 1690 2055 edictum,
1713 2019 1907 2049 translatum
1924 2020 2034 2049 forsan
2054 2021 2158 2051 casale
2177 2022 2228 2051 in-

1221 2074 1407 2111 veneri[ti]s
1434 2073 1671 2111 supradictum.
1698 2072 1963 2102 Contradictores
1992 2078 2052 2102 etc.
2080 2074 2171 2110 Quod
2200 2075 2227 2103 si

1223 2135 1287 2157 non
1305 2136 1419 2156 omncs
1436 2131 1496 2156 etc.
1514 2127 1586 2156 Dat.
1606 2130 1639 2155 ut
1657 2135 1766 2163 supra.
1788 2138 1800 2151 ³>

1291 2319 1378 2347 438
1386 2318 1405 2345 Ι

1258 2382 1353 2408 Priori
1374 2385 1401 2407 et
1419 2380 1558 2407 fratribus
1580 2381 1682 2407 Sancti
1704 2380 1839 2407 Andreae
1857 2381 1891 2407 ¹le
1913 2382 2021 2413 Litore,
2041 2382 2227 2409 Castellanae

1221 2429 1373 2461 dioecesis,
1388 2429 1535 2463 significat
1553 2438 1582 2455 se
1603 2428 1678 2462 quod
1695 2437 1710 2454 a
1731 2429 1874 2461 Johanne,
1892 2429 1997 2456 abbate
2013 2430 2047 2456 :Ie
2064 2431 2227 2458 Bruwlulo.

1222 2478 1429 2506 Cisterciensis
1445 2478 1568 2507 ordinis,
1590 2481 1617 2503 ot
1631 2477 1762 2504 Albrieo.
1781 2478 1875 2511 priore
1897 2479 2019 2504 fratrum
2039 2479 2227 2505 Praedicato—

1222 2536 1286 2554 rum
1304 2526 1493 2558 deVenetiis,
1512 2528 1621 2552 factum
1633 2528 1705 2557 erat,
1720 2540 1750 2543 —
1761 2526 1920 2559 utpotequi
1933 2527 2107 2553 auctoritate
2116 2532 2227 2561 aposta

1814 2320 1934 2351 Latran,
1952 2320 1983 2346 31
2003 2321 2059 2346 mai
2078 2321 2155 2347 1238.

1223 2577 1281 2602 lica
1296 2578 1473 2602 statutorum
1492 2575 1621 2608 ipsorum
1637 2574 1742 2608 prioris
1756 2578 1782 2600 et
1802 2576 1924 2601 fratrum
1943 2576 2066 2609 rigtza‘em
2079 2581 2137 2601 tam
2150 2576 2225 2603 circa

1221 2625 1401 2658 jejuniorum
1423 2623 1644 2650 observantiam
1664 2632 1751 2656 quam
1776 2623 1851 2649 circa
1872 2623 2016 2650 ciborum.
2037 2625 2176 2649 lectorum
2199 2629 2224 2649 et

1222 2673 1349 2700 vestium
1375 2681 1471 2703 usum,
1492 2675 1517 2698 et
1542 2671 1684 2705 quaedam
1709 2672 1767 2697 alia
1791 2675 2039 2705 tcmperaverant,
2067 2687 2098 2689 —
2122 2674 2227 2698 contir-

1223 2729 1320 2753 mare;
1344 2721 1453 2747 inserto
1472 2720 1525 2746 sub
1543 2728 1593 2746 sua
1616 2720 1695 2746 bulla
1716 2719 1930 2752 praediet‹,›1·u1n
1949 2719 2091 2746 Johannis·
2112 2720 2226 2745 abbatis

1223 2773 1251 2795 et
1268 2768 1384 2795 Albrici
1401 2768 1507 2802 prioris
1530 2768 1647 2793 chartac
1669 2771 1777 2792 tenore.
1801 2781 1831 2783 —
1849 2767 1934 2797 (uso.
1958 2766 2000 2796 19,
2018 2768 2036 2792 f.
2052 2766 2085 2793 26
2102 2770 2139 2796 ¹¹⁷2
2155 2775 2224 2792 ann.

1223 2818 1291 2849 XII,
1309 2826 1332 2843 c.
1353 2817 1418 2847 134;
1437 2831 1468 2835 —
1485 2818 1522 2842 cf.
1544 2823 1639 2848 supra,
1656 2824 1683 2841 n.
1701 2815 1767 2841 1325
1784 2819 1810 2841 et
1828 2814 1917 2841 1885.)

1265 2930 1278 2944 «
1301 2919 1437 2956 ..priori
1457 2923 1482 2946 el
1502 2917 1654 2953 fratribus
1670 2917 1775 2945 Sancti
1796 2916 1910 2943 Andrec
1931 2916 1965 2943 <le
1986 2916 2091 2944 Litore.
2117 2916 2228 2944 Castel—
