2519 3518
146 303 202 335 533
1008 293 1195 331 DIXIEME
1216 292 1377 330 ANNEE.
2183 297 2238 328 534

216 370 336 399 3429

181 433 353 466 Meinardo,
381 433 547 468 praeposito
572 431 833 464 Halberstadensi,
860 431 1009 462 concedit,
1039 430 1154 465 suppli-

147 484 232 509 cante
248 481 470 509 Hildesemensi
491 481 642 515 episcopo,
656 483 689 507 ut
709 488 797 507 unam
808 501 814 512 ‚
831 482 946 514 praeter
960 479 1045 506 illam
1065 486 1153 513 quam

146 532 218 557 tune
231 529 398 563 obtinebat,
412 529 590 563 dignitatem
600 550 606 562 ‚
623 537 724 556 curam
740 528 908 555 animarum
924 527 1082 555 habentem
1100 535 1154 554 an-

147 586 272 611 nexam,
294 578 318 605 si
340 586 428 612 quam
449 577 476 604 ei
496 577 594 605 offerri
614 577 785 611 contigerit,
807 576 936 611 recipere
959 576 984 602 ei
1006 576 1104 602 liceat.
1122 590 1153 594 —

148 626 235 659 (Rue.
251 626 296 659 18,
310 627 331 653 f.
348 626 400 653 215
412 629 457 659 v⁰;
473 634 543 653 ann.
558 626 598 659 X,
615 634 640 653 c.
655 625 730 657 309.)

727 370 827 402 Terni,
841 370 858 396 7
869 369 987 403 janvier
1001 368 1080 395 1237.

190 739 203 754 α
222 728 388 763 Meinardo,
403 728 553 765 preposito
568 727 822 756 Halberslaclensi.
843 726 933 756 Licet
955 726 990 755 in
1008 724 1155 763 generali

149 797 197 809 —.
211 780 282 809 Dat.
301 781 501 815 Interamne,
516 780 580 809 VII
592 779 667 809 idus
679 778 839 818 januarii,
853 778 1064 816 pontificatus
1083 787 1156 808 nos-

149 831 192 861 tri
211 840 298 862 anno
314 832 452 862 decimo.
473 844 485 858 n

221 1009 340 1037 3430

187 1071 284 1099 Priori
303 1074 331 1098 et
347 1071 507 1098 conventui
523 1071 664 1098 ecclesiae
683 1070 796 1098 Christi
819 1069 1058 1102 Cantuariensis,
1076 1069 1126 1103 qui
1142 1077 1159 1096 a

152 1120 321 1154 septennio,
343 1123 459 1154 propter
483 1120 615 1146 diversas
639 1119 927 1153 archiepiscoporum
948 1118 1106 1145 electiones
1131 1120 1160 1144 et

152 1168 213 1195 alia
232 1168 425 1195 imminentia
447 1168 488 1195 eis
510 1168 644 1202 negotia,
661 1175 764 1201 graves
780 1174 923 1201 expensas
945 1167 1090 1199 fecerant,
1106 1174 1158 1200 pro

152 1217 258 1251 quibus
272 1216 384 1243 onerati
401 1219 485 1243 erant
500 1216 619 1248 debitis,
637 1215 772 1249 indulget
787 1217 820 1242 ut
835 1214 990 1242 ecclesiam
1005 1214 1041 1241 de
1055 1214 1159 1241 Sesau-

152 1266 196 1292 tre
207 1266 252 1296 (=
264 1264 434 1297 Seasalter),
447 1265 477 1291 in
492 1272 550 1298 qua
563 1265 610 1298 jus
624 1266 796 1298 patronatus
810 1262 968 1295 habebant,
978 1263 1015 1290 ad
1028 1262 1159 1297 ipsorum

152 1313 339 1340 collationem
362 1313 575 1347 pertinent-em,
599 1312 727 1347 possint,
754 1320 821 1338 cum
845 1312 1013 1344 vacaverit,
1036 1311 1068 1338 in
1089 1320 1160 1338 usus

151 1361 294 1396 proprios,
310 1370 365 1395 quo
382 1361 488 1388 melius
502 1361 736 1395 hospitalitatem
752 1368 869 1387 servare
884 1360 1008 1394 possint,
1021 1360 1159 1393 retinere,

152 1412 292 1444 perpetuo
308 1410 370 1443 ejus
386 1409 512 1442 vicario,
530 1409 580 1443 qui
594 1417 694 1441 curam
709 1408 876 1435 animarum
893 1416 910 1434 a
929 1408 1101 1435 dioecesano
1114 1416 1160 1435 re-

152 1457 260 1492 cipiat,
283 1459 432 1484 reservata
447 1465 483 1483 ex
502 1457 596 1491 ipsius
612 1456 804 1491 proventibus
820 1465 947 1490 congrua
966 1456 1110 1491 portione.
1128 1471 1160 1475 —

153 1506 240 1538 (Rea.
256 1505 301 1538 18,
318 1506 338 1532 f.
355 1505 408 1532 216
423 1508 461 1537 r⁰;
476 1513 546 1532 ann.
563 1505 602 1538 X,
619 1513 644 1532 c.
661 1504 736 1536 310.)

728 1008 829 1041 Terni,
846 1008 862 1034 9
876 1007 994 1041 janvier
1006 1007 1086 1034 1237.

195 1618 207 1632 α
231 1629 250 1635 ..
272 1607 376 1644 priori
399 1611 425 1635 et
449 1607 614 1635 conventui
640 1606 758 1635 ecclesie
779 1606 894 1635 Chm‘sti
915 1607 1160 1635 Cantziariensis.

152 1659 271 1689 Vestra
288 1658 383 1688 nobis
400 1658 530 1688 devotio
541 1676 590 1687 —.
605 1659 678 1688 Dat.
698 1659 899 1693 lutei-amne,
917 1659 946 1688 V
961 1659 1163 1698 idusjanua-

153 1710 208 1745 rii,
227 1719 314 1740 anno
333 1711 469 1741 decimo.
491 1723 504 1738 »

225 1888 337 1916 3431

191 1949 348 1977 Universis
363 1949 520 1978 abbatibus
536 1953 564 1978 et
580 1951 728 1985 prioribus
747 1951 868 1979 abbates
883 1952 1015 1986 proprios
1035 1961 1093 1980 non
1112 1954 1165 1980 ha-

155 1997 305 2030 bentibuS,
317 1998 429 2025 ordinis
441 1999 537 2026 sancti
548 1999 716 2033 Benedicti,
730 2000 886 2027 Remensis
900 2001 1052 2034 dioecesis,
1062 2002 1164 2028 eadem

155 2046 292 2080 indulget
310 2055 384 2080 quae
396 2047 545 2074 universis
560 2047 716 2075 abbatibus
731 2050 798 2081 etc.,
815 2048 996 2076 Morinensis
1012 2049 1164 2083 dioecesis,

155 2095 188 2122 in
202 2095 327 2130 epistola
337 2104 425 2130 supra
439 2096 492 2123 sub
506 2105 627 2123 numero
638 2097 707 2124 3415
718 2100 828 2125 notata.
841 2113 872 2116 —
882 2099 970 2129 (Rae.
979 2098 1022 2131 18,
1033 2099 1053 2125 f.
1066 2099 1117 2126 216
1131 2102 1165 2131 r⁰;

157 2152 227 2171 ann.
244 2143 288 2176 X,
306 2152 330 2170 c.
348 2144 423 2175 311.)

718 1890 818 1923 Terni,
833 1891 866 1917 13
881 1891 998 1924 janvier
1013 1891 1092 1918 1237.

200 2255 213 2270 «
235 2244 390 2273 L'niversis
405 2246 563 2275 abbatibus
583 2251 609 2275 et
626 2247 786 2284 prioribus
807 2248 925 2277 abbates
940 2250 1080 2286 proprios
1106 2258 1167 2278 non

158 2296 352 2331 habentibus,
383 2298 504 2327 ordinis
533 2299 632 2327 sancti
660 2299 827 2335 Benedicti,
851 2301 1003 2330 Remensis
1030 2301 1166 2331 diocesis.

157 2348 241 2379 Cum
257 2349 292 2378 in
308 2349 529 2386 ordinatione,
551 2355 587 2380 ut
610 2360 720 2390 supra,
740 2352 775 2381 in
794 2357 994 2382 ccrxxxxwr’
1009 2354 1165 2391 capitulo,

158 2410 266 2440 usque
282 2402 318 2431 in
334 2402 447 2432 finem.
467 2404 538 2433 Dat.
558 2405 761 2439 Interamne,
776 2405 888 2435 idibus
901 2406 1061 2445 januarii,
1081 2416 1168 2437 anno

160 2453 297 2484 decimo.
319 2467 332 2482 >¹

196 2577 300 2601 8432.
315 2588 347 2592 —
359 2574 393 2601 In
405 2575 532 2602 eundem
544 2566 665 2603 modum
677 2577 786 2610 eisdem,
804 2577 1005 2604 Cameracensis
1019 2578 1142 2605 diocesis.

196 2625 301 2649 3433.
314 2637 346 2641 -
359 2623 392 2650 In
404 2624 531 2651 eundem
544 2625 664 2652 modum
676 2626 783 2657 eisdem,
804 2626 969 2652 Belvacensis
983 2627 1106 2653 diocesis.

197 2673 301 2698 3434.
314 2686 347 2690 -
359 2672 392 2699 In
404 2673 530 2699 eundem
544 2674 663 2701 modum
675 2674 784 2707 eisdem,
799 2675 815 2700 Α
824 2675 991 2700 nibz'anensis
1005 2675 1127 2701 diocesis.

197 2722 301 2747 3435.
314 2735 347 2739 -
359 2721 392 2748 In
404 2722 530 2749 eundem
543 2723 664 2750 modum
675 2724 784 2756 eisdem,
804 2724 981 2749 Tornacensis
991 2724 1114 2749 diocesis.

197 2770 301 2796 3436.
314 2784 346 2788 -
359 2770 392 2796 In
406 2770 532 2798 eundem
545 2772 665 2798 modum
677 2772 784 2805 eisdem,
802 2772 989 2798 Not-tomensis
1001 2772 1122 2799 diocesis.

198 2819 302 2844 343⁷.
316 2832 348 2836 —
361 2819 394 2845 In
406 2819 532 2846 eundem
545 2820 664 2847 modum
677 2821 785 2853 eisdem,
805 2821 993 2846 Laucluncnsis
1008 2821 1130 2847 diocesis.

197 2867 301 2892 3438.
315 2880 347 2884 —
359 2867 393 2893 In
405 2867 531 2894 eundem
544 2869 664 2895 modum
676 2869 786 2900 eisdem,
804 2869 1006 2895 Saessioncnsis
1020 2869 1144 2895 diocesis.

199 2914 303 2940 3439.
317 2929 349 2933 -
362 2915 395 2942 Ιι]
407 2916 533 2943 eundem
546 2917 667 2944 modum
679 2918 785 2948 eisdem,
805 2918 1036 2944 Cathalaunensis
1049 2917 1171 2944 diocesis.

199 2963 304 2989 3440.
317 2962 399 2998 -ξΙΠ
411 2965 537 2992 eundem
550 2966 670 2993 modum
681 2966 789 2998 eisdem,
806 2967 988 2992 Aci-cbatcnsi's
1002 2966 1124 2992 ‹ito-cesis.

1273 369 1376 393 3441.
1390 367 1466 393 —In
1478 366 1603 393 eundem
1618 366 1736 393 modum
1750 387 1768 393 ..
1781 366 1873 391 abbati
1883 368 1907 391 et
1918 366 2063 392 conventui
2072 365 2168 392 Sancti
2179 365 2239 390 Ber-

1237 416 1302 446 tini,
1320 415 1428 440 ordinis
1444 416 1534 440 sancti
1551 415 1695 446 Benedicti,
1712 414 1875 440 Morinensis
1889 414 2009 441 diocesis.

1305 587 1422 616 3442

1272 648 1464 676 Ordinationes
1481 648 1677 674 monachorum
1694 648 1856 680 Niyrorum.
1878 662 1909 665 ——
1929 648 2014 679 (nm.
2032 647 2080 680 18,
2097 648 2117 674 i.
2134 647 2186 674 216
2202 650 2238 679 1¹⁹:

1235 706 1305 725 ann.
1320 698 1360 730 X,
1377 706 1402 724 c.
1417 697 1485 729 312;
1501 711 1532 715 ——
1546 698 1584 724 cf.
1599 704 1694 729 supra,
1709 704 1778 723 ann.
1794 696 1846 729 IX,
1864 705 1888 723 c.
1903 696 1947 728 56,
1963 699 1992 722 n⁰
2007 696 2099 727 2549.)

1278 811 1290 825 «
1314 799 1529 828 Ordinationes
1551 797 1771 826 monachorum
1795 797 1975 833 Nigrorum.
1994 797 2032 826 In
2054 796 2170 834 primis
2189 805 2242 825 or-

1238 851 1391 881 dinamus
1406 850 1530 889 quod..‚
1546 851 1555 871 ¹
1575 862 1587 876 n

1309 1021 1427 1049 3443
1801 1020 1904 1052 Terni,
1918 1020 2173 1053 20j21nvier1237.

1274 1083 1471 1111 Vicedomino
1491 1082 1709 1109 Mediolanensi
1729 1082 1851 1109 mandat
1867 1084 2010 1116 quatenus
2028 1082 2245 1109 concessionem

1239 1141 1257 1160 a
1267 1132 1486 1160 Mediolanensi
1500 1131 1720 1166 archiepiscopo
1730 1131 1850 1163 factam,
1863 1130 1898 1157 de
1908 1131 2086 1158 monasterio
2097 1131 2132 1157 de
2141 1130 2246 1164 Capite

1239 1181 1345 1213 Lacus
1359 1180 1472 1207 ordinis
1485 1179 1581 1206 sancti
1597 1178 1768 1211 Benedicti,
1786 1179 1817 1205 in
1833 1178 2039 1213 spiritualibus
2053 1181 2081 1206 et
2099 1182 2247 1213 tempora-

1241 1230 1319 1258 libus
1337 1230 1480 1264 collapso,
1501 1228 1601 1256 abbati
1622 1230 1650 1255 et
1673 1227 1833 1254 conventui
1856 1227 2143 1259 clarevallensibus,
2160 1230 2193 1254 ut
2212 1227 2248 1254 de

1240 1279 1372 1313 ipsorum
1392 1277 1495 1304 ordine
1518 1277 1736 1308 reformaretur,
1757 1275 1846 1302 faciat
1869 1275 2029 1302 observari.
2047 1290 2078 1293 —
2096 1275 2181 1307 (Rae.
2198 1274 2248 1307 18,

1241 1328 1262 1354 f.
1276 1326 1328 1353 218
1343 1329 1388 1358 v⁰;
1404 1325 1480 1352 ann.
1495 1325 1539 1357 X,
1558 1333 1583 1351 c.
1601 1324 1666 1356 313;
1682 1339 1714 1342 —
1729 1324 1885 1351 PoTTnAsr
1897 1323 1982 1350 10-281
1994 1324 2021 1355 ’ἒς
2040 1338 2071 1342 -
2092 1325 2130 1350 cf.
2152 1330 2248 1355 supra,

1242 1378 1271 1402 n⁰
1284 1374 1375 1406 2987).

1285 1489 1297 1503 «
1321 1499 1340 1504 ..
1360 1475 1551 1505 vicedomino
1571 1474 1798 1503 Mediolanensi.
1821 1472 1953 1502 Dudum
1974 1472 2142 1501 intellecto
2165 1471 2252 1510 quod

1243 1527 1483 1558 monasterium
1503 1526 1541 1556 de
1558 1526 1672 1563 Capite
1690 1525 1781 1560 Laci,
1801 1524 1928 1554 ordinis
1945 1524 2051 1554 sancti
2068 1524 2250 1558 Benedicti,

1244 1577 1505 1611 Mediolanensis
1527 1578 1683 1614 diocesis,
1704 1577 1791 1616 quod
1809 1577 1849 1607 ab
1868 1577 2004 1616 antiquo
2027 1576 2253 1615 spiritualium

1245 1638 1276 1664 et
1304 1632 1534 1671 temporalium
1563 1631 1726 1661 bonorum
1754 1631 1925 1660 consuevit
1947 1630 2097 1660 ubertate
2125 1629 2250 1665 florere,

1246 1687 1326 1717 adeo
1343 1690 1411 1716 erat
1428 1685 1462 1714 in
1482 1685 1633 1723 utrisque
1648 1683 1840 1722 collapsum,
1858 1683 1954 1712 bonis
1971 1683 2076 1721 ipsius
2093 1682 2254 1720 dilapida-

1246 1740 1289 1770 tis
1313 1739 1493 1770 enormiter
1516 1742 1547 1768 et
1569 1737 1790 1774 consumptis,
1812 1735 1897 1774 quod
1921 1735 2093 1773 religionis
2114 1735 2256 1772 vestigia

1246 1793 1300 1822 vix
1318 1795 1549 1822 remanserant
1572 1790 1606 1819 in
1632 1790 1760 1824 eodem,
1781 1788 1964 1819 venerabili
1987 1788 2082 1817 fratri
2103 1793 2215 1817 nostro
2233 1810 2250 1815 ..

1247 1844 1496 1882 archiepiscopo
1526 1842 1768 1872 Mediolanensi
1800 1841 1942 1870 dicimur
1967 1841 2176 1870 mandavisse
2202 1844 2252 1874 ut,

1247 1896 1467 1936 personaliter
1484 1896 1523 1925 ad
1538 1895 1777 1925 monasterium
1790 1895 1898 1932 ipsum
1913 1894 2072 1923 accedens
2085 1898 2115 1922 et
2127 1893 2256 1930 impen-

1248 1951 1328 1980 dens
1345 1950 1452 1979 eidem
1468 1948 1672 1978 visitationis
1691 1947 1850 1981 officium,
1869 1947 1939 1976 vice
1962 1951 2088 1980 nostra,
2112 1945 2256 1982 corrige-

1249 2007 1297 2033 ret
1315 2011 1351 2032 ac
1368 2002 1563 2032 reformaret
1581 2000 1717 2034 ibidem,
1737 2004 1802 2028 tam
1817 1999 1853 2028 in
1870 1999 1975 2036 capite
1995 2007 2092 2037 quam
2109 1998 2144 2026 in
2158 2006 2256 2027 mem-

1248 2056 1329 2090 bris,
1351 2053 1646 2093 que'correctionis
1663 2057 1693 2082 et
1716 2052 1964 2082 reformationis
1981 2051 2087 2080 officio
2108 2055 2257 2080 nosceret

1249 2109 1411 2146 indigere.
1429 2107 1578 2145 Cumque
1596 2106 1683 2135 idem
1703 2104 1972 2142 archiepiscopus
1989 2104 2028 2133 ad
2048 2094 2172 2132 dictum
2188 2111 2258 2132 mo-

1250 2161 1434 2191 nasterium
1449 2159 1657 2193 accessisset,
1670 2159 1718 2196 [..]
1733 2157 1835 2187 abbas
1853 2161 1883 2186 et
1900 2161 2082 2186 conventus
2098 2155 2257 2194 ejusdem,

1250 2218 1438 2244 asserentes
1456 2221 1493 2242 ex
1510 2221 1547 2242 eo
1564 2211 1711 2241 indebite
1727 2219 1761 2240 se
1779 2210 1920 2247 gravari,
1940 2209 2025 2248 quod
2042 2209 2190 2246 prefatus
2207 2217 2260 2237 ar-

1249 2267 1481 2305 chiepiscopus
1494 2265 1621 2303 copiam
1641 2264 1706 2294 sibi
1723 2263 1875 2301 rescripti
1891 2262 2063 2300 apostolici
2079 2262 2187 2291 facere
2204 2261 2260 2290 de-

1250 2324 1397 2358 negarat,
1417 2318 1592 2349 humiliter
1607 2317 1802 2356 requisitus,
1823 2320 1969 2345 nostram
1987 2314 2191 2344 audientiam
2207 2322 2259 2351 ap-

1249 2373 1433 2412 pellarunt3
1457 2380 1559 2410 quare
1575 2370 1693 2405 iidem,
1713 2369 1805 2408 quia,
1824 2372 1955 2406 propter
1978 2366 2185 2403 subterfugia
2205 2374 2260 2395 eo-

1250 2435 1335 2461 rum,
1353 2425 1450 2464 plaga
1467 2425 1615 2463 ipsorum
1630 2432 1694 2452 non
1711 2422 1817 2460 potuit
1833 2421 1939 2451 foveri
1957 2420 2028 2450 oleo
2037 2421 2058 2455 ³,
2074 2428 2132 2449 nec
2150 2418 2260 2448 curari

1249 2478 1480 2513 medicamine,
1502 2485 1608 2515 neque
1625 2474 1851 2512 circumligari
1868 2472 2083 2503 correctionis
2105 2471 2256 2504 nexibus.

1250 2531 1486 2562 insolentiores
1502 2529 1622 2563 effecti,
1641 2528 1798 2558 addentes
1820 2531 1953 2565 peccata
1973 2524 2130 2563 peccatis.
2149 2524 2259 2561 peJ'ora

1250 2584 1418 2624 prioribus
1434 2583 1683 2615 commiserunt,
1702 2590 1736 2610 se
1753 2579 1793 2609 ad
1809 2579 1952 2608 invicem
1966 2577 2066 2606 nimis
2082 2575 2260 2606 crudeliter

1286 2703 1306 2726 i.
1327 2702 1405 2726 Ceno
1428 2699 1548 2724 seconde
1569 2697 1711 2721 redaction
1732 2697 1780 2719 des
1804 2700 1903 2719 statuts
1926 2693 2102 2725 promul-egnes
2125 2699 2172 2722 par
2191 2691 2258 2715 Gre-

1252 2747 1329 2777 goiro
1347 2745 1385 2769 lx
1406 2751 1476 2775 pour
1497 2744 1522 2766 Ia
1545 2743 1662 2766 reformo
1683 2741 1730 2764 des
1752 2741 1856 2763 moines
1874 2739 1955 2762 Noirs
1972 2742 2013 2761 est
2036 2736 2177 2767 iniprimce
2199 2736 2259 2765 plus

1252 2791 1328 2819 haut,
1344 2796 1410 2813 sous
1426 2789 1450 2812 le
1466 2787 1580 2811 numero
1595 2786 1655 2809 3025
1671 2786 1721 2810 bis.
1739 2791 1772 2807 en
1789 2783 1884 2812 rcgard
1903 2783 1935 2805 110
1952 2782 1977 2804 1⁴1
1992 2780 2133 2804 redaction
2151 2778 2257 2802 inseriae

1253 2835 1321 2858 dans
1334 2834 1359 2857 le
1375 2833 1500 2863 Registre
1516 2831 1548 2853 do
1562 2831 1587 2853 la
1604 2829 1649 2852 ΙΧε
1664 2829 1750 2851 anssec
1764 2828 1803 2857 (ιν
1820 2827 1899 2855 3045).

1283 2878 1305 2902 2.
1324 2879 1397 2901 Avec
1414 2878 1438 2899 la
1452 2876 1513 2898 date
1530 2873 1643 2897 erronee
1658 2874 1695 2895 111
1710 2873 1844 2894 kalendas
1856 2870 1985 2898 janum-it
2002 2869 2008 2896 (
2025 2877 2039 2888 =
2053 2868 2082 2889 23¹1»
2094 2868 2258 2893 decembre„

1254 2923 1360 2952 d'apres
1378 2921 1540 2947 Mis-mons,
1557 2919 1681 2941 Annales
1697 2916 1904 2940 Cinci-cieuses,
1923 2912 1968 2938 IV,
1986 2912 2038 2935 551.

1286 2967 1308 2990 3.
1327 2966 1368 2990 Cf.
1387 2966 1423 2989 ls.
1442 2965 1460 2993 l,
1478 2965 1500 2988 6.
