2519 3518
85 324 142 355 485
942 314 1126 352 nlxn'nm
1149 313 1306 351 Axxssss.
2106 323 2162 352 486

83 390 264 420 existerent
284 389 332 419 vel
349 388 500 424 rebelles,
518 388 868 419 excommunicationis
884 387 1082 418 sententiam

83 441 297 480 proferendo:
311 441 445 480 quidam
460 441 498 471 de
514 441 683 471 canonicis
698 441 792 479 ipsis,
805 441 839 470 in
853 439 1082 479 appellationis

83 502 197 524 vocem
213 494 421 524 frustratorie
438 497 807 532 prorumpentes,quam
824 502 888 522 non
905 497 981 522 sunt
995 492 1083 521 infra

85 550 214 585 ternpus
231 546 415 583 legitimum
432 546 607 584 prosecuti,
624 545 744 576 litteris
763 546 884 575 nostris
903 545 1081 579 ammissis,

86 607 151 628 non
169 598 274 628 solum
291 602 412 628 statuta
431 598 543 628 eadem
561 606 623 627 non
641 598 827 632 observant,
843 607 899 636 pro
915 606 972 627 sue
989 597 1082 626 libito

83 650 275 686 voluntatis,
289 659 402 680 verum
416 650 514 680 etiam
531 650 867 680 excommunicatione
883 650 1027 688 predicta
1043 649 1084 678 li-

86 703 154 741 gati
166 703 276 732 divina
289 702 454 732 celebrare
467 706 670 740 presumunt,
683 702 733 732 vel
746 702 853 740 potius
866 701 1080 740 prophanare.

85 754 244 784 Nolentes
260 754 362 792 igitur
376 754 452 783 talia
467 754 527 783 sul)
541 753 806 783 dissimulatione
823 753 973 787 transire,
991 762 1083 782 man-

85 805 203 836 damus
225 810 403 845 quatenuS,
422 806 450 835 si
469 810 517 835 est
533 805 593 839 ita,
612 806 770 835 facientes
791 810 913 835 statuta
935 805 1006 843 ipsa
1028 815 1084 843 per

86 867 259 889 censuram
277 858 532 889 ecclesiastic-am
551 858 688 888 tirmiter
703 859 882 890 observari,
899 867 1084 888 excommu-

86 911 214 940 nicatos
231 911 318 948 ipsos
339 910 379 940 ad
405 914 550 940 nostram
574 910 685 939 venire
708 910 920 948 presentiam,
945 919 1084 939 censura

85 962 200 992 simili.
214 962 431 1000 appellatione
448 962 638 1000 postposita,
653 962 867 1000 compellatis,
886 972 941 1000 pro
957 962 1084 991 meritis

85 1019 274 1052 recepturos
291 1032 337 1042 —.
357 1015 428 1044 Dat.
447 1015 559 1048 Reate,
574 1015 636 1044 vlt
655 1013 812 1044 kalendas
828 1014 981 1047 octobris,
998 1023 1083 1043 anno

86 1067 225 1097 decimo.
245 1080 258 1093 n

157 1262 275 1290 3338
643 1262 721 1289 Rieu
731 1283 737 1294 ,
753 1263 789 1289 1‘r
803 1262 918 1289 octobre
933 1262 1011 1289 1236.

122 1323 296 1351 Abbatissae
312 1326 340 1350 et
358 1323 517 1349 conventui
535 1323 704 1349 monasterii
727 1323 852 1350 Sanctae
870 1323 984 1350 Mariae
1002 1324 1084 1350 Fuli-

87 1372 197 1407 giuatis
217 1371 364 1405 significat
376 1379 406 1397 se
418 1371 590 1397 confirmare
603 1371 844 1404 compositionem
861 1372 938 1398 inter
953 1372 1084 1406 ipsarum

87 1420 299 1447 monasterium
328 1421 356 1446 et
386 1419 594 1445 monasterium
627 1419 730 1446 Sancti
757 1420 887 1446 Pastoris
911 1420 946 1446 de
976 1420 1084 1453 Greza,

87 1466 244 1503 [Reatinae
258 1464 420 1500 dioecesisL
438 1467 556 1499 initam,
570 1467 730 1493 secundum
748 1475 834 1501 quam
853 1467 890 1494 ab
905 1468 1005 1494 eodem
1027 1477 1086 1494 mo-

86 1515 216 1542 nasterio
239 1514 340 1542 Sancti
363 1514 492 1541 Pastoris
514 1522 565 1548 pro
585 1514 714 1548 ipsarum
738 1515 951 1542 sustentatione
970 1524 1086 1543 annuus

87 1562 198 1596 viginti
215 1562 344 1596 quinque
358 1570 526 1588 saumarum
543 1562 684 1589 frumenti
700 1564 728 1589 et
746 1563 876 1596 quinque
893 1561 1086 1598 [saumarum]

88 1610 222 1638 fabarum
247 1610 378 1637 redditus
400 1610 473 1644 ipsis
495 1610 705 1644 persolvendus
725 1613 805 1643 erat;
831 1611 940 1638 inserto
962 1611 1016 1638 sub
1035 1620 1087 1639 sua

86 1657 172 1686 bulla
186 1658 354 1693 praedictae
367 1658 587 1692 compositionis
603 1661 711 1685 tenore.
726 1673 758 1677 —
777 1659 863 1691 (Rae.
880 1659 924 1692 18,
939 1660 959 1686 f.
974 1659 1025 1686 194
1038 1663 1067 1686 ν’
1080 1668 1086 1692 ;

86 1714 157 1734 ann.
172 1706 211 1740 X,
227 1715 252 1733 c.
266 1706 332 1738 233;
350 1720 381 1724 —
398 1706 554 1733 Poi-tnasr
568 1706 678 1738 10252.)

129 1818 142 1832 a
162 1830 181 1835 ..
199 1807 343 1835 abbatisse
362 1815 397 1835 ac
417 1807 580 1835 conventui
600 1807 778 1835 monasterii
793 1807 902 1837 Sancte
917 1808 1011 1837 Marte
1026 1809 1088 1837 Fu-

88 1857 266 1897 liyinat[is].
299 1859 344 1889 L't
368 1858 565 1888 intemerata
589 1859 773 1889 consistant
794 1877 842 1889 —.
875 1861 948 1889 Dat.
972 1861 1087 1896 Reate,

87 1911 241 1942 kalendis
257 1911 412 1946 octobris,
430 1920 516 1941 anno
532 1911 670 1942 decimo.
689 1924 703 1938 »

162 2105 301 2142 [3339]
687 2107 776 2135 Τ61111
787 2129 793 2140 ,
810 2108 843 2135 12
858 2108 922 2142 juin
939 2108 1017 2135 1236.

129 2166 298 2203 [Praedicta
310 2175 379 2194 vero
394 2168 566 2203 compositio
581 2168 623 2195 sic
638 2168 745 2202 incipit
760 2170 789 2196 et
803 2168 913 2196 desinit
930 2167 950 2203 ε]

134 2286 148 2301 α
176 2275 215 2304 In
244 2273 377 2304 nomine
400 2274 534 2304 Domini
562 2274 676 2304 Nostri
699 2274 804 2306 Jhesu
831 2274 968 2305 Christi.
995 2277 1092 2307 Anno

93 2336 109 2353 n
133 2325 282 2365 ejusdem
302 2325 582 2362 M⁰CC⁰XXXVI⁰,
604 2326 786 2357 indictione
804 2327 894 2362 IX[⁸],
912 2336 1025 2358 mense
1037 2329 1092 2368 ju-

93 2389 109 2405 »
134 2377 194 2412 nii,
211 2377 263 2408 die
275 2377 386 2413 XII[⁰]‚
405 2378 616 2416 pontificatus
630 2379 836 2410 sanctissimi
849 2380 954 2418 patris
967 2381 1092 2411 domini

92 2441 109 2458 n
134 2429 285 2467 Gregorii
305 2438 388 2468 pape
402 2431 501 2460 VIIII
518 2439 604 2460 anno
619 2431 757 2462 decimo.
778 2433 816 2462 In
831 2433 999 2470 presentia
1013 2434 1090 2469 mei,

93 2493 110 2509 n
134 2481 289 2517 Corradi,
319 2482 488 2512 scriniarii
513 2487 544 2513 et
568 2483 703 2513 testium
724 2501 774 2513 -.
795 2485 868 2514 Act.
892 2486 1091 2522 Interamne,

92 2545 108 2561 n
131 2533 342 2572 presentibus
358 2534 424 2564 hiis
441 2534 581 2565 testibus
594 2552 642 2565 -.
660 2536 701 2566 Et
719 2545 777 2574 ego
793 2536 969 2573 Corradus,
988 2538 1094 2577 irnpe-

92 2597 109 2614 n
131 2585 226 2616 rialis
243 2585 317 2616 aule
333 2586 544 2622 scriniarius,
563 2587 720 2625 predictis
735 2588 889 2619 omnihus
907 2589 1046 2620 interfui
1063 2594 1094 2621 et

94 2649 110 2665 n
133 2637 196 2668 hoc
223 2637 483 2668 instrumentum
513 2638 552 2669 de
582 2639 757 2678 utriusque
789 2640 893 2679 partis
929 2649 1094 2672 consensu

93 2700 111 2717 ι
137 2689 255 2728 scripsi
270 2693 302 2720 et
318 2689 478 2728 complevi
493 2694 639 2729 rogatus.
657 2702 672 2718 a>

163 2885 282 2915 8840
605 2887 696 2922 Rieu,
713 2888 746 2916 13
761 2889 926 2924 septembre
941 2890 1020 2918 1236.

127 2946 247 2974 Decano
261 2950 289 2974 et
304 2948 434 2983 capitulo
445 2948 706 2978 Cameracensibus
717 2950 864 2985 signifieat
879 2959 910 2979 se
920 2952 1094 2981 confirmare

1165 388 1306 421 quaedam
1324 391 1432 414 statuta
1445 388 1481 416 ab
1493 389 1564 423 ipsis
1577 396 1663 422 super
1674 388 1833 415 residentia
1849 390 2054 416 canonicorum
2070 389 2159 416 edita.

1165 450 1196 454 —
1212 436 1298 464 (Rea.
1317 436 1363 468 18,
1384 437 1403 463 f.
1422 437 1472 463 195
1487 440 1524 469 r·;
1541 445 1610 463 ann.
1629 437 1671 468 X,
1686 445 1710 462 c.
1728 436 1802 466 231.)

1207 548 1219 561 «
1239 559 1258 564 ..
1275 536 1386 565 decano
1401 542 1426 565 et
1442 538 1575 573 capitulo
1593 537 1868 565 Cameracensibus.
1887 536 1958 565 iliis
1971 546 2032 575 qut:
2045 546 2161 574 pro—.

1166 588 1386 626 significastis
1404 589 1566 627 siquidem
1588 589 1681 618 uobis
1703 588 1804 626 quod,
1822 598 1894 618 cum
1914 589 2163 618 Cameracensis

1166 640 1304 670 ecclesia
1317 649 1565 679 nonnunquam,
1580 644 1709 678 propter
1720 640 1952 669 canonicorum
1965 640 2160 673 absentiam,

1166 692 1327 722 defectum
1343 693 1376 722 in
1397 693 1519 722 divinis
1535 692 1704 730 obsequiis
1721 693 1910 725 sustineret,
1930 702 1996 722 ros.
2017 692 2162 730 ejusdem

1167 744 1309 774 utilitate
1326 749 1476 782 pensata,
1494 754 1567 773 cum
1585 753 1722 773 assensu
1740 743 1938 773 venerabilis
1959 745 2069 773 fratris
2087 753 2163 774 nos-

1167 797 1208 826 tri
1239 820 1259 825 ..
1292 797 1541 827 Cameracensis
1565 796 1724 834 episcopi,
1753 796 1839 825 inter
1865 800 1972 825 cetera
2000 796 2164 825 statuistis

1167 848 1252 886 quod
1268 848 1467 886 quicumque
1484 849 1662 877 canonicus
1679 847 1817 877 voluerit
1837 848 1875 877 de
1892 857 1974 877 novo
1991 858 2062 877 esse
2080 848 2164 877 resi-

1168 900 1248 930 dens
1272 900 1305 929 in
1329 900 1468 929 ecclesia
1491 905 1687 930 memorata.
1712 905 1745 928 ut
1773 901 1899 929 fructus
1920 900 2083 938 prebende
2107 909 2164 930 sue

1167 952 1325 990 percipiat
1348 952 1381 980 in
1405 956 1560 989 augusto,
1581 962 1638 990 per
1660 952 1878 990 quadraginta
1898 951 1968 980 dies
1991 952 2165 981 continuos

1168 1009 1243 1034 ante
1264 1004 1383 1034 festum
1406 1004 1598 1033 Nativitatis
1622 1004 1707 1033 beati
1732 1004 1895 1034 ,iohannis
1919 1004 2064 1041 Baptista:
2083 1004 2167 1033 resi-

1167 1055 1311 1086 dentiam
1327 1064 1418 1085 suam
1434 1056 1580 1093 incipiet.
1594 1065 1631 1085 eo
1647 1064 1744 1087 auno,
1760 1060 1866 1084 ettam
1883 1055 1998 1084 diebus
2012 1056 2167 1093 predictis

1167 1117 1265 1147 quarn
1278 1107 1439 1142 noctibus,
1454 1108 1581 1137 curabit
1594 1108 1627 1136 in
1639 1107 1771 1136 civitate
1785 1107 2016 1137 Caiueracensi
2032 1108 2165 1141 morari,

1168 1169 1208 1190 ne
1232 1159 1366 1189 interim
1391 1159 1538 1198 ejusdem
1561 1159 1699 1189 ecclesie
1722 1159 1856 1188 servitio
1882 1168 1916 1188 se
1937 1159 2108 1198 subducat.
2133 1160 2167 1189 Si

1167 1222 1254 1247 vero,
1275 1217 1345 1250 post
1366 1212 1579 1241 residentiam
1601 1212 1647 1241 sic
1664 1211 1783 1240 factam
1806 1216 1835 1240 61
1856 1220 1912 1249 per
1929 1212 2006 1240 anni
2026 1212 2169 1249 spatium

1167 1264 1262 1294 modo
1279 1264 1388 1294 debito
1407 1268 1649 1298 consumatam,
1670 1263 1824 1292 foraneus
1846 1263 1945 1292 suerit
1968 1268 1997 1292 et
2019 1263 2169 1293 residens

1168 1325 1240 1346 esse
1265 1315 1421 1350 voluerit,
1450 1315 1568 1345 iterato
1594 1314 1782 1353 quindecim
1808 1314 1923 1344 diebus
1947 1319 2021 1344 ante
2048 1316 2170 1344 festum

1167 1368 1277 1406 ipsum
1299 1376 1425 1397 moram
1449 1367 1549 1396 faciet
1573 1367 1607 1395 111
1636 1366 1768 1396 civitate
1790 1366 1962 1404 jamdicta,
1989 1367 2170 1396 secundum

1168 1420 1255 1458 quod
1270 1420 1308 1449 de
1325 1419 1543 1458 quadraginta
1561 1419 1713 1457 superius
1731 1423 1778 1448 est
1801 1428 2008 1456 expressum;
2027 1419 2170 1457 exceptis

1168 1471 1344 1510 prebendis
1357 1471 1615 1501 sacerdotalibus
1627 1470 1862 1500 ειυς-0111011111]
1875 1480 1964 1505 cura,
1979 1480 2060 1509 quas
2073 1480 2171 1509 super

1169 1523 1355 1554 inchoanda
1378 1523 1559 1553 residentia
1578 1522 1769 1561 providistis
1790 1522 1994 1561 [secundum]
2017 1523 2171 1562 antiquas

1171 1577 1308 1607 ecclesie
1325 1576 1581 1606 consuetudines
1598 1575 1833 1606 observandas.
1852 1575 2040 1605 Canonicus
2062 1582 2172 1606 autem

1171 1630 1227 1669 qui
1244 1620 1480 1659 sacerdotalem
1500 1629 1700 1667 prebendam
1716 1628 1856 1663 obtinet,
1876 1637 1934 1665 per
1950 1628 2086 1666 triginta
2101 1633 2172 1658 octo

1171 1683 1384 1721 septimanas,
1403 1681 1461 1711 alii
1476 1690 1553 1711 vero
1569 1691 1626 1719 per
1642 1681 1790 1718 triginta,
1809 1680 1963 1709 continue
1983 1680 2032 1710 vel
2049 1690 2106 1718 per
2123 1681 2172 1709 in-

1171 1735 1319 1769 tervalla,
1330 1734 1544 1764 residentiam
1553 1734 1661 1763 facere
1673 1737 1856 1763 teneantur.
1870 1733 1962 1762 Item.
1972 1733 2172 1771 quicumque

1171 1787 1206 1816 in
1223 1787 1288 1816 alia
1310 1786 1449 1816 ecclesia
1467 1786 1680 1815 residentiam
1704 1785 1836 1819 fecerit,
1859 1785 1992 1815 iuterim
2014 1785 2047 1814 in
2066 1790 2174 1814 vestra

1171 1839 1328 1868 foraneus
1342 1842 1528 1876 reputetur;
1542 1838 1577 1866 in
1591 1837 1658 1867 hiis
1671 1837 1841 1866 canonicis
1854 1837 1922 1866 illis
1934 1837 2070 1866 minime
2086 1846 2174 1866 60111-

1173 1891 1339 1929 putandis,
1353 1890 1420 1929 qui,
1436 1899 1535 1919 causa
1546 1889 1824 1928 peregrinationis
1840 1889 1891 1918 vel
1905 1889 2100 1924 studiorum,
2115 1897 2173 1919 seu

1172 1952 1230 1982 pro
1255 1943 1397 1981 negotiis
1426 1942 1573 1981 ejusdem
1599 1942 1737 1971 ecclesie
1762 1942 1994 1979 procurandis,
2021 1941 2175 1971 absentes

1173 1996 1314 2030 fuerint,
1338 1995 1439 2033 petita
1465 1998 1573 2024 tamen
1596 1993 1732 2032 capituli
1757 1993 1892 2023 licentia
1917 1998 1947 2023 et
1969 1994 2102 2023 obtenta
2123 2011 2172 2022 —.

1173 2049 1246 2078 Dat.
1263 2048 1375 2082 Reate,
1394 2046 1504 2076 idibus
1521 2045 1728 2084 septembris,
1747 2054 1833 2074 anno
1849 2045 1985 2075 decimo.
2009 2057 2021 2071 1>

1245 2243 1356 2271 3341

1210 2305 1327 2333 Decano
1341 2304 1503 2336 W’ellensi,
1519 2303 1726 2331 archidiacono
1742 2303 1927 2330 Berkesiriae
1943 2305 1988 2335 (=
2002 2303 2172 2333 Berkshire)

1175 2356 1203 2380 et
1219 2353 1358 2387 magistro
1374 2352 1537 2385 Clementi,
1552 2351 1693 2379 canonico
1712 2351 1942 2386 Saresberiensi,
1960 2350 2081 2377 mandat
2103 2359 2175 2384 qua—

1174 2405 1260 2429 tenus
1276 2401 1411 2428 abbatem
1427 2404 1456 2427 et
1472 2403 1650 2427 conventum
1672 2400 1708 2426 de
1723 2399 1825 2426 Monte
1841 2399 1947 2433 Burgi,
1965 2399 2175 2427 Constantien-

1175 2450 1215 2477 sis
1226 2449 1377 2482 dioecesis,
1390 2449 1440 2483 qui
1455 2450 1490 2476 R.
1504 2449 1625 2481 laicum,
1637 2448 1684 2475 eui
1697 2447 1862 2474 manerium
1875 2456 1959 2473 suum
1974 2447 2010 2474 de
2021 2447 2174 2473 wolvelee

1175 2498 1230 2526 sub
1248 2507 1346 2525 annuo
1365 2506 1453 2525 censu
1471 2500 1689 2529 concesserant,
1704 2496 1798 2530 quoad
1817 2496 1931 2522 viveret
1954 2495 2173 2529 possidendum,

1175 2546 1212 2573 ad
1231 2546 1390 2580 jurandum
1410 2545 1590 2572 induxerant
1612 2544 1687 2578 quod
1703 2551 1823 2570 uxorem
1845 2551 1901 2569 non
1916 2543 2049 2573 duceret,
2071 2545 2174 2575 cogant

1175 2596 1208 2621 ut
1228 2595 1282 2621 hoc
1300 2595 1516 2628 juramentum,
1536 2601 1602 2620 cum
1622 2593 1822 2626 juramentum
1843 2590 2005 2617 caelibatus
2025 2599 2041 2616 a
2062 2590 2173 2623 legibus

1175 2643 1214 2669 sit
1229 2642 1433 2674 interdictum,
1458 2643 1592 2668 relaxent
1614 2642 1633 2667 ¹.
1653 2654 1684 2658 —-
1703 2640 1789 2672 (Rae.
1804 2639 1848 2671 18,
1868 2639 1888 2665 f.
1910 2638 1961 2665 195
1979 2641 2023 2669 v·;
2044 2646 2112 2664 ann.
2134 2638 2173 2669 X,

1177 2699 1202 2718 c.
1215 2690 1291 2722 235.)

1690 2241 1781 2274 Rieti,
1797 2241 1831 2268 26
1846 2240 2010 2275 septembre
2025 2241 2103 2267 1236.

1217 2803 1231 2818 α
1256 2813 1277 2820 ..
1302 2791 1414 2820 decano
1441 2789 1593 2823 ii'ellensi,
1618 2787 1829 2817 Bathoniensis
1853 2786 1993 2820 diocesis,
2022 2807 2042 2815 ..
2070 2785 2176 2814 archi-

1208 2914 1229 2938 i.
1251 2914 1340 2938 Toute
1359 2917 1430 2938 cette
1450 2913 1527 2944 piceo
1547 2915 1588 2936 est
1608 2910 1738 2939 annulee,
1759 2916 1793 2934 en
1814 2915 1920 2940 marge,
1943 2915 1992 2939 par
2011 2908 2036 2931 la
2054 2908 2175 2931 mention

1177 2959 1271 2982 Vacat.
