2519 3518
138 300 198 332 377
1000 295 1187 333 DIXIEME
1208 297 1369 335 ANNEE.
2171 312 2231 343 378

139 367 361 398 eleemosinas
384 376 531 406 erogare.
554 368 659 399 Iidem
677 378 807 408 quoque
827 369 992 404 consules,
1012 369 1143 398 domum

139 419 247 459 ipsius
268 420 430 459 episcopi,
452 429 490 451 eo
507 421 631 451 ibidem
655 421 845 452 infirmante
871 426 967 460 teque
992 425 1145 459 presente

139 472 175 502 in
192 472 325 503 civitate
341 473 504 511 predicta,
526 482 584 512 per
599 474 803 512 apparitores
820 483 897 504 suos
915 473 1075 504 violenter
1092 473 1144 503 in—

140 525 275 561 vadere,
293 534 395 564 equos
412 529 443 556 et
459 525 525 556 alia
541 535 579 556 ex
600 535 637 556 ea
654 526 842 562 extrahere,
863 526 1021 565 quosdam
1045 535 1144 556 cano-

139 578 232 608 nicos
260 581 292 608 et
318 577 455 608 clericos
480 578 659 609 Tolosanos
684 579 717 608 in
744 579 926 609 cathedrali
951 579 1091 609 ecclesia
1113 583 1144 608 et

139 630 246 669 ipsius
263 630 407 661 claustro
424 639 460 661 ac
477 631 564 662 dicta
580 632 674 662 domo
691 632 835 670 graviter
858 631 1032 662 vulnerare
1046 655 1051 667 ,
1071 640 1143 661 ver-

138 683 275 713 beribus
293 687 323 714 et
338 683 412 713 aliis
431 684 572 714 diversis
591 684 723 714 afficere
740 685 874 723 injuriis
891 693 955 714 non
973 688 1142 719 verenteS,

104 769 107 772 ,
139 740 172 766 et
186 736 348 766 facientes
365 736 693 774 ecclesia[stico]rum
711 737 823 767 domos
840 746 913 767 cuni
930 746 1049 775 magna
1067 736 1144 766 dili-

140 789 252 827 gentia
268 789 439 824 custodiri,
455 798 496 819 ne
509 799 567 827 per
581 789 710 828 aliquos
725 790 765 819 ad
781 799 836 820 eos
852 794 987 828 possent
1002 789 1068 819 vite
1085 798 1144 819 ne-

138 841 286 872 cessaria
302 841 478 877 introduci,
493 842 531 871 de
548 842 681 872 civitate
698 842 769 881 ipsa
785 842 889 872 dictos
908 842 1097 880 episcopum
1114 845 1145 872 et

139 893 277 923 clericos
293 902 369 923 suos
382 894 611 932 compulerunt
625 894 723 930 exire,
739 899 780 930 et,
794 894 1006 932 prohibentes
1021 893 1144 924 ibidem

138 945 276 976 verbum
298 945 359 976 Dei
380 946 545 984 predicari
570 946 701 984 publice
720 946 771 976 vel
788 946 911 982 audiri,
934 946 973 976 de
990 946 1143 976 mandato

139 1001 211 1033 tuo,
230 1002 267 1027 ut
285 998 497 1028 asserebatur
514 998 554 1028 ab
575 999 674 1037 ipsis,
695 1022 714 1028 ..
733 999 876 1037 priorem
895 1003 926 1029 et
945 1002 1143 1028 conventum

140 1051 281 1081 fratrum
298 1051 549 1081 Prcdicatorum
563 1061 599 1082 ex
614 1061 651 1082 ea
663 1061 720 1090 per
732 1052 923 1082 violentiam
934 1052 1140 1090 expulerunt.

138 1104 188 1133 Tu
215 1112 308 1138 vero,
335 1103 392 1142 qui
415 1104 509 1143 juxta
533 1105 672 1134 formam
699 1105 921 1142 predictorum
953 1104 1086 1134 concilii
1112 1108 1143 1134 et

139 1156 248 1194 pacis,
270 1155 426 1186 ecclesias
443 1161 473 1186 et
488 1157 577 1186 viros
593 1157 834 1187 ecclesiasticos
856 1157 1052 1191 defendere,
1067 1157 1143 1195 jura

140 1212 172 1238 et
188 1207 359 1238 libertates
374 1209 522 1246 ipsorum
538 1209 666 1246 integre
683 1218 889 1243 conservare,
909 1218 945 1238 ac
965 1209 1005 1238 ad
1027 1209 1143 1238 confu-

140 1260 256 1290 tandos
277 1260 441 1290 hereticos
466 1261 578 1290 efficax
600 1261 736 1299 prebere
757 1261 944 1296 consilium,
965 1264 995 1290 et
1015 1269 1069 1290 eos
1088 1269 1142 1290 ca-

139 1312 309 1350 pientibus
324 1316 445 1342 certam
461 1313 586 1343 solvere
600 1313 739 1350 pecunie
756 1313 986 1351 quantitatem,
1003 1322 1062 1342 nec
1076 1321 1141 1342 non

139 1365 309 1402 magistris
325 1365 440 1395 Tolose
456 1366 659 1403 regentibus,
678 1374 782 1404 usque
800 1366 840 1395 ad
857 1370 982 1395 certum
999 1370 1139 1403 tempus,

139 1418 237 1448 annis
263 1417 405 1455 singulis
433 1417 588 1448 exhibere
617 1418 794 1453 salarium,
819 1427 854 1447 ac
884 1427 958 1447 cum
988 1417 1140 1455 pluribus

138 1469 361 1507 burgensibus
391 1474 422 1499 et
450 1469 614 1499 militibus
640 1474 725 1499 terre
754 1473 807 1499 tue
835 1470 870 1499 in
894 1470 993 1499 Terre
1021 1470 1140 1499 Sancte

138 1522 354 1552 transfretare
381 1522 568 1552 subsidium
589 1522 778 1561 juramento
794 1522 931 1560 prestito
955 1522 1138 1557 tenebaris,

137 1575 297 1605 salarium
310 1575 419 1613 ipsum
434 1575 592 1613 predictis
613 1575 797 1613 magistris,
815 1580 947 1613 propter
964 1575 1050 1614 quod
1065 1584 1140 1613 pre-

135 1627 241 1657 fatum
258 1627 404 1656 studium
416 1627 537 1656 dicitur
551 1626 767 1662 dissolutum,
787 1626 1005 1661 subtrahens,
1025 1630 1056 1656 et
1072 1627 1140 1656 sor-

136 1687 207 1709 mas
229 1679 375 1717 iniquas,
398 1679 531 1709 statutis
552 1679 675 1709 nostris
698 1683 728 1709 et
745 1679 813 1718 juri
834 1679 1028 1714 contrarias,
1052 1679 1140 1709 circa

134 1730 358 1762 hereticorum
383 1731 638 1770 inquisitionem
661 1732 701 1761 ad
721 1741 835 1762 eorum
861 1733 1007 1762 favorem
1025 1735 1139 1770 postu-

135 1783 209 1814 lans
221 1784 401 1820 observari,
412 1785 666 1823 inquisitionem
677 1785 899 1815 hereticorum
910 1785 1140 1823 multipliciter

136 1837 288 1875 impedis,
306 1841 338 1867 et
353 1837 465 1875 plures
481 1837 516 1867 in
531 1841 619 1868 terra
633 1842 690 1868 tua
703 1838 867 1868 hereticos
882 1838 1138 1876 condempnatos

134 1889 266 1928 publice
287 1889 438 1920 hahitare
459 1890 636 1928 permittis,
659 1894 701 1925 et,
724 1890 772 1920 eis
794 1890 929 1920 aliunde
952 1890 992 1919 ad
1016 1894 1139 1920 terram

134 1942 242 1981 ipsam
271 1943 541 1980 confugientibus
571 1952 724 1973 securum
755 1943 923 1980 refugium
954 1943 1114 1973 exhibens
1129 1966 1135 1979 ,

135 1999 306 2032 suspectos
323 1998 354 2024 et
370 1995 556 2025 diffamatos
579 1995 617 2025 de
638 1995 749 2025 heresi
766 1995 975 2026 consiliarios
994 2000 1025 2025 et
1039 1996 1139 2025 fami-

134 2045 236 2076 liares
254 2050 362 2077 tecum
387 2047 529 2082 hahens,
548 2047 637 2085 ipsos
654 2047 694 2077 ad
709 2047 842 2086 publica
857 2057 1049 2086 promovere
1067 2048 1138 2077 offi-

136 2099 188 2128 cia
203 2100 283 2136 [non
302 2099 445 2134 dubitas,
467 2099 508 2138 et]
525 2099 560 2128 in
581 2100 754 2138 premissis
777 2104 890 2129 contra
913 2100 999 2130 dicta
1016 2104 1139 2130 statuta

136 2150 189 2181 vel
209 2159 323 2189 pacem
344 2159 381 2180 ac
402 2151 577 2189 prestitum
591 2152 818 2191 juramentum
834 2153 968 2189 venire;
989 2157 1034 2188 et,
1053 2153 1139 2183 sicut

136 2213 174 2234 ex
186 2203 452 2234 consideratione
466 2205 627 2234 factorum
643 2209 775 2235 tuorum
791 2206 964 2242 conicitur,
979 2206 1138 2236 heretico-

136 2265 211 2286 rum
221 2257 396 2293 fautorem,
410 2261 658 2296 receptatorem,
671 2258 889 2295 defensorem,
901 2263 932 2290 et
944 2268 1056 2290 eorum
1068 2260 1138 2290 fau-

137 2309 265 2339 toribus
281 2318 346 2339 non
363 2309 487 2340 veritus
502 2314 532 2340 te
548 2311 764 2340 favorabilem
780 2311 946 2348 exhibere,
962 2321 1059 2351 super
1071 2313 1138 2343 hiis

136 2370 214 2400 sepe
231 2362 377 2392 monitus
394 2366 425 2392 te
441 2362 606 2400 corrigere
629 2372 694 2393 non
715 2364 858 2400 curasti;
884 2373 921 2394 ex
942 2374 1006 2403 quo
1026 2365 1137 2403 plures

135 2413 325 2453 iniquitatis
342 2414 403 2444 filii
419 2419 587 2445 sumentes
602 2415 784 2451 audaciam,
799 2417 976 2447 nonnullos
991 2418 1137 2448 sacerdo-

135 2469 185 2496 tes
202 2470 232 2496 et
246 2466 328 2497 alios
342 2467 430 2497 viros
445 2467 635 2502 catholicos,
648 2469 705 2507 qui
721 2469 788 2498 zelo
802 2469 878 2499 fidei
891 2471 1138 2509 persequeban-

136 2522 190 2548 tur
207 2518 387 2554 hereticos,
408 2519 443 2548 in
466 2519 625 2558 injuriam
643 2520 748 2550 divini
765 2522 910 2551 nominis
933 2523 1135 2559 occiderunt,

135 2570 233 2600 multi
255 2572 355 2601 etiam
376 2572 574 2610 perditionis
596 2572 669 2608 filii,
691 2573 852 2611 abnegata
877 2574 938 2605 fide
963 2575 1134 2613 catholica,

135 2630 172 2652 se
197 2623 442 2654 constituerunt
471 2624 650 2660 hereticos,
681 2625 835 2656 nonnulli
862 2627 1079 2657 contumelias
1107 2631 1138 2658 et

134 2673 278 2713 dampna
300 2676 414 2713 gravia
432 2676 599 2712 ecclesiis,
620 2677 855 2708 ecclesiasticis
878 2680 1062 2718 ceterisque
1083 2689 1138 2710 ca-

135 2725 270 2757 tholicis
285 2728 367 2758 viris
384 2729 554 2767 negotium
576 2729 653 2760 fidei
674 2731 952 2769 prosequentibus
975 2732 1138 2770 multipli-

136 2778 219 2809 citer
245 2779 448 2816 intulerunt;
476 2786 576 2820 tuque
600 2782 725 2820 pluries
748 2783 931 2822 requisitus
957 2784 1138 2814 vindictam

132 2830 264 2869 justitie
286 2832 423 2862 noluisti
448 2833 483 2863 in
509 2834 738 2865 malefactores
762 2835 952 2874 hujusmodi
973 2845 1135 2867 exercere.

137 2881 297 2922 Cumque,
317 2889 449 2923 propter
465 2886 624 2925 quosdam
647 2887 685 2917 de
707 2888 865 2926 predictis
882 2892 912 2918 et
932 2888 1006 2918 aliis
1026 2898 1137 2919 exces-

136 2933 242 2970 sibus,
258 2935 294 2964 in
316 2945 491 2974 personam
512 2942 602 2968 tuam
621 2943 651 2969 et
670 2940 774 2970 dictos
796 2941 960 2976 consules,
979 2945 1137 2980 tanquam

1227 369 1449 402 hereticorum
1469 373 1627 410 fautores,
1646 375 1853 406 venerabiles
1871 376 1990 407 fratres
2011 379 2116 408 nostri
2135 402 2154 408 ..
2174 388 2229 409 ar-

1226 421 1456 462 chiepiscopus
1470 425 1745 462 Narbonensis,'..
1758 427 2035 460 Carcassonensis
2052 434 2083 460 et
2101 454 2119 459 ..
2137 431 2229 462 Tolo-

1227 481 1328 505 sanus
1342 477 1487 515 episcopi
1506 482 1536 508 et
1553 479 1660 509 dictus
1672 480 1774 510 frater
1786 480 2013 520 NV[iIlelmus],
2033 483 2229 514 auctoritate

1226 535 1286 556 sua
1302 531 1333 557 ct
1354 533 1477 564 nostra,
1501 530 1650 561 diversas
1673 533 2023 564 excommunicationis
2045 536 2229 567 sententias

1225 580 1461 617 protulissent,
1480 587 1511 613 et
1526 583 1613 613 idern
1631 585 1732 614 frater
1747 586 1946 615 sententiam
1968 588 2229 618 excommunica-

1225 632 1327 663 tionis
1346 634 1380 662 in
1405 635 1494 672 ipsos
1513 644 1531 665 a
1555 645 1589 667 se
1612 637 1711 667 latam
1729 647 1787 676 per
1803 638 1989 677 capellanos
2012 640 2230 671 ecclesiarum

1226 688 1257 714 et
1278 686 1398 716 fratres
1422 687 1567 719 Minores
1585 689 1765 719 Tolosanos
1786 691 1975 721 mandasset
1991 692 2108 723 diebus
2127 694 2228 723 domi-

1226 737 1311 767 nicis
1333 742 1364 768 et
1386 739 1517 769 festivis
1533 741 1663 778 publice
1681 742 1845 778 nuntiari,
1867 743 1967 773 iidem
1984 745 2154 781 consules,
2173 754 2229 775 ca-

1224 789 1367 827 pellanis
1392 791 1493 829 ipsis,
1515 793 1593 831 quia
1616 793 1755 824 firmiter
1776 800 2013 833 proposuerant
2037 796 2229 835 hujusmodi

1226 843 1380 873 mandato
1395 853 1526 882 parere,
1545 855 1582 875 ex
1605 847 1732 884 prefata
1748 847 1882 877 civitate
1899 848 1937 878 de
1954 853 2048 879 nocte
2065 850 2228 881 violenter

1226 896 1391 934 expulsis,
1418 897 1538 928 fratres
1566 899 1676 936 ipsos,
1699 899 1777 938 quia
1802 900 1896 939 juxta
1914 902 2052 931 sormam
2080 903 2228 941 ejusdcm

1225 949 1373 978 mandati
1388 950 1552 987 predictas
1569 951 1752 981 sententias
1768 953 1980 989 nuntiarunt,
2008 955 2124 985 exinde
2141 960 2230 986 atro-

1225 1001 1319 1031 cibus
1342 1002 1443 1032 minis
1462 1003 1623 1041 expellere
1650 1008 1681 1033 et
1701 1005 1860 1043 quosdam
1886 1015 1923 1036 ex
1946 1007 2028 1044 ipsis
2053 1008 2228 1039 verberare

1224 1063 1330 1092 usque
1349 1055 1390 1084 ad
1410 1055 1607 1085 effusionem
1631 1057 1805 1095 sanguinis
1830 1064 2113 1097 presumpserunt.
2141 1061 2230 1097 Quid

1224 1105 1345 1144 plura?
1359 1107 1407 1136 Tu
1424 1111 1455 1137 et
1471 1108 1623 1138 consules
1640 1109 1715 1146 ipsi,
1734 1114 1769 1139 ut
1785 1110 1890 1139 divini
1909 1112 2054 1141 nominis
2072 1112 2228 1143 adversa-

1224 1158 1291 1187 rios
1310 1162 1341 1187 et
1357 1158 1434 1188 fidei
1451 1168 1507 1189 vos
1526 1160 1727 1190 exhiberetis
1744 1161 1904 1191 catholice
1921 1163 2229 1199 ini1niros,diversa

1224 1210 1335 1240 banna
1353 1215 1383 1240 et
1402 1215 1544 1247 statuta,
1565 1212 1614 1242 vel
1634 1213 1867 1244 destitutiones
1884 1216 2004 1252 potius,
2024 1216 2177 1253 edidisse,
2197 1222 2229 1248 et

1224 1272 1266 1293 ne
1287 1263 1362 1301 quis
1385 1272 1494 1293 coram
1522 1265 1722 1303 inquisitore
1752 1265 1974 1296 hereticorum
2004 1274 2226 1306 compareret,

1224 1315 1262 1345 de
1276 1316 1338 1345 fide
1352 1325 1411 1345 sua
1426 1316 1478 1346 vel
1494 1316 1631 1346 alterius
1647 1326 1880 1356 responsurus,
1894 1320 1954 1349 sul·
1970 1330 2053 1358 pena
2071 1331 2179 1351 rerum
2198 1326 2230 1353 et

1225 1376 1397 1405 corporum
1413 1368 1544 1406 publice
1561 1369 1751 1400 inhibuisse
1772 1376 1802 1400 et
1819 1371 1883 1401 alia
1896 1372 1991 1410 plura
2008 1374 2128 1403 fecisse
2146 1375 2230 1405 dici-

1224 1420 1325 1456 mini,
1342 1421 1463 1459 quibus
1486 1421 1562 1452 fidei
1582 1426 1613 1452 et
1628 1423 1719 1460 pacis
1741 1427 1846 1454 status
1869 1426 2028 1454 evertitur
2045 1430 2075 1456 et
2091 1426 2228 1458 libertas

1225 1472 1451 1503 ecclesiastica
1473 1478 1661 1504 enervatur.
1686 1475 1769 1505 Cum
1794 1476 1913 1513 igitur,
1942 1487 2005 1515 quo
2025 1479 2172 1516 predicta
2192 1480 2227 1510 in

1223 1525 1382 1564 majorem
1402 1530 1595 1564 attemptata
1613 1531 1691 1557 sunt
1710 1529 1893 1565 perniciem
1913 1530 2001 1565 fidei,
2022 1540 2059 1560 eo
2080 1531 2190 1562 minus
2209 1542 2229 1563 a

1224 1578 1319 1622 nobis
1337 1578 1457 1608 debent
1479 1578 1540 1608 sub
1560 1579 1693 1609 silentio
1711 1581 1876 1618 preteriri,
1899 1582 2095 1613 mandamus
2112 1589 2229 1623 quate-

1223 1638 1286 1660 nus
1302 1631 1465 1668 premissa
1483 1631 1595 1661 omnia
1617 1632 1658 1661 ad
1675 1633 1867 1662 mandatum
1894 1635 2033 1672 predicti
2052 1635 2153 1673 legati
2169 1646 2228 1675 per

1223 1686 1254 1713 te
1271 1684 1418 1721 corrigas
1437 1688 1468 1713 et
1484 1684 1524 1713 ab
1539 1684 1663 1714 eisdem
1681 1685 1875 1716 consulibus
1892 1691 1922 1716 et
1940 1687 2015 1717 aliis
2033 1688 2227 1720 hominibus

1222 1736 1289 1766 tuis
1308 1740 1469 1774 potestate
1486 1737 1547 1765 tibi
1568 1737 1688 1766 tradita
1704 1737 1808 1768 facias
1825 1739 2014 1775 emendari,
2037 1750 2073 1770 ac
2090 1742 2125 1770 in
2142 1742 2227 1772 dicte

1222 1789 1322 1819 Terre
1345 1789 1464 1819 Sancte
1489 1789 1677 1819 subsidium
1699 1799 1774 1820 cum
1797 1791 1923 1821 eisdem
1947 1792 2170 1831 burgensibus
2196 1799 2228 1825 et

1221 1841 1387 1872 militibus
1414 1842 1449 1871 in
1471 1842 1619 1880 proximo
1646 1843 1758 1873 futuro
1789 1844 1908 1874 martio
1937 1854 2002 1875 non
2032 1846 2166 1878 difl'eras
2196 1853 2227 1878 te

1221 1894 1418 1929 transferre,
1443 1894 1491 1923 ibi
1512 1894 1605 1932 juxta
1621 1895 1762 1925 formam
1779 1896 1870 1934 pacis
1885 1906 1944 1935 per
1959 1898 2228 1936 quinquennium

1221 1951 1422 1977 moraturus.
1442 1947 1601 1986 Alioquin
1615 1948 1723 1978 eidem
1737 1948 1845 1986 legato
1862 1950 1984 1980 nostris
2005 1951 2120 1982 damus
2139 1953 2227 1984 litte-

1221 1999 1269 2029 ris
1294 1999 1329 2028 in
1351 1999 1517 2029 mandatis
1540 2004 1577 2029 ut
1595 2004 1626 2030 te
1648 2009 1685 2030 ac
1703 2000 1785 2031 alios
1810 2002 1975 2039 predictos
1997 2003 2038 2033 ad
2062 2006 2227 2042 premissa

1221 2060 1279 2089 per
1311 2060 1486 2081 censuram
1518 2052 1793 2089 ecclesiasticam,
1829 2054 2048 2092 appellatione
2078 2062 2203 2088 remota
2217 2082 2224 2094 ‚

1222 2103 1413 2142 compellat,
1432 2107 1463 2134 et
1479 2105 1624 2142 prefatas
1641 2106 1824 2136 sententias
1847 2107 1882 2136 in
1899 2107 2042 2146 singulis
2059 2119 2117 2140 sue
2135 2110 2226 2149 lega-

1220 2156 1323 2186 tionis
1342 2156 1503 2193 ecclesiis‚
1521 2157 1676 2188 omnibus
1698 2158 1814 2188 diebus
1832 2159 2008 2191 dominicis
2027 2166 2057 2192 et
2081 2163 2224 2200 festivis,

1220 2208 1362 2246 pulsatis
1383 2210 1553 2248 campanis
1582 2214 1614 2241 et
1645 2211 1792 2241 candelis
1825 2213 1973 2243 accensis
1990 2237 1996 2249 ,
2030 2216 2226 2247 auctoritate

1221 2266 1335 2292 nostra
1352 2272 1459 2301 usque
1475 2263 1516 2293 ad
1532 2263 1796 2294 satisfactionem
1816 2265 2015 2303 condignam
2036 2267 2137 2297 faeiat
2159 2269 2226 2299 sol-

1219 2313 1398 2352 lempniter
1413 2315 1578 2345 innovari.
1596 2316 1668 2345 Dat.
1686 2316 1846 2353 Vita-bii,
1866 2318 1935 2348 IIII
1950 2318 2109 2350 kalendas
2125 2321 2224 2357 maii,

1221 2375 1308 2396 anno
1323 2367 1460 2397 decimo.
1482 2379 1494 2394 ι)

1290 2550 1406 2578 8¹27
1781 2552 1917 2586 Viterbe,
1933 2554 1967 2580 28
1982 2555 2059 2582 avril
2073 2556 2151 2583 1236.

1255 2611 1288 2638 In
1312 2611 1438 2638 eundem
1462 2613 1521 2639 fere
1546 2612 1665 2639 modum
1683 2613 1826 2647 scriptum
1848 2617 1891 2641 est
1911 2615 1995 2640 eidem
2014 2616 2108 2651 leyato,
2127 2617 2158 2652 [..
2175 2626 2224 2644 ar-

1219 2659 1384 2693 chiepiscopo
1412 2659 1579 2695 Vie1znensi]‚
1603 2663 1635 2687 ut
1660 2661 1843 2695 praedictum
1870 2663 2008 2690 comitem
2036 2667 2063 2691 et
2087 2665 2160 2692 alios
2185 2667 2221 2693 ad

1220 2708 1383 2742 praemissa
1398 2716 1449 2742 per
1465 2717 1618 2735 censuram
1633 2709 1863 2736 ecelesiasticam
1878 2712 2046 2745 compellat,
2061 2716 2088 2739 et
2104 2716 2146 2746 ut,
2161 2714 2222 2741 dic-

1220 2757 1284 2782 tum
1303 2756 1434 2782 studium
1451 2757 1482 2783 in
1499 2756 1563 2790 ipsa
1578 2757 1702 2783 civitate
1717 2755 1904 2792 [Tholosana]
1918 2760 2090 2793 reformans,
2108 2763 2222 2790 confre-

1220 2803 1279 2829 rias
1295 2806 1323 2830 et
1339 2804 1541 2837 colligationes
1557 2805 1630 2831 alias
1647 2804 1755 2838 ubique
1770 2805 1800 2831 in
1818 2806 1919 2832 eadem
1940 2807 2085 2840 legatione
2100 2810 2220 2838 omnino

1220 2851 1394 2884 dissolvens,
1416 2855 1527 2879 statuta
1549 2856 1577 2879 et
1603 2852 1699 2879 banna
1721 2853 1807 2879 fidem
1833 2856 1861 2880 et
1883 2855 2112 2882 ecclesiasticam
2137 2866 2220 2884 ener-

1219 2899 1323 2926 vautia
1343 2899 1523 2933 libertatem,
1540 2901 1570 2927 in
1593 2901 1711 2927 irritum
1728 2909 1877 2934 revocans,
1894 2910 1928 2928 ac
1948 2911 1981 2929 ea
1996 2903 2032 2930 ab
2049 2905 2117 2931 aliis
2135 2914 2220 2933 revo-

1221 2947 1291 2979 cari,
1307 2949 1334 2974 et
1348 2951 1496 2982 suspectos
1510 2952 1537 2975 et
1551 2949 1718 2976 diffamatos
1732 2949 1767 2975 de
1781 2950 1893 2976 haeresi
1904 2958 1920 2976 a
1932 2951 2064 2978 consiliis
2077 2955 2106 2979 et
2116 2954 2219 2981 officiis
