2519 3518
64 293 119 324 129
898 281 1125 321 NEUVIEME
1147 279 1306 316 ANNEE.
2094 288 2146 318 1311

63 363 129 389 tem
147 362 177 388 et
193 358 346 388 idoneam
362 358 549 388 cautionem
567 358 787 396 prestiterint,
807 357 892 396 quod
909 356 942 385 in
961 354 1066 393 primo

61 411 216 450 passagio
245 410 285 440 ad
314 415 422 450 partes
449 419 484 440 se
514 411 716 441 transferant
745 409 1002 443 transmarinas,
1032 407 1066 436 in

62 463 188 494 Christi
207 463 342 493 servitio
367 463 544 498 moraturi,
575 472 634 493 nec
658 462 823 493 reversuri
851 461 967 491 exinde
994 460 1067 490 sine

62 514 198 545 licentia
223 515 317 545 Sedis
340 515 528 553 Apostolice
549 514 684 553 speciali
704 525 710 543 :
730 524 804 544 cum
823 522 935 544 eorum
956 520 1067 542 exces-

63 575 120 598 sus
152 567 270 605 plenus
301 567 402 597 fuerit
434 567 603 605 impietate
639 567 756 605 flagitii
788 571 819 596 et
850 563 1067 594 immanitatis

63 619 211 654 horrore,
230 623 261 649 et
277 619 357 658 ipsi,
375 619 629 657 flagitiosissimi
646 623 676 649 et
697 617 945 648 sceleratissimi
962 616 1068 654 parri-

63 671 146 707 cide,
166 672 199 701 in
217 672 334 701 acerba
353 676 384 701 et
400 681 477 701 seva
495 680 572 701 nece
589 671 736 709 parentis
753 670 896 708 episcopi
913 674 943 699 et
959 673 1067 707 pasto-

64 724 128 759 ris,
152 728 265 754 contra
282 733 316 754 se
334 724 584 762 provocaverint
600 723 705 753 celum
729 727 759 753 et
782 727 919 757 terram,
940 725 971 751 et
994 729 1068 758 gra-

64 776 201 806 vissime
237 776 436 806 offenderint
470 785 535 806 non
573 776 678 806 solum
715 777 895 806 Romanam
909 797 916 810 ,
954 782 1067 803 verum

63 828 164 858 etiam
186 829 286 858 nimis
309 828 577 859 exacerbaverint
597 827 777 858 Ecclesiam
802 826 1008 865 generalem,
1033 829 1067 855 tu

63 889 136 914 eos,
159 885 190 910 et
209 880 291 910 alios
313 890 453 919 quorum
468 889 543 919 ope,
564 880 703 910 consilio
724 879 773 909 vel
797 879 920 909 auxilio
942 882 1067 908 tantum

64 932 195 962 facinus
219 937 267 963 est
293 934 524 968 commissum,
552 933 701 971 publice,
729 932 875 962 candelis
901 931 1066 965 accensis,

64 986 199 1015 nunties
225 986 575 1016 excommunicationis
603 986 766 1016 sententie
784 985 973 1024 subjacere,
1003 992 1068 1013 non

64 1038 132 1068 nisi
155 1047 212 1076 per
235 1039 351 1069 Sedem
377 1039 598 1077 Apostolicam
623 1037 856 1072 absolvendos,
881 1041 912 1067 et
933 1036 1004 1066 loca
1029 1036 1069 1065 ad

63 1099 128 1130 que
144 1091 352 1125 devenerint,
373 1091 529 1130 quamdiu
546 1091 592 1120 ibi
615 1091 756 1123 suerint,
781 1089 949 1128 supposita
964 1089 1068 1118 inter-

63 1142 162 1173 dicto.
189 1143 282 1179 Quod
307 1144 335 1173 si
360 1143 478 1173 horum
505 1143 608 1182 aliqui
634 1152 690 1181 per
713 1142 814 1172 alium
840 1141 1008 1172 extiterint
1032 1141 1067 1170 in

62 1196 179 1225 mortis
206 1195 344 1225 articulo
373 1195 530 1232 absoluti,
552 1200 685 1225 careant
710 1199 839 1229 tamen,
861 1194 890 1223 si
917 1193 1068 1223 decesse-

62 1248 141 1283 rint,
161 1247 385 1278 ecclesiastica
401 1248 591 1286 sepultura;
610 1252 641 1277 et
661 1248 689 1277 si
706 1248 829 1282 forsan,
848 1250 919 1284 post
936 1245 1068 1275 absolu-

62 1300 164 1330 tionis
180 1300 388 1335 heneticium,
408 1300 552 1330 restituti
568 1300 693 1330 fuerint
709 1299 854 1333 sanitati,
873 1299 939 1328 nisi
956 1298 1067 1328 statim

62 1352 252 1391 apostolicis
275 1352 439 1382 mandatis
462 1361 577 1390 parere
593 1352 797 1387 studuerint,
817 1351 1007 1381 relabantur
1031 1350 1066 1379 in

60 1405 237 1443 pristinam
267 1405 466 1435 sententiam
497 1405 568 1443 ipso
600 1405 684 1443 jure.
718 1405 873 1434 Preterea
909 1407 975 1432 tam
1011 1411 1066 1433 eos

61 1465 161 1496 quam
179 1457 416 1487 descendentes
437 1457 477 1486 ab
499 1457 582 1495 ipsis
599 1461 688 1494 recta
703 1456 806 1490 linea,
826 1456 866 1485 ad
882 1455 990 1485 nullos
1007 1455 1066 1485 ho-

62 1517 178 1544 nores,
202 1509 396 1547 dignitates,
424 1509 649 1540 ecelesiastica
674 1509 836 1539 beneficia
855 1508 906 1538 vel
934 1507 1068 1546 publica

60 1561 169 1592 officia
199 1561 362 1591 secularia
392 1562 526 1592 nunties
556 1562 594 1592 de
624 1566 732 1592 cetero
765 1561 997 1596 assumendos,
1030 1569 1066 1590 ac

56 1613 132 1653 jure
147 1618 360 1652 patronatus,
384 1614 435 1644 vel
457 1615 640 1650 advocatie,
666 1614 773 1649 feudi,
796 1613 987 1648 locationis,
1008 1623 1067 1644 seu

59 1665 207 1705 quolibet
224 1666 287 1696 alio
300 1667 374 1706 jure
395 1667 482 1705 quod
496 1667 532 1696 in
552 1666 756 1705 quibuslibet
772 1666 922 1696 ecclesiis
941 1666 1067 1696 habue-

58 1723 154 1754 rant.
172 1720 241 1750 fore
259 1720 421 1758 privatos;
440 1720 514 1750 illos
531 1721 629 1750 etiam
646 1720 703 1758 qui
724 1720 867 1750 scienter
882 1720 1067 1758 receperint

60 1772 290 1802 malefactores
309 1773 440 1802 eosdem
464 1772 515 1803 vel
537 1777 650 1803 contra
668 1773 831 1811 premissa
853 1772 966 1802 venire
992 1781 1066 1810 pre-

60 1825 282 1862 sumpserint,
299 1825 370 1863 ipso
393 1825 480 1855 facto
501 1824 639 1855 clericos
661 1829 853 1863 perpetuam
876 1824 1065 1862 suspensio—

59 1885 137 1907 nem
153 1877 252 1907 officii
269 1881 300 1906 et
315 1877 484 1913 beneficii,
502 1877 604 1907 laicos
623 1886 700 1907 vero
716 1877 1066 1907 excommunicationis

60 1930 261 1960 sententiam
277 1929 482 1960 incursuros.
499 1930 549 1959 Ad
570 1929 630 1960 hec
645 1929 779 1960 banniri
798 1929 902 1959 facias
925 1929 1066 1960 scelera-

60 1985 112 2012 tos
127 1981 333 2020 hujusmodi,
351 1982 398 2012 ita
414 1982 499 2021 quod
516 1982 627 2020 aliquo
643 1982 778 2019 ingenio
798 1991 855 2020 per
878 1990 912 2011 se
934 1981 986 2011 vel
1009 1991 1066 2020 per

61 2033 145 2064 alios
168 2034 208 2063 ad
229 2033 300 2063 loca
318 2043 377 2063 sua
401 2034 509 2064 redire
530 2043 594 2064 non
617 2034 760 2072 possint,
786 2043 964 2072 eorumque
981 2034 1066 2064 bona

60 2086 174 2116 omnia
194 2086 374 2124 publicari,
399 2087 437 2116 de
459 2086 527 2116 illis
550 2086 659 2116 taliter
679 2087 899 2124 disponendo,
920 2087 1006 2125 quod
1027 2087 1067 2116 ad

59 2138 150 2177 ipsos
176 2138 226 2168 vel
251 2147 364 2168 eorum
384 2138 523 2168 heredes
547 2138 639 2168 nulla
655 2139 826 2168 occasione
850 2138 990 2168 ulterius
1014 2148 1066 2169 re-

61 2195 248 2226 vertantur,
265 2191 456 2220 mandatum
470 2195 619 2221 nostrum
635 2191 743 2220 taliter
756 2191 964 2229 impleturus,
980 2192 1067 2230 quod

61 2243 271 2281 diligentiam
296 2247 384 2272 tuam
409 2243 638 2273 commendare
657 2243 691 2272 in
713 2243 853 2273 Domino
875 2243 1064 2274 debeamus.

60 2294 234 2326 Indefessa
255 2303 370 2332 nempe
396 2294 621 2324 sollicitudine
639 2295 679 2324 ad
697 2295 857 2325 ultionem
877 2295 961 2325 tanti
983 2295 1066 2325 taci-

61 2347 152 2377 noris
183 2348 331 2377 Romana
362 2347 510 2377 Ecclesia
539 2347 710 2385 vigilabit,
744 2356 784 2378 ne
817 2348 850 2377 in
881 2348 1066 2387 exemplum

60 2399 167 2434 abeat,
191 2400 219 2429 si
238 2400 315 2438 quid
333 2399 372 2430 de
391 2400 537 2429 vindicta
553 2400 654 2430 fuerit
670 2399 876 2438 negligenter
893 2400 1063 2435 omissum,

59 2456 96 2483 ut
110 2461 193 2491 pene
206 2452 425 2487 immensitas,
439 2452 559 2482 diffusa
571 2461 628 2490 per
639 2452 762 2486 orbem,
777 2457 895 2482 terreat
907 2453 1065 2491 pestilen-

61 2508 121 2540 tes,
137 2513 202 2534 non
219 2504 325 2534 solum
341 2513 459 2534 manus
475 2514 492 2534 a
513 2504 679 2534 similibus
698 2504 874 2539 cohibens,
893 2505 950 2534 sed
965 2505 1065 2535 etiam

61 2557 279 2595 cogitationes
305 2561 469 2587 avertens.
493 2557 565 2586 Dat.
596 2557 742 2592 Perusii,
767 2557 796 2587 V
821 2556 978 2587 kalendas
1006 2566 1065 2587 au-

58 2609 163 2647 gusti,
181 2618 268 2639 anno
285 2618 381 2639 nono.
404 2621 416 2635 »

131 2771 250 2800 22⁰0
600 2772 736 2804 Perouse,
753 2771 786 2798 26
799 2771 898 2805 juillet
913 2772 991 2799 1235.

95 2834 326 2868 Archiepiscopo
356 2833 579 2867 Salzeburgensi
590 2855 596 2865 ,
623 2833 757 2867 episcopo
787 2833 1007 2860 Hildesemensi
1036 2836 1065 2861 et

59 2880 161 2909 abbati
176 2882 212 2909 de
227 2883 311 2909 Buch
328 2881 489 2908 committit
505 2884 537 2908 ut
557 2884 657 2908 contra
672 2881 874 2908 interfectores
888 2881 1016 2909 Conradi
1029 2881 1065 2909 de

61 2929 205 2964 Marburg
219 2931 304 2964 juxta
319 2931 444 2957 formam
461 2929 498 2957 ab
519 2929 581 2965 ipso
597 2938 673 2964 papa
688 2930 729 2956 eis
745 2929 948 2956 transmissam
964 2937 1064 2964 proce-

182 2983 367 3015 GREGomE
386 2991 437 3019 ix,
456 2993 474 3014 t.
494 2991 528 3014 11.

1150 352 1231 380 dant.
1248 367 1279 371 -
1291 353 1376 384 (Rae.
1390 354 1434 386 18,
1447 355 1466 381 t.
1479 355 1514 382 56
1526 357 1555 380 v·
1566 362 1571 386 ;
1584 362 1653 381 ann.
1670 354 1722 386 IX,
1737 354 1884 386 c.167;—
1898 355 2053 383 Por-nusi·
2063 355 2147 387 9977;

1149 415 1180 419 -
1197 401 1377 428 Romanasne
1391 402 1452 435 647,
1468 403 1502 433 1.)

1190 512 1202 526 υ
1230 523 1249 528 ..
1271 501 1496 539 archiepiscopo
1518 502 1751 540 Salzcburyensi
1770 507 1795 530 el
1820 525 1839 530 ..
1859 504 1992 540 episcopo
2015 504 2149 532 Hildesc-

1148 553 1255 586 mensi,
1274 557 1299 581 et
1317 575 1335 581 ..
1351 554 1452 582 abbati
1468 554 1500 582 (le
1513 555 1604 588 Buch,
1625 555 1829 584 cisterciensis
1845 555 1974 588 ordinis,
1989 556 2148 585 Misnensis

1148 604 1282 633 diocesis.
1295 605 1398 635 Vinee
1413 606 1544 635 Domini
1558 606 1700 636 cultores
1711 624 1759 635 —.
1776 608 1846 636 Dat.
1862 607 2002 641 Perusii,
2016 608 2075 637 Vll
2090 608 2147 637 ka-

1148 656 1261 686 lendas
1281 657 1427 694 augusti,
1447 666 1533 687 anno
1551 667 1645 687 nono.
1667 671 1679 684 ι»

1219 825 1336 853 2Ὶο1
1684 828 1818 861 Pet-ouse,
1835 829 1865 856 31
1883 830 1981 863 juillet
1997 830 2074 857 1235.

1179 887 1298 914 Eisdem
1309 888 1431 915 mandat
1439 892 1583 922 quatenus
1593 889 1829 917 intertectoribus
1838 891 1967 924 ejusdem
1976 891 2102 918 conradi
2112 893 2147 918 de

1149 935 1299 969 Marburg,
1312 950 1343 954 —
1358 940 1421 970 post
1433 941 1578 971 receptam
1593 937 1629 964 ab
1640 938 1681 964 eis
1697 939 1863 965 cautionem
1876 939 1951 972 quod
1969 939 1997 965 in
2016 941 2147 973 passagio)

1149 984 1249 1010 martii
1266 984 1398 1017 proximo
1412 985 1503 1011 futuri
1520 986 1566 1012 vel
1582 986 1640 1012 alio
1658 986 1790 1020 proximo
1808 988 1940 1020 sequenti
1954 987 1989 1013 ad
2007 992 2102 1022 partes
2118 997 2147 1015 se

1149 1032 1327 1058 transferant.
1341 1033 1564 1064 transmarinas,
1576 1036 1603 1059 et
1618 1038 1680 1067 post
1695 1038 1842 1068 receptum
1859 1035 2058 1068 juramentum
2072 1037 2146 1069 quod

1149 1087 1198 1113 per
1215 1088 1315 1105 omnes
1333 1080 1455 1113 majores
1471 1081 1609 1107 ecelesias
1626 1082 1751 1115 regionis
1770 1083 1851 1108 illius
1870 1082 1919 1109 ubi
1939 1086 1997 1109 tam
2015 1092 2147 1110 exsecra-

1148 1126 1207 1154 bile
1221 1128 1335 1154 facinus
1349 1128 1574 1161 commiserunt,
1592 1136 1606 1154 «
1623 1130 1733 1156 vadant
1749 1130 1820 1156 nudi
1837 1134 1863 1157 et
1880 1131 2066 1163 discalceati,
2081 1131 2146 1158 bra-

1143 1183 1162 1207 .»
1183 1176 1246 1203 chis
1259 1176 1415 1203 dumtaxat
1431 1177 1566 1207 retentis,
1584 1179 1653 1204 sune
1666 1179 1713 1205 vel
1729 1179 1853 1212 corrigia
1868 1179 1903 1205 ad
1921 1181 2027 1206 collum
2047 1181 2146 1213 ligata.

1149 1232 1162 1249 ι)
1183 1224 1280 1257 virgas
1299 1224 1329 1251 in
1354 1224 1490 1251 manibus
1510 1226 1688 1257 deferentes,
1709 1230 1737 1253 et
1759 1226 1796 1253 ab
1814 1227 1951 1254 omnibus
1970 1228 2148 1262 presbyteris

1148 1280 1162 1298 »
1183 1273 1303 1299 illarum
1325 1274 1526 1306 ecclesiarum,
1546 1275 1692 1308 psalmum
1711 1276 1953 1308 paenitentialem
1969 1277 2146 1304 dicentibffi.

1148 1329 1162 1346 i)
1182 1324 1251 1348 ante
1272 1322 1345 1348 fores
1361 1323 1546 1353 earumdem,
1568 1323 1684 1356 quando
1705 1324 1798 1357 major
1813 1324 1906 1350 aderit
1923 1325 2022 1358 populi
2045 1326 2148 1352 multi—

1148 1377 1162 1395 »
1183 1369 1267 1401 tudo,
1288 1378 1318 1396 se
1340 1370 1451 1397 faciant
1470 1370 1634 1403 verberari,
1656 1380 1739 1398 suum
1765 1371 1881 1405 publice
1902 1373 2064 1399 confitendo
2085 1382 2147 1400 rea-

1148 1426 1162 1445 »
1182 1422 1245 1446 tum
1263 1428 1288 1452 »,
1306 1434 1337 1438 -
1353 1419 1546 1447 absolutionis
1562 1421 1735 1448 beneficium
1750 1421 1936 1455 impendant.
1952 1437 1983 1441 —
2003 1424 2088 1453 (Rae.
2103 1424 2147 1451 18.

1147 1468 1168 1494 f.
1185 1467 1219 1494 57
1234 1470 1279 1500 v⁰;
1297 1475 1366 1494 ann.
1386 1468 1443 1500 lx,
1465 1476 1489 1495 e.
1507 1468 1574 1500 168;
1590 1483 1621 1487 -
1643 1469 1798 1496 Porriiasr
1817 1469 1902 1502 997&
1918 1484 1949 1488 —
1967 1471 2147 1497 Roosxssmc

1147 1516 1213 1549 647,
1231 1516 1280 1548 ΙΙ.)

1189 1628 1202 1643 α
1219 1616 1350 1661 Eisdem.
1374 1616 1457 1646 Cum
1477 1616 1707 1647 interfectores
1732 1617 1815 1647 bone
1837 1635 1886 1646 -.
1910 1618 1982 1647 Dat.
2006 1619 2147 1648 Perusii.

1148 1670 1180 1699 ΙΙ
1197 1669 1356 1699 kalendas
1373 1669 1517 1707 augusti,
1535 1678 1621 1700 anno
1641 1679 1738 1700 nono.
1758 1682 1771 1697 n

1217 1839 1336 1868 2202

1182 1901 1438 1935 Areliiepiscopos,
1459 1902 1608 1936 episcopos
1627 1911 1661 1928 ac
1682 1903 1755 1929 alios
1778 1903 1967 1930 ecclesiarum
1992 1905 2147 1938 praelatos,

1148 1958 1201 1976 nec
1217 1958 1274 1975 uon
1291 1952 1319 1976 et
1334 1949 1436 1981 duceS,
1455 1950 1653 1982 marchiones,
1678 1951 1799 1977 comites
1820 1956 1847 1977 ct
1868 1951 1988 1977 barones
2008 1953 2036 1978 in
2056 1953 2146 1986 impe<

1147 1998 1216 2024 riali
1239 1997 1328 2025 Curia
1350 1997 1534 2029 constitutos,
1557 2002 1637 2031 rogat
1658 2002 1685 2025 et
1706 1998 1835 2025 obsecrat
1855 2003 1901 2030 ut,
1925 2001 2005 2026 omni
2028 2009 2147 2027 rant-ure

1147 2046 1293 2080 deposito,
1310 2054 1396 2080 quem
1413 2054 1447 2072 ex
1466 2054 1649 2080 quacumque
1667 2054 1754 2073 causa
1769 2051 1869 2073 contra
1884 2047 2061 2075 Lombardos
2079 2049 2148 2075 hac—

1147 2097 1232 2121 tenus
1255 2094 1452 2127 conceperint,
1474 2094 1675 2126 Fridericum,
1699 2095 1895 2121 Romanorum
1922 2095 2146 2129 imperatorem.

1147 2142 1184 2169 ad
1200 2143 1254 2168 hoc
1268 2142 1426 2174 inducant,
1444 2142 1519 2176 quod
1535 2143 1596 2176 ipse
1613 2142 1760 2175 negotium
1778 2143 1926 2169 societatis
1942 2144 2146 2172 Lonibardiae.

1148 2190 1300 2217 Marchiae
1320 2190 1492 2217 Tervisinae
1508 2198 1542 2217 ac.
1559 2190 1750 2216 Romaniolae
1773 2191 1802 2217 in
1826 2191 1962 2218 manibus
1983 2192 2146 2221 Ecclesiae,

1146 2239 1231 2273 juxta
1246 2239 1410 2273 imperialis
1427 2240 1537 2266 formae
1552 2243 1681 2265 tenorem
1692 2260 1698 2271 ,
1714 2247 1819 2273 ponere
1835 2248 1890 2265 non
1905 2241 2033 2268 omittat,
2048 2241 2147 2274 sicque

1147 2288 1197 2314 fiat
1222 2287 1297 2321 quod
1322 2288 1413 2321 possit.
1436 2287 1472 2313 de
1496 2287 1691 2314 Lombardiae
1712 2287 1865 2321 provincia
1891 2288 1995 2314 Terrae
2021 2288 2147 2315 Sam-tae

1147 2336 1332 2362 commodum
1351 2335 1514 2369 provenire.
1530 2350 1560 2353 —
1578 2336 1663 2367 (ΗΕΘ.
1678 2335 1722 2367 18,
1740 2336 1759 2361 t.
1776 2335 1810 2361 57
1826 2339 1868 2367 v⁰;
1883 2344 1952 2362 ann.
1969 2336 2020 2367 IX,
2038 2345 2061 2362 c.
2077 2338 2144 2365 1³59:

1148 2399 1179 2403 —
1191 2384 1323 2411 MOREAU
1336 2384 1414 2417 1190,
1427 2385 1446 2410 t.
1459 2384 1492 2410 93
1504 2392 1509 2415 ;
1526 2399 1556 2402 —
1569 2384 1725 2422 Porrrmsss
1735 2384 1820 2415 9973:
1835 2399 1866 2402 —
1880 2385 2059 2411 Ronsxnsnn
2072 2385 2146 2411 fiis,

1684 1842 1819 1874 Perouse,
1836 1842 1869 1868 28
1884 1842 1983 1875 juillet
1999 1843 2076 1869 1235.

1188 2496 1200 2510 ιι
1219 2485 1468 2521 .›trchiepiscopis.
1487 2490 1512 2512 el
1529 2485 1672 2521 episcopis
1691 2493 1726 2512 ac
1741 2485 1814 2512 aliis
1830 2485 2023 2513 ecclesiarum
2044 2486 2146 2521 prela—

1147 2539 1203 2571 tis,
1227 2538 1376 2566 nobilibus
1398 2538 1474 2566 viris
1498 2537 1641 2565 ducibus.
1667 2537 1909 2566 marchionibus.
1937 2538 2096 2566 comitibus
2123 2543 2146 2565 c(

1146 2590 1310 2617 baronibus
1330 2590 1361 2617 in
1384 2590 1540 2626 imperiali
1555 2590 1648 2618 Curia
1666 2590 1848 2617 conslilnlis.
1868 2589 1998 2617 Puritas
2023 2589 2094 2618 titt-:i
2116 2594 2143 2617 et

1146 2659 1194 2671 —.
1212 2643 1284 2671 Dat.
1303 2642 1445 2677 Perusii,
1464 2643 1491 2671 V
1506 2641 1663 2671 kalendas
1680 2641 1822 2677 augusti.
1841 2650 1926 2670 anno
1943 2650 2038 2671 nono.
2062 2655 2071 2663 ..

1214 2818 1332 2847 2703

1181 2881 1403 2915 Praeceptorem
1421 2884 1447 2907 et
1465 2882 1567 2907 fratres
1583 2879 1746 2913 Hospitalis
1763 2879 2026 2912 Hierosolymitani
2046 2880 2143 2905 horta-

1145 2932 1193 2956 tur
1205 2932 1237 2956 ut
1253 2928 1352 2962 bajulo
1365 2934 1392 2956 et
1410 2930 1503 2963 legato
1522 2928 1664 2955 Friderici
1681 2927 1865 2961 imperatoris
1882 2927 1911 2953 in
1931 2927 2034 2953 Terra(-
2052 2930 2143 2953 §auc-

1687 2818 1820 2844 Pei-onst».
1837 2817 1871 2843 ‘28
1883 2818 1978 2851 juillet
1995 2818 2072 2844 1235.

2008 2989 2021 3009 Ἀ
