2423 3487
204 287 261 317 443
927 285 1167 315 REGISTRES
1189 284 1244 314 DE
1267 276 1489 314 GREGOIRE
1512 284 1572 313 IX.
2243 286 2298 316 444

276 352 396 380 3238
788 352 878 384 Rieti,
895 352 928 378 13
944 351 1043 385 juillet
1059 351 1138 377 1236.

239 413 350 440 Abbati
367 416 394 440 et
411 413 569 439 conventui
588 413 759 439 monasterii
771 412 1012 446 Aquicinetensis
1025 412 1210 443 (=Anchin)

204 462 352 495 significat
372 470 401 488 se
417 461 552 488 inhibere
574 470 609 487 ne
627 461 705 488 infra
720 462 870 488 clausuras
888 462 1077 494 monasterii,
1099 462 1211 496 priora-

204 513 288 537 tuum
315 519 364 536 seu
394 511 520 536 aliorum
548 511 678 537 locorum
704 510 851 544 ipsorum,
880 512 1043 537 saeculares
1071 519 1211 545 personae

205 559 376 585 communia
398 559 544 592 colloquia
564 559 693 592 faciant,
717 559 780 585 sive
800 555 919 593 nuptias
940 559 1103 592 celebrent,
1127 562 1155 585 et
1176 567 1212 585 ne

206 607 271 641 quis
292 616 338 633 eos
360 608 407 633 vel
429 615 528 633 eorum
551 607 681 641 aliquem
703 608 802 634 trahat
823 608 859 634 ad
881 607 1027 641 judicium
1051 609 1210 640 saeculare,

205 655 378 689 praesertim
396 664 482 689 super
499 655 544 682 liis
559 664 632 689 quae
646 657 795 682 saeculare
808 656 953 689 judicium
972 665 1029 682 non
1046 656 1210 690 requirunt,

204 711 258 729 nec
272 703 374 737 aliqua
390 703 507 736 mulier,
525 706 610 737 prout
627 707 688 731 erat
704 704 857 731 obtentum
875 705 1032 736 haetenus,
1049 706 1132 738 septa
1150 713 1212 731 mo-

204 751 327 778 nasterii
349 760 466 784 eorum,
484 752 541 778 nisi
563 752 720 779 dumtaxat
740 753 771 779 in
792 754 865 779 festo
883 753 1086 779 Dedicationis
1107 753 1211 787 ipsius,

203 801 341 827 introeat.
357 815 388 818 —-
406 801 492 831 (Rae.
512 800 556 833 18,
579 802 598 827 f.
621 801 672 827 178
692 804 730 833 r⁰;
752 810 821 828 ann.
839 802 883 834 X,
903 810 927 828 c.
943 802 1017 833 158.)

245 913 258 927 α
279 924 298 929 ..
318 901 419 930 abbati
434 906 460 930 et
476 903 641 930 conventui
655 903 836 931 vioriusterii
851 903 1112 939 Aquineintensis.
1133 904 1213 933 ordi-

206 955 254 983 nis
266 955 367 983 sancti
383 955 546 990 Benedicti,
567 955 770 983 Atrebatensis
787 956 923 985 diocesis.
939 956 1069 991 Quanto
1086 956 1213 986 studio-

204 1007 276 1037 sius
302 1007 414 1036 divine
436 1025 485 1036 —.
511 1008 584 1037 Dat.
611 1009 724 1043 Reate,
754 1009 804 1038 111
829 1008 903 1038 idus
927 1008 1015 1048 julii,
1045 1018 1130 1039 anno
1157 1010 1212 1040 de-

203 1069 299 1089 cimo.
319 1072 332 1086 >³

273 1218 393 1245 3239
782 1220 879 1253 {tit-ti,
897 1221 927 1248 21
946 1222 1043 1255 juillet
1061 1223 1139 1249 1236.

239 1280 383 1315 Episcopo
399 1282 627 1309 Draconariensi
639 1304 645 1314 ,
663 1283 808 1317 suppriori
827 1284 951 1310 fratrum
970 1285 1210 1312 Praedicatorum

203 1329 349 1356 Tranensi
370 1333 397 1356 et
414 1331 670 1364 archipresln'tero
690 1332 839 1358 Penncnsi
857 1333 978 1359 mandat
997 1336 1158 1366 quatenus,
1176 1335 1212 1360 ad

203 1378 417 1404 monasterium
428 1379 462 1405 de
474 1380 616 1411 Tremito⁷
629 1380 742 1406 ordinis
754 1381 848 1407 sancti
862 1381 1028 1414 Benedicti,
1042 1382 1213 1409 Larinensis

202 1426 359 1459 dioecesis,
386 1427 422 1453 ad
451 1428 557 1454 Sedeni
586 1429 787 1462 Apostolicani
817 1431 898 1456 nullo
925 1431 1020 1456 medio
1050 1432 1212 1465 pertinens,

203 1477 322 1509 propter
336 1475 482 1502 malitiam
500 1477 700 1503 habitantium
718 1477 747 1504 in
763 1478 862 1504 eodem
881 1480 1060 1513 collapsum,
1075 1488 1213 1514 persona-

204 1523 273 1550 liter
291 1524 481 1557 accedentes,
505 1525 528 1551 si
546 1526 652 1559 poterit
670 1526 699 1552 in
723 1527 822 1553 eodem
838 1527 941 1554 ordine
957 1529 1126 1562 reformari,
1143 1530 1213 1557 <lent

205 1572 242 1598 ad
259 1573 312 1598 hoc
326 1580 409 1606 opem
427 1576 455 1599 et
471 1582 587 1607 operam
606 1574 771 1606 effica‹·cm;
789 1575 921 1609 alioquin
938 1576 968 1603 in
984 1577 1079 1610 ipsum
1097 1586 1214 1605 monas-

206 1621 314 1647 terium
332 1622 559 1649 Cistercionsem
577 1624 710 1649 ordinem
729 1624 887 1656 inducant,
903 1626 1034 1659 personis
1049 1626 1089 1652 ibi
1106 1627 1215 1659 degen—

205 1669 285 1696 tibus
298 1678 371 1703 quae
386 1671 535 1697 noluerint
552 1671 648 1705 ipsum
662 1681 819 1702 assumere,
831 1673 860 1699 in
874 1674 945 1700 locis
961 1675 1029 1701 aliis
1043 1675 1087 1701 sui
1102 1677 1214 1703 ordinis

205 1719 395 1745 collocandis.
408 1734 439 1736 —
452 1720 538 1751 (11110.
553 1720 596 1751 18,
612 1721 630 1746 1.
646 1720 696 1747 1ἶὸ
709 1724 746 1753 r⁰;
761 1730 830 1748 ann.
844 1722 883 1754 X,
898 1723 1001 1755 e.159;
1020 1739 1050 1742 ἡ
1068 1726 1104 1751 cf.
1118 1733 1213 1757 snpra,

205 1770 234 1793 n⁰
253 1767 345 1798 1699.)

246 1874 259 1888 «
281 1885 300 1890 ..
319 1864 452 1900 epz'scmpo
470 1864 717 1898 Draeonmsensi,
739 1887 759 1893 ..
777 1867 935 1902 suppl-ieri
952 1868 1088 1902 fratrum
1109 1870 1212 1897 Prati-

204 1920 344 1944 catorum
362 1916 512 1944 Tratzrnsi
528 1921 553 1944 et
569 1939 588 1944 ..
607 1918 862 1954 archipresbitero
880 1920 1040 1950 Penucnsi.
1055 1921 1214 1952 (3111111110-

205 1968 388 1998 nasterium
416 1968 454 1997 de
479 1986 529 1997 —.
554 1970 626 1998 Dat.
657 1971 770 2005 Reate,
796 1971 861 2001 XII
886 1971 1045 2002 kalendas
1067 1976 1212 2012 augusti,

204 2029 292 2050 anno
307 2021 446 2051 decimo.
468 2034 479 2047 ι,

274 2179 397 2206 3240
792 2183 883 2216 Rieti,
900 2184 932 2210 21
949 2184 1048 2218 juillet
1062 2185 1140 2212 1236.

240 2241 395 2275 Episcopo,
419 2243 629 2269 archidiacono
652 2246 679 2270 et
701 2245 813 2271 cantori
837 2246 1030 2274 Trecensibus
1051 2249 1215 2277 committit

204 2290 338 2317 totaliter
357 2290 536 2317 audiendam
556 2294 584 2318 ct
606 2293 825 2319 terminandam
846 2302 964 2321 eausam
982 2304 1056 2329 quae
1071 2297 1148 2324 inter
1163 2299 1214 2325 (10-

204 2347 313 2366 canum
339 2340 564 2374 capitulumque
590 2342 720 2375 capellae
745 2342 836 2369 Ducis
860 2343 1069 2377 Divionensis,
1096 2355 1130 2372 ex
1158 2356 1215 2375 una

204 2390 299 2422 parte,
326 2390 353 2415 et
376 2388 548 2423 episcopum
573 2389 797 2424 capitulumque
821 2391 1031 2425 Lingonenscs,
1053 2403 1087 2421 cx
1111 2397 1214 2430 altera,

203 2436 386 2469 vertebatur,
404 2445 478 2470 quac
497 2437 568 2464 olim
588 2438 657 2464 hinc
673 2439 761 2473 ipsis,
779 2448 829 2473 pro
846 2442 976 2474 praefato
996 2443 1132 2476 capitulo·
1142 2446 1215 2472 Lin-

203 2485 341 2519 gonensi,
359 2485 446 2512 illinc
463 2486 510 2518 G.,
527 2486 737 2514 archidiacono
753 2487 1002 2525 Cathalaunensi,
1019 2495 1045 2518 et
1065 2493 1126 2525 ejus
1146 2503 1215 2521 eon—

202 2533 364 2568 judicibus,
377 2542 428 2568 pro
442 2535 574 2568 praefato
587 2535 722 2569 episcopo
735 2536 925 2571 Lingonensi,
937 2540 1094 2567 commissa
1109 2544 1213 2571 suerat.

203 2597 237 2602 -
251 2583 339 2616 (ΒΕΘ.
354 2583 398 2615 18,
414 2584 434 2610 f.
450 2584 501 2610 178
515 2587 554 2616 r⁰;
569 2593 638 2611 ann.
654 2585 693 2617 X,
709 2594 732 2612 c.
748 2585 816 2617 160;
833 2586 1011 2621 -ΜΟΗΕΑΕ,
1027 2589 1105 2622 1191,
1124 2592 1143 2617 1.
1159 2592 1215 2623 95.)

245 2695 258 2710 «
281 2706 301 2713 ..
319 2685 468 2721 episcopo,
490 2686 748 2715 ..archidiacono
773 2692 798 2715 et
823 2710 840 2716 ..
865 2691 987 2718 cantori
1010 2691 1213 2722 Trocmis-ihus.

203 2735 324 2765 Dilecti
349 2736 410 2765 tilii
431 2760 451 2765 ..
474 2737 619 2767 decanus
641 2743 671 2768 et
693 2739 875 2777 capitulum
897 2742 1020 2779 capelle
1038 2744 1140 2775 Ducis
1156 2747 1215 2775 Di-

202 2788 388 2824 flonensis,
400 2789 439 2818 ad
452 2790 636 2819 Romanam
651 2791 844 2828 Ecclesiam,
857 2794 1034 2829 utdicitur,
1050 2797 1140 2827 nullo
1151 2809 1214 2829 me-

204 2841 258 2870 dio
275 2841 486 2878 pertinentis,
507 2851 567 2871 sua
588 2843 684 2873 nohis
701 2845 860 2882 petitione
881 2852 1109 2879 monstrarunt
1128 2853 1215 2889 quod

203 2894 407 2923 venerabilis
433 2895 537 2924 frater
564 2900 676 2926 noster
704 2898 753 2934 [..]
777 2898 950 2937 episcopus
977 2905 1008 2930 et
1032 2903 1214 2940 capitulum

203 2947 446 2985 Lingonenses,
464 2954 652 2979 asserentes
676 2951 763 2989 quod
786 2952 925 2983 indultis
944 2953 1007 2983 sihi
1027 2956 1213 2995 privilegiis

1294 349 1487 385 abutuntur,
1515 349 1655 388 pulsatis
1683 351 1869 388 campanis,
1898 351 2021 389 apertis
2043 352 2157 391 januis
2181 357 2212 382 et
2234 352 2300 382 alta

1292 411 1370 432 voce
1392 402 1505 432 divina
1526 402 1734 437 celebrando,
1757 408 1788 433 et
1808 403 2004 433 interdictos
2021 413 2057 434 ac
2073 405 2299 435 excommuni-

1293 459 1382 484 catos
1401 455 1590 493 recipiendo
1607 455 1847 485 nichilominus
1865 456 1904 486 ad
1921 456 2044 492 divina,
2065 457 2228 495 prefatum
2245 466 2300 487 ca-

1292 507 1433 545 pitulum
1457 508 1497 537 ad
1514 517 1580 543 vos,
1607 509 1779 547 episcopus
1796 518 1873 539 vero
1890 510 1929 538 ad
1951 510 2003 543 G..
2029 510 2298 540 archidiaconum

1293 559 1607 595 Cathalaunensem,
1635 565 1666 591 et
1691 570 1769 591 suos
1793 562 1995 601 conjudices,
2016 572 2115 601 snper
2131 563 2244 593 eodem
2269 568 2302 593 et

1293 612 1498 643 exhibitione
1515 613 1766 651 privilegiorum
1783 615 1942 653 ipsorum,
1961 615 2088 646 litteras
2104 615 2300 654 apostolicas

1293 665 1531 703 impetrarunt;
1557 671 1603 701 et,
1624 671 1657 696 ut
1680 676 1735 697 eos
1753 668 1896 705 fatigare
1921 668 2052 698 valeant
2077 669 2247 699 laboribus
2270 674 2301 699 et

1295 719 1465 757 expensis,
1491 719 1579 757 ipsos
1604 721 1754 750 fecerunt
1778 730 1835 759 per
1854 725 2012 759 utrasque
2035 721 2164 752 litteras
2190 721 2230 751 ad
2249 731 2301 751 re-

1294 776 1382 801 mota
1403 771 1474 801 loca
1500 773 1612 802 eodem
1632 777 1775 811 tempore
1799 774 1839 803 ad
1852 774 2014 813 judicium
2033 774 2173 804 evocari.
2192 775 2300 811 Quare

1295 825 1390 854 nohis
1415 825 1588 855 humiliter
1610 826 1839 864 supplicarunt
1861 832 1911 856 ut.
1941 836 2014 856 cum
2039 827 2158 857 durum
2186 827 2228 857 sit
2253 827 2301 856 eis

1295 877 1395 906 simul
1420 886 1519 916 super
1545 878 1613 907 hiis
1641 888 1750 908 coram
1782 879 1923 909 diversis
1947 879 2117 918 judicibus
2146 879 2298 917 litigare.

1296 931 1386 970 [sihi]
1404 931 1575 969 providere
1593 935 1729 969 paterna
1746 931 1971 962 sollicitudine
1990 940 2194 962 curaremus.
2216 932 2300 968 Quia

1294 984 1398 1022 igitur
1422 984 1614 1022 questiones
1639 985 1784 1022 predicte
1809 994 1876 1014 una
1901 985 2135 1014 commissione
2164 990 2302 1023 possunt

1295 1037 1437 1067 celerius
1455 1037 1628 1066 terminari
1645 1041 1675 1067 et
1692 1046 1766 1066 cum
1783 1037 1904 1067 minori
1917 1037 2101 1076 dispendio,
2115 1046 2213 1076 quam
2226 1037 2303 1067 dua-

1295 1090 1367 1125 hus,
1386 1089 1534 1119 volentes
1550 1099 1619 1124 vos,
1638 1090 1678 1119 ad
1694 1099 1775 1128 quos
1792 1090 1956 1128 prefatum
1980 1089 2160 1128 capitulum
2180 1089 2303 1127 Lingo-

1296 1152 1398 1173 nense
1429 1152 1506 1172 suas
1535 1143 1664 1173 litteras
1692 1143 1813 1173 dicitur
1842 1143 2057 1182 impetrasse,
2091 1143 2129 1173 de
2162 1147 2302 1182 utraque

1295 1205 1492 1234 cognoscere
1507 1196 1692 1234 questione,
1711 1196 1944 1226 commissione
1959 1197 2043 1226 facta
2059 1196 2303 1227 Cathalaunen-

1296 1249 1388 1278 sibus
1412 1258 1469 1286 pro
1489 1249 1641 1286 episcopo
1663 1253 1829 1284 revocata,
1850 1249 2046 1278 mandamus
2071 1253 2253 1287 quatenus,
2275 1248 2302 1278 si

1295 1306 1344 1331 est
1358 1302 1414 1334 1111,
1430 1302 1580 1340 partibus
1596 1302 1794 1337 convocatis,
1814 1302 1974 1331 facientes
1990 1301 2082 1331 vohis
2099 1301 2249 1331 obtentas
2263 1301 2302 1330 ad

1295 1356 1399 1385 dictos
1428 1355 1714 1385 Cathalaunenses
1740 1355 1868 1385 litteras
1893 1360 1922 1385 et
1949 1364 2138 1393 processum
2165 1364 2221 1392 per
2246 1363 2302 1384 eas

1295 1408 1446 1437 habitum
1464 1407 1625 1438 exhiheri.
1644 1417 1776 1437 causam
1795 1408 1938 1437 audiatis
1956 1413 2129 1446 utramque
2145 1408 2238 1446 juxta
2252 1407 2304 1436 lit-

1296 1466 1441 1491 terarum
1463 1462 1702 1491 continentiam
1722 1466 1955 1500 utrarumque.
1979 1466 2028 1495 et,
2054 1461 2081 1491 si
2102 1461 2140 1490 de
2159 1461 2302 1499 partium

1295 1514 1464 1544 voluntate
1487 1515 1701 1553 processerit,
1726 1515 1887 1544 studeatis
1904 1514 2029 1553 judicio
2053 1514 2103 1543 vel
2126 1513 2299 1543 concordia

1297 1567 1493 1603 terminare,
1522 1578 1558 1598 ac
1586 1568 1716 1597 faciatis
1749 1568 1835 1606 1111011
1870 1567 2073 1601 statueritis,
2108 1566 2303 1596 auctoritate

1297 1625 1409 1650 nostra
1435 1621 1575 1650 firmiter
1599 1621 1783 1655 observari,
1809 1620 1957 1659 alioquin
1986 1621 2075 1658 ipsas
2100 1619 2304 1649 sufficienter

1296 1674 1476 1703 instructas
1494 1674 1533 1703 ad
1552 1678 1701 1703 nostruin
1718 1674 1896 1703 remittatis
1913 1682 2066 1708 examen,
2088 1673 2210 1710 pretixo
2228 1682 2301 1710 par-

1297 1727 1386 1756 ullus
1403 1727 1623 1765 peremptorio
1647 1727 1786 1756 termino
1808 1726 2016 1764 competenti,
2041 1735 2104 1764 quo
2125 1725 2306 1763 apostolico

1298 1789 1331 1810 se
1358 1780 1548 1818 conspectui
1575 1784 1820 1813 representent.
1844 1779 1985 1818 justam,
2014 1784 2121 1808 actore
2145 1778 2301 1809 Domino.

1298 1833 1499 1862 sententiam
1527 1837 1697 1870 receptui-e
1727 1850 1774 1863 —.
1802 1833 1875 1861 Dat.
1904 1833 2025 1865 Reate,
2055 1832 2118 1861 XII
2147 1830 2306 1860 kalendas

1298 1887 1442 1924 augusti.
1461 1895 1548 1915 anno
1562 1886 1700 1915 decimo.
1722 1898 1733 1911 »

1724 2024 1741 2040 Ο

1367 2064 1480 2092 3241
1882 2063 1977 2096 Rieti,
1991 2063 2024 2090 21
2039 2062 2138 2096 juillet
2153 2061 2232 2089 1236.

1332 2127 1474 2154 Amatoni
1490 2127 1526 2154 (10
1544 2126 1713 2158 Ferentino,
1733 2125 1877 2152 familiari
1900 2134 1962 2158 suc,
1983 2125 2132 2166 signifieat
2152 2132 2196 2156 se,
2218 2131 2306 2157 prop-

1297 2179 1341 2203 ter
1353 2176 1438 2203 fidele
1448 2175 1621 2209 obsequium
1635 2175 1710 2209 quod
1725 2174 1781 2201 sibi
1793 2174 1844 2201 diu
1854 2173 2051 2208 impenderat,
2063 2173 2178 2205 domus,
2190 2171 2306 2203 vineas,

1298 2226 1395 2252 hortos
1407 2228 1434 2252 et
1450 2224 1510 2251 alia
1526 2224 1602 2251 bona
1617 2232 1691 2258 quae
1707 2223 1854 2257 quondam
1870 2223 2040 2250 Attinulfus
2056 2222 2092 2248 de
2106 2221 2257 2255 Ceperano
2273 2220 2305 2246 in

1297 2276 1392 2301 castro
1408 2273 1553 2308 Ceperani
1569 2273 1606 2300 ab
1626 2272 1759 2300 Ecclesia
1778 2273 1912 2299 Romana
1930 2274 2079 2303 tenuerat,
2101 2272 2130 2296 et
2148 2277 2221 2303 quae
2242 2267 2306 2296 Odo

1298 2324 1400 2350 Bellus
1424 2322 1460 2349 de
1484 2321 1632 2356 Anagnia,
1661 2321 1809 2355 quondam
1835 2320 1952 2347 balivus
1979 2319 2068 2346 castri
2093 2318 2244 2352 ejusdem,
2270 2316 2306 2343 de

1298 2373 1438 2400 mandato
1457 2371 1616 2406 apostolico
1635 2371 1665 2398 in
1682 2370 1828 2397 directum
1848 2369 1969 2396 feudum
1988 2368 2084 2395 eidem
2098 2366 2239 2394 Amatoni
2259 2373 2306 2392 as-

1298 2422 1478 2456 signaverat,
1496 2420 1522 2447 ei
1543 2423 1571 2447 et
1591 2421 1653 2454 ejus
1675 2419 1850 2446 haeredibus
1872 2418 1903 2444 in
1927 2420 2117 2452 perpetuum,
2133 2416 2186 2443 sub
2207 2423 2306 2442 annuo

1298 2479 1387 2498 censu
1407 2470 1496 2497 unius
1516 2469 1596 2496 obuli
1617 2469 1714 2501 aurei,
1738 2467 1906 2495 concedere.
1928 2482 1960 2485 —-
1977 2467 2063 2498 (Rae.
2083 2465 2127 2498 18,
2147 2465 2167 2492 f.
2186 2463 2237 2491 178
2258 2466 2307 2494 v⁰·‚

1298 2529 1368 2547 ann.
1383 2520 1429 2552 X,
1447 2528 1472 2546 c,
1489 2519 1558 2551 161;
1576 2533 1608 2536 —
1625 2518 1782 2545 Pommsw
1794 2516 1896 2548 10212;
1912 2530 1943 2534 -
1960 2516 1997 2542 ci.
2013 2521 2114 2548 supra,
2133 2517 2161 2540 n⁰
2175 2513 2268 2544 3017.)

1341 2634 1353 2647 t<
1374 2621 1519 2650 Amaloni
1535 2620 1568 2648 de
1583 2619 1759 2654 Ferentino,
1777 2617 1934 2654 familiari
1952 2621 2064 2645 nostro.
2085 2614 2185 2644 Sedes
2202 2614 2307 2651 Apos-

1298 2675 1407 2710 tolica‚
1427 2674 1482 2712 pia
1497 2691 1546 2703 -—.
1567 2674 1640 2703 Dat.
1658 2673 1779 2707 Reate,
1796 2671 1862 2700 XII
1878 2669 2037 2700 kalendas
2057 2666 2201 2705 augusti,
2219 2673 2309 2695 anno

1298 2728 1436 2758 decimo.
1457 2740 1470 2753 »

1368 2899 1486 2928 3242
1886 2895 1976 2928 meti,
1993 2894 2026 2921 17
2041 2893 2140 2927 juillet
2155 2890 2234 2918 1236.

1334 2963 1523 2996 Montanino,
1541 2962 1646 2989 devoto
1662 2970 1723 2993 suo,
1742 2959 1876 2994 Spinello
1890 2957 2028 2989 Cavntca,
2044 2947 2218 2989 Capon'er[o]
2247 2951 2307 2978 Ra-
