2423 3487
152 330 208 360 575
873 326 1111 357 REGISTRES
1132 326 1188 356 DE
1211 318 1433 356 GREGOIRE
1455 327 1515 355 1x.
2187 328 2246 359 575

151 395 219 422 dem
232 394 488 427 substituerentur,
504 402 645 421 consensu
657 394 828 420 Leodiensis
844 393 967 427 capituli
984 393 1151 423 accedente,

154 458 185 462 —
207 443 327 469 mandat
344 445 487 476 quatenus
508 442 583 476 quod
604 450 621 468 a
641 442 800 476 praedictis
820 442 955 475 episcopo
975 444 1002 468 et
1023 441 1153 475 capitulo

152 493 262 518 factum
289 493 349 517 erat
374 490 404 516 in
430 491 483 517 hac
508 493 600 524 parte,
630 490 740 517 faciant
763 489 921 516 observari.
944 504 976 508 —
997 490 1083 521 (Bm.
1106 489 1151 522 18,

148 540 170 566 f.
184 539 235 565 234
249 542 285 570 r⁰;
302 546 372 564 ann.
387 538 425 570 X,
440 546 464 564 e.
482 537 556 569 389.)

190 652 203 665 «
221 662 241 668 ..
261 639 381 668 decano,
400 643 425 666 et
450 639 606 675 -maqistris
626 639 754 674 Raclulso
776 639 809 667 (Ie
826 640 936 667 Sancto
958 639 1106 672 Quintilio
1126 642 1152 666 et

145 692 269 720 Nicolao
285 691 318 718 cle
332 692 508 727 Antrerpia,
526 692 684 719 canonicis
702 691 950 720 Tornacensibus.
969 690 1033 719 Sua
1056 689 1151 719 nobis

148 742 258 772 dilecti
276 760 324 770 -—.
343 743 415 771 Dat.
437 743 636 777 Interamne,
655 743 705 772 ΙΙΙ
720 742 878 772 kalendas
896 742 1018 777 martii,
1041 742 1151 780 ponti-

149 796 264 824 ficatus
282 794 386 823 nostri
403 803 488 823 anno
505 794 642 824 decimo.
663 807 675 820 u

214 972 331 1000 8533
714 972 813 1005 Terni,
828 973 862 999 ΞΤ
876 973 984 999 tevrier
996 973 1075 999 1237.

181 1035 283 1062 Sancti
303 1034 428 1067 Gaurani
447 1036 473 1061 et
492 1034 594 1061 Sancti
615 1034 702 1061 Pauli
723 1035 760 1061 ad
777 1035 884 1069 Ripam
898 1035 974 1062 Arni
992 1035 1148 1063 abbatibus

143 1083 305 1111 committit
318 1083 551 1117 inquisitionem,
566 1084 775 1110 correctionem
791 1087 816 1110 et
829 1085 1068 1111 reformationem
1085 1094 1147 1112 mo-

141 1132 264 1159 nasterii
292 1132 404 1158 Montis
427 1132 555 1165 Christi,
577 1132 815 1160 Camaldulensis
837 1134 964 1166 ordinis,
990 1134 1147 1161 Massanae

141 1181 292 1208 dioecesis
309 1196 339 1199 —-
356 1182 442 1212 (ΒΕΘ.
460 1181 503 1214 18,
521 1182 541 1208 f.
555 1181 607 1208 ‘234
622 1184 660 1214 r⁰;
678 1190 746 1208 ann.
762 1182 805 1215 X,
821 1191 844 1208 c.
863 1182 937 1213 390.)

182 1294 196 1308 «
223 1305 242 1310 ..
271 1283 378 1311 Sancti
405 1282 567 1319 Gualssani,
601 1284 760 1312 l'ultrraue
784 1284 921 1319 diocesis,
945 1289 970 1313 el
997 1307 1016 1313 ..
1038 1285 1145 1314 Sancti

139 1336 232 1364 Pauli
253 1336 291 1363 (11]
316 1336 419 1372 [tipum
441 1337 520 1364 Arni
542 1337 650 1365 Pisani
671 1337 837 1366 abhatibus.
861 1338 925 1367 Sua
946 1337 1040 1367 nobis
1066 1347 1144 1367 eon-

138 1392 257 1417 vcntus
274 1389 466 1417 monasterii
484 1389 606 1418 Montis
621 1389 757 1420 Christi.
777 1390 1042 1421 Camaldulensis
1059 1392 1142 1421 ordi-

139 1440 203 1474 nis,
223 1441 375 1470 Massane
392 1441 543 1476 diocesis,
561 1442 720 1480 petitione
737 1444 933 1472 monstravit
952 1444 1048 1482 quod,
1068 1454 1142 1474 cum

139 1502 199 1522 nos
218 1492 307 1527 olim,
331 1493 498 1523 intellecto
521 1495 607 1533 quod
627 1495 714 1525 idern
736 1497 985 1529 monasterium.
1010 1503 1142 1536 propter

138 1545 299 1575 malitiam
316 1546 537 1575 hal.»itantium
555 1548 588 1576 in
604 1548 728 1583 eodem,
746 1550 890 1586 graviter
906 1551 939 1579 in
957 1552 1142 1589 spirituali-

138 1598 200 1628 bus
223 1598 403 1636 collapsum
425 1600 531 1629 fuerat
556 1604 586 1629 et
606 1601 639 1629 in
666 1602 901 1639 temporalibus
927 1604 1139 1641 diminutum,

138 1651 375 1681 correctionem
393 1656 423 1681 et
440 1653 706 1683 reformationem
724 1655 830 1692 ipsius
850 1665 886 1685 ex
904 1658 1010 1687 officio
1029 1664 1142 1689 nostro

143 1726 164 1732 ..
176 1704 276 1741 priori
287 1704 533 1735 Camaldulensi
550 1706 740 1737 [luxerimus
755 1710 1020 1739 committendam
1035 1712 1142 1742 :idem

138 1756 238 1794 prior,
258 1757 297 1785 ad
314 1759 550 1787 monasterium
566 1759 672 1797 ipsum
691 1761 860 1792 accedens,
881 1772 944 1791 non
962 1764 1068 1793 solum
1086 1774 1142 1795 su-

137 1819 196 1848 per
220 1809 279 1839 hoe
302 1811 491 1839 mandatum
512 1816 660 1841 nostrum
682 1813 785 1843 noluit
808 1815 1002 1853 adimplere,
1026 1827 1141 1848 verum

137 1863 249 1896 etiam,
264 1862 353 1900 ipsos
368 1864 553 1901 pernicioso
567 1866 713 1903 exemplo
725 1867 890 1902 ahbatum,
904 1870 1141 1901 monachorum

136 1919 168 1944 et
188 1924 421 1945 conversorum
445 1917 501 1955 qui
520 1927 577 1955 per
602 1927 676 1948 cum
703 1919 781 1949 illuc
811 1923 999 1952 transmissi
1026 1924 1138 1960 suere,

135 1976 361 2006 corrumpens.
386 1971 624 2000 monasterium
650 1972 757 2010 ipsum
784 1974 864 2003 adeo
894 1975 1076 2014 collapsum
1105 1978 1139 2007 in

136 2021 367 2058 spiritualibus
383 2027 413 2051 et
430 2022 629 2053 diminutum
647 2024 680 2053 in
698 2027 932 2063 temporalibus
949 2028 1138 2068 dereliquit,

135 2073 231 2111 quod,
252 2074 316 2103 nisi
334 2084 390 2112 per
409 2076 503 2105 Sedis
520 2077 707 2114 Apostolice
727 2080 967 2116 providentiam
987 2082 1140 2113 celeriter

134 2130 347 2155 succurratur
373 2127 490 2162 etth-m,
516 2129 567 2158 vix
591 2130 709 2159 adiciet
731 2135 765 2160 ut
787 2139 949 2171 resurgat.
978 2136 1139 2171 Quocirca

133 2178 329 2208 mandamus
347 2184 520 2217 quatenus,
540 2182 567 2211 si
585 2187 631 2212 est
649 2183 706 2215 ita,
726 2184 765 2213 ad
780 2187 1137 2227 monasteriumipsum

132 2231 352 2268 personaliter
375 2234 567 2263 accedentes
592 2239 622 2264 et
648 2236 807 2267 habs-ntes
829 2248 884 2276 pre
906 2240 1010 2270 oculis
1031 2242 1137 2272 solum

133 2283 250 2318 Deum,
269 2285 463 2315 auctoritate
484 2291 596 2316 nostra
620 2288 741 2318 ibidem
765 2295 827 2319 tam
850 2292 883 2320 in
907 2294 1012 2331 capite
1039 2304 1136 2333 quam

131 2335 167 2364 in
186 2336 342 2365 membris
358 2337 537 2375 inquiratis
557 2339 733 2377 diligenter
752 2342 789 2371 [le
807 2344 959 2375 omnibus
982 2356 1044 2384 que
1066 2357 1137 2378 ‹Jor-

130 2388 290 2418 rectionis
318 2394 348 2419 et
375 2391 621 2422 reformationis
650 2394 756 2424 ostii-io
788 2397 946 2428 noveritis
973 2399 1133 2437 indigere,

130 2441 227 2471 nobis
245 2452 307 2480 que
325 2442 530 2481 inveneritis,
548 2445 688 2476 fideliter
705 2449 901 2486 resta-ente&
917 2454 1136 2484 contradicto-

134 2502 188 2523 res
205 2498 265 2523 etc.
284 2496 356 2524 Dat.
377 2500 537 2534 utsupra.
555 2510 567 2523 n

199 2673 317 2701 3534

164 2734 307 2767 Magistro
324 2736 484 2764 Benedieto
501 2738 536 2764 ‹le
553 2739 711 2772 Guarcino,
729 2742 864 2775 scriptori
881 2753 941 2776 suo,
960 2760 990 2763 —
1008 2755 1134 2781 conque—

697 2679 796 2713 Terni,
813 2681 847 2707 28
863 2682 971 2709 sevrier
984 2684 1062 2711 1237.

130 2783 262 2809 rentibus
275 2787 416 2817 potestate
430 2788 457 2811 et
470 2788 620 2814 communi
635 2789 815 2817 Florentinis
829 2800 878 2824 per
890 2793 1003 2819 litteras
1016 2798 1041 2821 et
1058 2805 1133 2822 uun—

129 2831 186 2858 tios
206 2840 286 2861 suus,
304 2833 377 2865 quod
398 2834 573 2867 quibusdam
596 2837 711 2864 civibus
726 2838 792 2865 'suis
812 2840 847 2865 de
866 2849 890 2874 pu
904 2842 988 2868 cunia
1011 2852 1097 2876 quam
1118 2854 1132 2871 a

129 2881 215 2913 longo
227 2884 356 2914 tempore
373 2884 523 2909 nonnullis
535 2884 570 2910 (le
587 2893 673 2919 regno
686 2887 827 2914 [frunt-1210
845 2893 1025 2924 mutuat-aut,
1039 2901 1051 2918 a
1071 2894 1132 2926 11111ἶ

129 2929 212 2955 ribus
228 2938 262 2955 ex
280 2930 406 2963 ipsvrum
420 2931 611 2966 ‹tobim-itus,
626 2934 676 2960 (tiu
690 2939 751 2969 post
770 2937 930 2964 terminum
945 2943 1131 2975 exspectatis,

128 2985 187 3003 non
204 2979 296 3004 suerat
313 2978 452 3005 hactenus
466 2980 667 3013 satisfactum,
683 2986 709 3009 et
725 2985 798 3017 quod
814 2986 957 3018 praedicti
975 2988 1053 3014 cives
1070 2992 1131 3016 tau-

1214 402 1217 403 ⁷
1236 394 1279 418 tos
1303 391 1414 418 labores
1438 394 1465 418 et
1486 394 1584 419 tantas
1608 400 1751 426 expensas
1773 401 1824 427 pro
1843 393 1946 420 eadem
1970 394 2096 429 pecunia
2119 403 2242 430 recupe-

1235 440 1328 466 randa
1352 439 1519 473 subierant,
1539 440 1615 474 quod
1636 440 1724 468 multi
1745 449 1780 468 ex
1801 441 1842 468 eis
1863 442 1900 468 ad
1923 444 2087 470 extremam
2107 443 2240 478 inopiam

1236 490 1318 515 erant
1344 488 1472 521 reducti,
1495 503 1527 506 —
1550 488 1673 516 mandat
1697 491 1841 523 quatenus
1864 489 2010 521 debitores
2033 500 2136 519 omnes
2160 500 2242 519 com-

1236 539 1357 570 pescant
1377 539 1410 563 ut
1432 545 1519 571 super
1539 537 1620 564 dieta
1644 537 1770 571 pecunia
1792 538 1994 572 satisfaciant,
2015 541 2062 566 vel
2085 548 2172 574 super
2193 540 2241 567 his

1235 592 1286 618 per
1297 587 1497 618 procuratores
1513 585 1632 612 idoneos
1648 585 1727 613 infra
1742 589 1959 621 competentem
1975 588 2137 615 terminum
2152 597 2239 623 quem

1234 633 1353 659 duxerit
1364 633 1566 666 statuendum,
1577 642 1674 660 eoram
1689 634 1751 668 ipso
1762 643 1838 669 papa
1849 639 2048 670 compareant.
2058 651 2090 654 —
2098 637 2184 669 (Bm.
2195 637 2240 670 18,

1234 682 1255 707 f.
1272 681 1323 707 234
1337 684 1374 713 r⁰;
1392 689 1462 708 ann.
1479 682 1523 715 X,
1538 690 1562 708 e.
1581 682 1646 715 3913
1664 697 1696 701 —
1713 683 1750 710 et.
1768 690 1864 716 supra,
1881 692 1910 710 n.
1925 673 2004 717 2765,
2039 684 2090 712 766
2106 688 2134 712 et
2147 685 2241 717 2857.)

1275 802 1287 815 ι(
1312 790 1456 826 Magistro
1472 791 1629 820 Beneclicto
1645 791 1678 819 cte
1696 791 1864 826 Guarcino,
1884 793 2030 829 scriptori
2044 797 2156 822 nostro.
2182 793 2240 822 Di-

1231 842 1308 872 lecti
1327 842 1389 871 filii
1414 846 1598 881 ..potestas
1622 861 1671 873 ——.
1696 845 1769 874 Dat.
1796 845 1998 880 Interamne,
2026 845 2059 875 II
2080 844 2241 875 kalendas

1231 895 1354 928 martii,
1373 904 1459 925 anno
1476 895 1614 925 decimo.
1631 908 1644 922 n

1299 1094 1419 1122 3535
1799 1095 1900 1128 Terni,
1914 1094 1948 1122 28
1964 1095 2072 1122 tevrier
2087 1095 2166 1122 1237.

1265 1158 1337 1191 Regi
1355 1157 1497 1184 Franciae
1513 1157 1549 1184 de
1563 1157 1665 1184 eadem
1681 1166 1711 1184 re
1730 1157 1876 1190 scribens,
1894 1166 1959 1184 eum
1978 1161 2077 1185 monet
2093 1161 2237 1192 quatenus

1229 1206 1330 1233 taliter
1345 1206 1499 1240 provideat
1515 1206 1546 1233 in
1562 1207 1616 1233 hae
1632 1209 1728 1240 parte,
1745 1209 1778 1233 ut
1794 1206 1887 1240 ipsius
1901 1206 2013 1233 subditi
2029 1207 2236 1234 difficultatem

1227 1255 1366 1289 deinceps
1381 1263 1439 1281 non
1456 1255 1602 1288 ingerant,
1620 1255 1778 1289 quominus
1794 1256 1886 1282 iidem
1903 1256 2050 1283 debitores
2063 1256 2099 1283 de
2112 1256 2239 1290 pecunia.

1228 1303 1258 1330 in
1269 1312 1324 1337 qua
1337 1303 1513 1330 tenebantur
1522 1303 1632 1330 eisdem
1644 1304 1835 1336 Florentinis,
1846 1304 2042 1331 satisfaciant.
2052 1319 2083 1323 ——
2094 1305 2181 1336 (Bm.
2191 1304 2237 1338 18,

1227 1354 1247 1379 f.
1265 1353 1317 1379 ‘234
1333 1356 1376 1385 v⁰;
1394 1360 1463 1379 ann.
1479 1353 1518 1385 X,
1536 1361 1560 1379 c.
1578 1352 1652 1383 392.)

1268 1473 1280 1487 ιι
1308 1483 1327 1489 ..
1353 1461 1470 1489 illustri
1492 1461 1557 1497 regi
1573 1461 1714 1490 Francia.
1738 1460 1859 1490 Dileeti
1878 1460 1939 1489 filii
1955 1461 2004 1498 [..]
2021 1464 2165 1498 potestas
2186 1477 2234 1489 —.

1224 1514 1295 1543 Dat.
1318 1517 1353 1543 ut
1372 1522 1482 1551 supra.
1503 1525 1515 1539 »

1261 1637 1364 1660 3538.
1383 1648 1414 1651 -
1429 1634 1462 1660 Ι11
1478 1634 1603 1660 eundem
1620 1633 1737 1660 modum
1755 1654 1773 1660 ..
1792 1633 1901 1658 illustri
1916 1634 1974 1665 reyi
1989 1632 2126 1665 Navarra,
2143 1633 2238 1658 comiti

1225 1682 1383 1714 Campania,
1400 1690 1492 1715 usque
1507 1690 1513 1708 ε
1529 1684 1674 1716 quatenus
1688 1681 1788 1708 taliter
1804 1681 1959 1715 provideas
1975 1681 2006 1707 in
2023 1681 2078 1708 hae
2093 1683 2186 1715 parte,
2202 1682 2236 1707 ut

1225 1731 1337 1758 subditi
1354 1730 1397 1757 tui
1414 1733 1481 1763 etc.‚
1498 1739 1590 1764 usque
1606 1730 1636 1756 in
1655 1731 1754 1757 finem.

1261 1783 1364 1806 3537.
1383 1794 1414 1797 —
1432 1779 1464 1805 In
1479 1779 1604 1805 eundem
1622 1778 1742 1805 modum
1760 1779 1858 1803 balivis
1872 1777 1989 1811 ejusdem
2008 1779 2086 1811 regis.

1295 1974 1413 2002 35:38
1842 1972 1941 2004 Terni‚
1957 1972 1974 1998 7
1989 1980 2068 1999 mars
2083 1972 2162 1999 1237.

1259 2036 1334 2064 Cum
1353 2036 1493 2070 magistro
1516 2035 1633 2067 Boetio,
1651 2035 1758 2062 elerico
1771 2043 1836 2067 suo,
1857 2033 2039 2060 considerato
2055 2034 2132 2068 quod
2148 2034 2234 2068 longo

1222 2088 1354 2119 tempore
1376 2084 1453 2118 apud
1476 2084 1583 2111 Sedem
1606 2083 1808 2118 Apostolicam
1833 2085 1861 2110 et
1884 2082 2059 2117 aliquandiu
2082 2091 2147 2109 cum
2170 2082 2234 2116 ipso

1222 2142 1297 2169 papa
1323 2133 1514 2160 laudabiliter
1530 2136 1719 2159 conversatus
1740 2134 1817 2165 erat,
1837 2139 1924 2165 super
1946 2131 2063 2158 defectu
2085 2131 2232 2158 natalium

1222 2191 1320 2217 quem,
1337 2183 1372 2209 de
1388 2184 1470 2216 patre
1484 2182 1662 2209 subdiacono
1678 2184 1706 2208 et
1719 2182 1755 2208 de
1770 2183 1864 2208 matre
1879 2181 1975 2207 soluta
1989 2183 2086 2213 natus,
2103 2180 2233 2214 patieba—

1221 2234 1279 2263 tur,
1292 2231 1454 2265 dispensat,
1470 2231 1512 2257 ita
1529 2234 1629 2257 tamen
1646 2230 1733 2264 quod,
1748 2230 1773 2256 si
1788 2230 1825 2256 ad
1841 2229 2039 2264 episcopalem
2053 2229 2231 2263 dignitatem

1221 2290 1286 2307 eum
1304 2281 1403 2307 vocari
1421 2280 1593 2314 contigerit,
1608 2280 1692 2306 illam
1708 2287 1893 2313 nequaquam
1913 2278 2037 2313 recipiat
2052 2277 2161 2312 absque
2178 2278 2233 2305 Se-

1221 2330 1267 2356 dis
1280 2330 1468 2364 Apostolicae
1482 2327 1748 2363 licentiajspeciali.
1758 2328 1884 2360 -fflm
1898 2327 1942 2360 18,
1954 2328 1974 2354 f.
1988 2327 2040 2354 234
2050 2329 2095 2359 v⁰;
2108 2334 2177 2354 ann.
2190 2326 2231 2359 X,

1220 2387 1244 2405 c.
1263 2378 1338 2410 393.)

1262 2499 1273 2513 «
1300 2488 1444 2524 Magistro
1463 2487 1570 2517 Boetio.
1588 2486 1696 2515 clerico
1718 2490 1832 2514 nostro.
1859 2484 1945 2520 Quia
1967 2483 2081 2513 divina
2103 2482 2231 2512 miseri-

1220 2539 1332 2569 cordia
1354 2557 1402 2568 -.
1427 2540 1500 2568 Dat.
1520 2539 1726 2573 Interamne,
1749 2537 1846 2567 nonis
1869 2536 1996 2572 martii,
2018 2535 2231 2574 pontificatus

1220 2592 1327 2621 nostri
1343 2601 1429 2621 anno
1445 2592 1581 2621 decimo.
1605 2603 1617 2617 >1

1289 2784 1405 2812 3:531)
1835 2782 1922 2809 Terni
1932 2803 1938 2813 ,
1953 2782 1969 2807 7
1985 2789 2063 2807 mars
2077 2779 2156 2806 1237.

1253 2848 1446 2879 I'oofstatem,
1464 2846 1648 2873 consiliarios
1661 2848 1687 2872 et
1704 2846 1845 2879 populum
1856 2844 2061 2870 Vereellenses
2076 2844 2175 2869 monet
2190 2841 2226 2868 de

1217 2904 1291 2921 nom
1313 2898 1457 2929 quatenus
1478 2898 1589 2921 statuta
1609 2896 1711 2920 eontra
1726 2892 1925 2919 Vercellensis
1946 2891 2087 2918 eeclesiae
2104 2890 2226 2916 liberta-

1217 2948 1276 2970 tem
1301 2944 1395 2975 edita,
1413 2944 1447 2969 de
1468 2943 1528 2969 suis
1544 2942 1758 2976 capitularibus
1774 2942 1942 2972 amoveant,
1960 2942 1989 2966 et
2004 2939 2040 2965 de
2058 2938 2176 2966 (lamnis
2196 2940 2226 2964 et

1215 2992 1334 3025 injurii>-
1351 2992 1445 3018 eidem
1463 2992 1604 3018 ecclesiae
1621 2990 1755 3023 irrogatis
1771 2989 1974 3020 satistaciant;
1995 2987 2127 3022 alioquin
2145 2987 2223 3021 ipsos
