2519 3518
75 291 131 323 ¹13
915 282 1144 321 NEUVIEME
1166 282 1324 318 ANNEE.
2108 290 2161 319 114

74 358 240 398 quondam
261 358 439 394 Zuss'ulum,
463 358 588 388 dictum
611 358 822 397 Paralupum,
847 358 885 387 de
903 355 1077 390 Medicina,

75 411 111 440 in
128 410 265 441 feudum
282 410 322 441 ab
340 410 464 440 eisdem
481 411 747 449 progenitoribus
763 411 931 444 habuisse,
950 408 1080 438 manda-

76 471 150 492 mns
180 466 344 501 quatenus
374 466 494 492 terram
524 462 633 498 illam,
665 472 763 501 quam
793 463 900 492 dictus
932 460 1080 491 Zull'ulus

76 514 200 550 tenuit,
226 514 358 544 restitui
383 514 486 544 facias
511 515 582 544 suis
607 514 803 550 heredibus,
831 515 858 544 si
880 514 936 553 qui
958 517 1079 547 extant,

79 566 255 597 tenendam
283 566 323 596 ab
352 567 435 605 ipso,
463 566 513 597 vel
538 567 614 602 sibi,
641 567 669 597 si
694 576 759 597 non
785 571 871 597 extat
896 565 1017 604 aliquis
1043 565 1081 595 de

76 619 273 658 predictis¹;
296 619 394 649 aliam
411 628 541 658 quoque
564 620 696 657 petiam,
716 620 750 648 in
767 619 913 649 Altorolo
929 618 1080 656 positam,

78 680 178 710 quam
204 680 223 701 a
248 672 334 701 dicto
359 672 561 702 monasterio
585 672 704 702 Sancte
732 672 836 702 Mai-ie
865 671 904 701 de
936 670 1079 708 Regula,

79 723 174 754 titulo
190 723 373 760 locationis,
393 724 512 755 asserit
530 733 564 755 se
581 729 704 760 tenere,
723 725 787 754 sibi
801 725 925 763 absque
943 723 1082 753 difficul-

79 779 145 806 tate
161 776 328 812 restituas,
348 777 377 806 si
393 776 494 806 abbas
511 776 657 816 ejusdem
677 777 885 810 monasterii,
906 786 923 805 a
943 780 971 806 te
987 784 1082 805 voca—

79 832 148 864 tus,
170 837 279 858 coram
302 833 331 859 te
351 829 579 867 recognoverit
601 829 647 859 ita
670 838 760 864 esse;
783 829 969 867 supradicte
992 828 1082 858 curie

78 880 243 911 Medicine
265 890 302 911 ac
323 881 460 919 predicti
481 882 674 911 monasterii
694 886 724 911 et
746 881 831 911 alius
852 880 1029 920 cujuslibet
1047 880 1080 909 in

77 932 233 963 omnibus
252 933 326 972 jure
349 933 450 963 salvo.
474 934 545 963 Dat.
572 934 719 969 Perusii,
743 935 771 963 V
792 933 866 963 idus
883 933 971 972 julii,
996 941 1081 962 anno

76 993 176 1015 nono.
195 997 208 1012 υ

149 1148 264 1177 Εῧῖἵ
619 1149 756 1182 Perouse,
770 1149 803 1176 13
818 1149 917 1182 juillet
931 1148 1008 1175 1235.

113 1209 380 1244 Archipresbytero
400 1210 435 1237 de
452 1210 556 1237 Monte
571 1210 694 1242 Catino,
711 1210 847 1236 Lucanae
862 1209 1018 1241 dioecesis,
1035 1209 1081 1235 cui

77 1257 150 1284 olim
165 1258 227 1292 ipse
240 1266 316 1292 papa
331 1266 448 1285 causam
463 1253 540 1285 inter
553 1258 690 1285 abbatem
708 1258 743 1284 de
760 1258 860 1290 Sexto,
870 1265 905 1283 ex
917 1265 975 1284 una
989 1260 1080 1291 parte,

79 1309 109 1333 et
122 1306 349 1334 Cremonensem
366 1307 507 1340 judicem,
524 1306 620 1333 civem
637 1306 804 1338 Lucanum,
821 1313 857 1331 ex
872 1306 979 1338 altera,
996 1313 1082 1338 super

80 1355 178 1388 terris,
195 1355 426 1390 possessionibus
440 1358 468 1382 et
483 1355 569 1382 rebus
582 1355 650 1381 aliis
665 1354 702 1381 ad
718 1354 928 1380 monasterium
943 1354 979 1380 (le
994 1354 1082 1380 Sexto

79 1403 298 1438 spectantibus,
324 1406 454 1430 exortam
465 1425 471 1436 ,
497 1403 700 1435 commiserat,
728 1402 851 1429 mandat
875 1405 1018 1436 quatenus
1045 1402 1081 1428 ad

80 1451 333 1478 examinationem
350 1451 544 1485 quorumdam
560 1451 680 1478 testium
691 1472 697 1483 ,
714 1459 810 1477 coram
827 1450 1081 1484 archipresbytero

80 1499 156 1534 ipso,
173 1500 226 1527 lite
239 1502 412 1532 contestata,
427 1508 478 1534 per
494 1499 629 1526 eumdem
646 1499 782 1526 abbatem
799 1499 1017 1533 productorum,
1032 1499 1081 1532 qui

77 1548 396 1576 excommunicatmnis
415 1549 536 1575 vinculo
556 1548 743 1580 tenebantur,
761 1548 838 1574 unde
855 1547 985 1581 ipsorum
1001 1547 1081 1573 dicta

75 1605 137 1624 non
150 1597 300 1629 valebant,
316 1597 462 1631 procedat.
475 1611 507 1615 —
519 1597 605 1629 (Bm.
619 1596 664 1629 18,
679 1598 699 1623 f.
711 1596 745 1623 49
758 1599 804 1628 v⁰;
819 1604 888 1623 ann.
902 1596 954 1628 IX,
969 1604 994 1622 c.
1006 1595 1081 1627 145.)

117 1709 132 1724 «
162 1719 180 1726 ..
210 1698 463 1735 archipresbitero
487 1698 520 1727 de
540 1698 637 1727 Monte
653 1698 778 1732 Carino,
806 1698 924 1725 Lucane
944 1697 1079 1726 diocesis.

78 1751 126 1781 Ex
145 1754 238 1788 parte
255 1749 367 1780 dilecti
382 1768 431 1779 —.
453 1751 528 1780 Dat.
551 1750 694 1785 Perusii,
718 1751 768 1780 111
791 1749 865 1779 idus
882 1749 972 1788 julii,
994 1758 1081 1779 anno

72 1811 172 1834 nono.
192 1814 206 1830 »

145 1965 263 1993 2628

110 2026 230 2054 Decano
243 2029 271 2054 et
287 2027 416 2061 capitulo
432 2027 644 2054 Leodiensibus
659 2027 807 2061 significat
820 2036 849 2054 se
859 2027 1081 2061 deputationem

75 2073 114 2101 ab
133 2074 175 2102 eis
198 2075 306 2102 factam
325 2075 475 2102 canonicis
497 2075 705 2107 residentibus,
727 2075 775 2109 qui
799 2075 913 2101 divinis
934 2075 1081 2109 obsequiis

77 2123 231 2150 nocturnis
245 2125 273 2150 et
288 2123 403 2150 diurnis
420 2123 508 2156 horis,
525 2123 581 2150 nisi
596 2131 683 2150 causa
696 2123 872 2149 minutionis
885 2124 932 2149 vel
946 2123 1005 2149 alia
1021 2123 1081 2150 ine-

78 2171 199 2198 vitabili
214 2171 388 2198 necessitate
402 2171 528 2198 fuissent
540 2168 715 2206 praepediti,
730 2171 868 2198 continue
880 2171 1080 2204 interfuerint,

81 2219 118 2246 de
130 2219 296 2246 redditibus
308 2219 449 2246 villarum
466 2220 502 2246 de
519 2219 673 2252 Marrinis,
687 2220 723 2246 de
738 2219 932 2252 Pondrelues,
950 2219 984 2246 de
998 2219 1081 2246 Lati-

80 2275 148 2301 nes,
162 2267 198 2294 de
215 2267 315 2294 Hallei
332 2268 449 2302 Lepetit
461 2270 489 2294 et
503 2268 539 2294 de
553 2268 664 2300 Tilves,
683 2268 866 2294 confirmare.
883 2282 915 2286 —
933 2268 1019 2298 (Rae.
1036 2268 1080 2300 18,

75 2317 98 2343 f.
111 2315 147 2343 49
162 2318 208 2348 v⁰;
224 2324 294 2342 ann.
311 2315 364 2348 IX,
379 2323 404 2342 0.
421 2315 494 2346 146.)

635 1983 643 1989 -
653 1966 790 1998 Perouse,
804 1966 838 1992 14
853 1965 913 1992 mai
929 1965 1008 1992 1235.

116 2428 130 2444 ι(
155 2439 176 2445 ..
200 2417 312 2445 decano
336 2421 362 2445 et
386 2416 522 2453 capitulo
544 2415 762 2444 Leodiensibus.
791 2415 837 2444 Ea
861 2423 924 2453 que
949 2423 1007 2452 pro
1029 2432 1078 2443 —-.

75 2470 150 2500 Dat.
168 2469 312 2504 Perusfi,
334 2469 366 2498 II
383 2468 458 2498 idus
476 2468 567 2503 maii,
586 2476 672 2497 anno
691 2476 786 2497 nono.
811 2479 824 2494 »

145 2633 262 2661 2829
618 2631 755 2664 Perouse,
770 2630 804 2657 10
815 2631 915 2664 juillet
929 2630 1008 2657 1235.

113 2695 271 2729 Episcopo,
287 2694 397 2721 decano
410 2695 439 2721 et
458 2693 571 2720 cantori
586 2691 861 2726 Engolismensibus
874 2691 996 2719 mandat
1009 2699 1081 2725 qua-

108 2807 130 2831 1.
149 2807 170 2830 Il
186 2807 289 2830 semble
306 2807 371 2837 qu'il
390 2807 464 2830 taine
484 2806 617 2830 entendre
633 2812 638 2829 :
657 2814 668 2827 (ι
685 2805 794 2828 restitui
814 2805 898 2828 facias
914 2804 1080 2827 haeredibus

75 2851 210 2883 praedicti
225 2851 339 2880 Zuffun‚
355 2851 378 2875 si
394 2851 441 2881 qui
456 2853 564 2878 extant,
581 2849 727 2873 tenendam
743 2850 776 2872 ab
796 2849 857 2879 ipso
877 2848 1022 2877 Pultrone,
1037 2848 1080 2871 vel

78 2895 166 2919 eidem
182 2895 317 2926 Pultroni,
334 2895 357 2919 si
372 2901 428 2919 non
443 2897 519 2918 extat
531 2894 631 2924 aliquis
647 2894 681 2917 de
696 2893 860 2917 haeredibus
876 2892 998 2922 ejusdem
1015 2892 1080 2915 Zuf-

70 2939 132 2964 ΝΠ.
149 2947 162 2962 1)

195 2988 382 3020 (1311001110
400 2995 451 3026 1x‚
470 2997 488 3019 t.
507 2995 543 3019 11.

1164 357 1247 381 tenus
1263 356 1579 383 excommunicationis
1595 356 1755 383 sententias
1767 356 1803 383 ab
1815 357 1946 391 operario
1959 357 2060 384 Sancti
2075 357 2163 385 Seve-

1163 403 1220 429 rini
1243 405 1439 437 promulgatas
1465 405 1492 431 in
1515 405 1654 439 quosdam
1675 405 1783 439 priores
1808 409 1836 431 ct
1858 406 1948 437 alios,
1974 406 2022 439 qui
2044 406 2160 432 cuidam

1162 451 1292 485 episcopi
1314 451 1522 485 Tornacensis,
1540 453 1725 486 Apostolicae
1750 453 1834 479 Sedis
1855 454 1958 486 legati,
1982 454 2011 480 in
2034 455 2160 481 favorem

1168 499 1201 525 R.
1220 499 1374 531 Bernardi,
1392 500 1496 534 prioris
1512 501 1651 527 ecclesiae
1667 501 1702 527 de
1718 501 1832 533 Manso,
1850 501 2009 535 provisioni
2026 510 2055 527 se
2074 509 2163 535 oppo-

1164 548 1282 581 nebant,
1305 549 1457 582 publicent
1481 552 1509 576 ct
1532 549 1642 575 saciant
1663 549 1827 580 observari:
1845 549 1938 575 eidem
1962 550 1996 576 R.
2019 550 2162 576 Bernardi

1163 596 1273 622 saciant
1289 596 1325 622 ab
1344 597 1492 630 aliquibus
1513 598 1697 623 monasteriis
1713 606 1761 623 scu
1778 597 1908 623 ecclesiis
1923 597 2159 630 Burflegalennis,

1162 644 1343 675 Vasatcnsis,
1361 646 1544 676 Agonnvnsis
1565 648 1592 672 ut
1613 645 1800 672 (flatum-ensis
1820 646 1976 672 civitatum
1999 649 2027 672 et
2047 646 2161 672 dioece-

1162 692 1237 718 sium
1247 693 1275 718 in
1287 701 1383 719 annuo
1393 693 1507 720 rmlrlitu
1520 693 1626 727 viginti
1640 702 1801 719 marcarum
1815 693 1971 727 provideri.
1981 708 2011 711 —
2022 694 2107 724 (11150.
2118 693 2162 725 18,

1164 741 1182 766 f.
1198 740 1231 767 49
1248 744 1292 771 v⁰;
1307 749 1376 767 ann.
1395 741 1451 773 lx,
1466 741 1619 772 ‹÷.147;—
1633 741 1764 768 Monam
1778 741 1856 773 1190,
1875 742 1894 767 s.
1911 741 1967 771 83.)

1204 839 1216 853 (t
1244 849 1263 855 ..
1287 829 1430 864 episeopo,
1457 850 1473 855 ..
1499 828 1610 856 decano
1633 833 1658 856 ec
1685 850 1703 855 ..

1163 878 1309 908 Dilectus
1332 878 1419 907 tilius
1440 880 1479 909 R.
1506 879 1682 913 Bernardi,
1707 879 1796 917 prior
1815 879 1952 909 ecclesie
1974 879 2012 909 ‹le
2036 880 2161 913 Manso,

1163 931 1257 960 nobis
1277 931 1426 968 exposuit
1445 931 1545 969 quod,
1563 940 1636 960 cum
1655 940 1713 960 nos
1729 931 1823 961 olim,
1843 931 2048 961 attendentes
2065 931 2161 970 quod.

1163 988 1237 1012 ante
1255 992 1366 1020 pacem
1382 983 1466 1012 inter
1479 983 1621 1012 nobilem
1639 983 1745 1011 virum
1762 1006 1781 1011 ..
1797 983 1949 1012 comitem
1965 983 2162 1013 Tolosanum

1163 1039 1193 1064 et
1216 1034 1395 1064 Ecclesiam
1421 1036 1646 1066 reformatam,
1666 1035 1736 1072 ipsc
1760 1044 1795 1064 ac
1817 1035 1884 1064 sui.
1905 1036 1945 1064 ad
1965 1035 2164 1065 ··x1101·tati0-

1163 1096 1237 1116 nem
1267 1091 1298 1116 et
1324 1087 1515 1116 mandatum
1546 1087 1726 1124 legatorum
1758 1087 1943 1125 Apostolicc
1970 1088 2082 1121 Sedis,
2106 1097 2164 1126 pro

1730 829 1851 856 cantori
1876 829 2161 864 Iirzyolistrwnsibus.

1162 1140 1354 1169 defensione
1374 1140 1449 1169 [idei
1466 1140 1578 1169 multis
1598 1149 1631 1169 se
1650 1140 1805 1177 periculis
1823 1146 2032 1178 exponentes.
2051 1141 2161 1177 gravia

1162 1193 1371 1222 incurrerant
1392 1192 1600 1222 detrimenta.
1626 1198 1666 1227 et,
1692 1197 1800 1230 preter
1824 1198 1961 1222 mortem
1984 1194 2163 1223 amicorum

1163 1249 1193 1274 et
1209 1245 1372 1274 sociorum
1385 1249 1415 1274 et
1430 1244 1494 1274 alia
1509 1245 1702 1274 discrimina
1720 1254 1945 1283 personarum.
1963 1252 2046 1275 terro:
2062 1246 2164 1283 patris

1162 1296 1267 1334 ipsius
1290 1300 1320 1325 et
1342 1301 1515 1334 parentum
1539 1305 1674 1325 snorum
1695 1297 1825 1325 fuerant
1844 1297 1884 1325 al·
1900 1297 1970 1334 ipso
1990 1298 2106 1327 comite
2126 1306 2163 1327 ae

1163 1348 1232 1377 suis
1253 1348 1468 1386 complicibus
1490 1349 1672 1379 devastate.
1691 1358 1750 1378 nec
1768 1358 1830 1378 non
1854 1350 2069 1387 quorumdam
2087 1359 2164 1379 con-

1163 1401 1420 1437 sanguineorum
1457 1401 1527 1439 ejus
1565 1406 1670 1430 castra
1708 1410 1790 1439 pene
1824 1402 1954 1439 pruinis
1987 1401 2161 1440 dissipata.

1162 1452 1326 1491 idemque,
1345 1453 1434 1490 pacis
1451 1458 1481 1482 et
1494 1453 1569 1482 [idei
1581 1454 1747 1490 negotium
1767 1454 2003 1491 prosequendo.
2019 1454 2159 1491 propriis

1162 1509 1193 1534 et
1229 1510 1401 1542 parentum
1436 1505 1531 1534 bonis
1564 1506 1783 1543 consumptis,
1819 1506 2063 1544 subtractis-lue
2100 1506 2164 1535 sihi

1162 1558 1262 1588 etiam
1285 1557 1456 1587 beneficiis
1477 1558 1548 1587 suis
1573 1557 1669 1595 longo
1695 1563 1838 1596 tempore
1864 1568 1881 1587 a
1906 1559 2023 1587 comite
2050 1568 2165 1596 snpra-

1162 1611 1259 1644 dicto,
1278 1611 1390 1648 gravia
1407 1611 1553 1640 subierat
1570 1620 1669 1640 onera
1688 1611 1885 1643 debitorum,
1904 1612 2084 1641 venerabili
2104 1613 2166 1641 fra-

1162 1664 1204 1693 tri
1219 1656 1330 1693 nostro
1349 1686 1368 1691 ..
1387 1663 1538 1701 episcopo
1551 1664 1764 1698 Tornacensi,
1779 1668 1854 1693 tnnc
1869 1665 2053 1701 Apostolice
2071 1665 2165 1694 Sedis

1161 1716 1280 1754 legato,
1300 1716 1488 1745 dederimus
1505 1716 1628 1746 nostris
1644 1716 1765 1746 litteris
1784 1717 1816 1745 in
1834 1717 2008 1746 mandatis.
2028 1722 2059 1745 nt
2078 1718 2164 1746 infra

1161 1769 1337 1806 legationis
1365 1778 1423 1798 sue
1450 1770 1533 1798 fines
1556 1778 1614 1798 seu
1643 1769 1677 1798 in
1705 1769 1827 1799 diocesi
1857 1770 2030 1799 Vasatvnsi
2059 1770 2163 1799 eidem

1162 1822 1356 1852 auctoritate
1380 1826 1492 1851 nostra
1518 1821 1628 1851 taliter
1652 1821 1848 1859 provideret,
1867 1821 1953 1860 quod
1976 1822 2005 1851 ci
2029 1827 2112 1851 esset
2131 1822 2164 1850 in

1162 1879 1253 1904 tanta
1270 1874 1483 1904 tribulatione
1500 1874 1675 1909 solacium,
1697 1879 1728 1904 et
1744 1874 1800 1903 alii
1818 1874 1972 1904 deberent
1993 1875 2109 1904 merito
2125 1875 2164 1904 ad

1162 1927 1307 1957 Ecclesie
1324 1927 1497 1956 servitium
1514 1927 1655 1956 animari
1674 1937 1680 1955 :
1699 1927 1805 1956 dictus
1822 1927 1993 1965 episcopus
2010 1928 2044 1956 in
2061 1927 2165 1957 eccle-

1161 1981 1211 2010 sia
1228 1981 1346 2010 Sancte
1364 1980 1466 2009 Marie
1482 1980 1520 2009 de
1538 1981 1649 2014 Portu,
1665 1984 1696 2009 et
1713 1980 1746 2009 in
1762 1980 1908 2018 prioratu
1921 1980 2031 2009 Sancti
2049 1981 2163 2009 Sacer-

1160 2032 1245 2062 dotis
1260 2041 1295 2062 ac
1312 2032 1346 2061 in
1361 2032 1560 2061 monasterio
1576 2032 1614 2061 de
1630 2032 1804 2062 Aureliaco
1826 2032 1984 2070 quosdam
2001 2032 2160 2066 redditus,

1162 2089 1193 2115 et
1218 2085 1399 2122 prioratum
1433 2085 1470 2113 de
1499 2084 1671 2118 Causdrot,
1695 2093 1753 2122 per
1781 2084 1941 2122 quosdam
1974 2088 2163 2114 executores

1163 2138 1328 2175 assignari
1350 2138 1427 2167 tecit
1445 2137 1562 2169 eidem,
1586 2142 1616 2167 et
1633 2137 1667 2166 111
1684 2137 1941 2167 contradictores
1958 2136 2050 2176 [etc.]‚
2070 2146 2164 2167 man-

1163 2190 1245 2220 dans
1268 2190 1506 2219 nichilominus
1525 2190 1707 2219 venerabili
1731 2190 1826 2219 fratri
1846 2195 1957 2219 nostro
1975 2213 1994 2218 ..
2013 2190 2164 2228 episcopo

1163 2243 1338 2272 Vasatcnsi
1356 2247 1386 2272 et
1402 2242 1536 2279 collegis
1549 2242 1630 2276 suis,
1647 2242 1726 2271 utin
1739 2242 2046 2272 diocesiVasatensi
2057 2242 2162 2272 eidem

1162 2296 1197 2324 in
1221 2295 1331 2325 decem
1348 2304 1532 2324 marcarum
1550 2303 1660 2324 annuo
1683 2294 1811 2324 redditu
1829 2295 2055 2333 providerent;
2078 2295 2164 2333 quod

1162 2348 1264 2378 iidem
1287 2347 1414 2377 efficere
1441 2356 1504 2376 non
1531 2351 1700 2376 curarunt.
1722 2347 1816 2378 Unde
1843 2356 1917 2381 nos,
1942 2347 2162 2385 provisionem

1163 2400 1242 2429 dicti
1258 2399 1356 2435 legati
1374 2404 1477 2429 ratam
1494 2399 1666 2430 habentes,
1687 2399 1751 2428 sibi
1770 2408 1868 2437 super
1886 2408 1923 2429 ea
1941 2398 2162 2429 venerabilem

1163 2453 1298 2482 fratrem
1316 2457 1464 2482 nostrum
1484 2475 1502 2480 ..
1521 2452 1710 2489 episcopum
1726 2456 1755 2481 et
1776 2475 1795 2480 ..
1812 2452 2013 2490 prepositum
2030 2451 2163 2481 Tolosa-

1164 2514 1234 2539 nos,
1262 2509 1330 2534 et..
1349 2505 1500 2534 abbatem
1529 2504 1797 2534 Pariniacensem
1821 2504 1860 2533 ad
1884 2509 2008 2533 certum
2037 2508 2163 2541 tempus

1162 2562 1412 2587 conservatores
1429 2557 1581 2586 duximus
1598 2557 1812 2594 deputandos.
1831 2557 1972 2586 Pret'atis
1989 2565 2064 2585 vero
2081 2555 2162 2593 epis-

1163 2619 1242 2648 copo
1259 2615 1289 2640 et
1305 2611 1471 2648 preposito
1489 2633 1508 2638 ..
1525 2610 1675 2647 operario
1691 2610 1803 2639 Sancti
1821 2609 1982 2642 Severini,
1998 2618 2033 2638 ac
2050 2608 2162 2638 eodem

1164 2663 1281 2693 abbate
1315 2686 1335 2691 ..
1369 2662 1576 2692 thesaurario
1608 2661 1847 2699 Burdegalensi
1881 2660 2162 2690 committentibus

1164 2724 1262 2753 super
1287 2715 1347 2744 hoc
1371 2715 1514 2744 totaliter
1537 2714 1624 2743 vices
1648 2722 1736 2747 suas,
1760 2713 1846 2742 idem
1869 2713 2050 2750 operarius.
2076 2712 2162 2741 dicto

1164 2767 1371 2797 thesaurario
1388 2771 1541 2796 excusato
1558 2766 1720 2803 legitime,
1739 2765 1847 2795 citatis
1865 2764 1988 2802 pluries
2007 2786 2026 2792 ..
2049 2763 2160 2793 Sancti

1164 2819 1314 2857 Caprasii
1331 2824 1360 2848 et
1380 2842 1398 2847 ..
1417 2820 1535 2848 Sancte
1550 2818 1652 2848 Marie
1666 2817 1704 2847 de
1722 2818 1821 2847 Portu
1838 2821 1867 2846 et
1886 2839 1905 2844 ..
1923 2816 2035 2845 Sancti
2052 2816 2162 2845 Sacer—

1163 2872 1249 2902 dotis
1272 2872 1452 2910 prioribus,
1478 2876 1507 2901 et
1530 2870 1672 2908 capitulo
1700 2869 1811 2899 Sancti
1827 2869 1988 2906 Caprasii,
2013 2876 2072 2897 nec
2096 2875 2161 2896 non

1165 2925 1342 2960 Aimerico‚
1359 2924 1517 2954 canonico
1533 2923 1571 2952 de
1587 2922 1718 2953 Arenis,
1734 2921 1790 2960 qui
1806 2921 1932 2959 prefato
1948 2920 2049 2959 priori
2065 2928 2163 2957 super

2026 2985 2040 3008 S
