2519 3518
146 282 219 313 ¹237
991 275 1212 313 Dominus
1235 275 1393 312 ANNI-313.
2164 288 2238 318 ,233

145 371 163 377 ..
180 349 443 379 Warmaciensis
462 350 646 388 episcopus,
665 358 818 379 asserens
835 358 869 379 se
883 358 981 387 super
994 349 1146 378 roforma-

143 401 231 432 tione
247 402 353 440 ipsius
377 403 570 432 monasterii
592 403 630 432 de
656 403 727 441 ipso
748 403 872 439 ordine,
897 402 945 431 vel
969 402 1006 431 de
1023 402 1148 432 Cister-

142 453 259 489 ciensi,
282 455 309 484 si
328 454 424 485 aliter
447 455 619 485 reformari
646 464 709 484 non
734 459 854 493 posset,
874 459 1002 483 nostras
1021 454 1148 483 lun—ras

142 507 318 544 recepisse,
337 509 387 543 A„
406 508 572 546 quondam
594 507 739 546 ejusdem
758 507 950 536 monasterii
967 506 1147 540 abbatissa,

142 559 182 588 ad
199 569 292 589 suam
311 561 505 590 instantiam
525 561 655 590 abbatie
673 561 821 597 regimen
839 560 1038 597 resignante,
1060 560 1148 597 ipsas

143 612 271 647 exinde,
300 613 391 643 nulla
412 614 632 652 inquisitione
654 613 837 651 prehabita,
863 622 922 642 nec
946 614 1031 642 sacta
1056 612 1148 649 copia

144 665 294 704 rescripti
310 666 481 704 apostolici
498 675 556 704 per
572 666 657 705 quod
672 666 847 704 procedere
865 675 899 695 se
913 665 1052 695 dicebat.
1071 665 1149 693 fecit

143 717 217 751 eici,
240 727 296 755 pro
319 728 377 747 sue
402 719 496 748 libito
521 719 711 753 voluntatis,
738 728 801 748 non
826 719 950 757 absque
970 718 1148 756 injectione

142 779 300 800 manuum
323 781 427 810 usque
446 772 485 801 ad
504 772 700 801 effusionem
720 772 894 809 sanguinis
912 771 1066 800 violenta.
1084 771 1149 800 Ve-

142 832 226 857 rum,
245 823 321 853 licet
338 825 543 862 postmodum
560 824 667 854 dictus
685 825 858 862 episcopus
871 833 936 856 eas,
950 832 1148 853 consensum

142 876 328 913 prebentes,
346 877 520 907 incluserit
536 877 570 906 in
588 877 789 907 monasterio
801 877 1000 915 supradicto,
1016 886 1052 905 ac
1066 877 1147 914 ipse,

142 928 293 958 invocata
310 930 454 967 Spiritus
472 930 584 960 Sancti
601 930 718 967 gratia,
736 931 787 963 D„
807 929 985 958 monialem
1001 929 1148 967 ejusdem

142 982 310 1019 providam
332 987 363 1012 et
385 982 572 1017 discretam,
591 982 631 1012 ad
648 982 755 1020 ipsius
772 983 919 1019 regimen
937 982 1094 1011 canonice
1113 991 1149 1011 ac

141 1035 347 1065 concorditer
363 1035 551 1072 elegissent,
572 1035 813 1065 nichilominus
834 1040 952 1070 tamen,
972 1039 1097 1063 mutata
1114 1035 1147 1063 in

140 1088 343 1117 contrarium
365 1088 543 1123 voluntate,
573 1098 630 1126 pro
656 1097 692 1118 eo
715 1088 800 1126 quod
823 1088 862 1117 ab
887 1088 958 1125 ipso
983 1087 1149 1126 quandam

140 1148 271 1169 crucem
290 1145 321 1170 et
343 1140 479 1170 calicem
503 1150 621 1170 aureos
645 1145 675 1170 et
694 1140 759 1169 alia
779 1144 988 1175 ornamenta,
1017 1144 1148 1169 centum

141 1201 268 1222 marcas
285 1193 441 1227 valentia,
459 1202 522 1232 que
549 1193 588 1223 ab
606 1194 719 1223 eodem
738 1193 939 1223 monasterio
960 1193 1083 1222 auferri
1101 1194 1149 1222 fe-

140 1250 240 1281 cerat,
265 1246 467 1284 repetebant,
499 1246 606 1276 denuo
635 1246 764 1279 exinde,
791 1251 890 1276 utens
918 1246 1060 1280 viribus,
1085 1255 1149 1275 non

140 1298 222 1337 jure,
246 1308 301 1328 eas
322 1299 484 1328 violenter
508 1299 624 1337 ejecit;
650 1303 781 1337 propter
805 1299 891 1337 quod
912 1299 982 1336 ipse
1004 1303 1149 1328 nostram

141 1352 345 1381 audientiam
364 1352 584 1390 appellarunt.
599 1352 661 1382 Sed
677 1352 824 1390 prefatus
841 1352 1024 1390 episcopus,
1044 1351 1150 1390 appel-

140 1403 513 1443 lationecontempta,in
525 1414 580 1434 eas
591 1405 1151 1434 excommunicationissententiam

142 1457 373 1495 promulgavit,
405 1462 448 1492 et,
477 1457 618 1487 intrusis
654 1458 853 1496 quibusdam
886 1457 1087 1487 monialibus
1116 1458 1149 1487 in

140 1510 341 1539 monasterio
358 1510 556 1548 supradicto,
577 1510 703 1548 prefate
717 1512 768 1542 A..
787 1511 952 1548 quondam
971 1510 1149 1545 abbatisse,

141 1567 264 1600 septem
291 1563 532 1601 prebendarum
559 1567 589 1592 et
616 1562 663 1601 [..]
691 1563 795 1592 sorori
822 1563 968 1602 ejusdem
991 1565 1029 1593 A.
1050 1564 1151 1593 unius

140 1615 306 1653 prebende
324 1616 484 1649 redditus,
504 1616 745 1654 percipiendos,
767 1616 959 1655 ubicunque
976 1621 1098 1647 essent.
1116 1617 1151 1646 in

141 1668 254 1698 eodem
268 1669 480 1701 monasterio,
492 1668 609 1698 illicite
619 1669 788 1706 deputavit
798 1679 803 1704 3
815 1678 875 1698 nec.
887 1669 952 1698 hiis
964 1673 1150 1704 contentus,

141 1730 215 1750 cum
239 1721 351 1751 eadem
376 1722 414 1751 A.
432 1721 517 1750 bona
535 1722 641 1759 ipsius
658 1722 852 1751 monasterii
873 1722 1052 1751 enormiter
1069 1722 1152 1751 dila-

142 1775 231 1813 pidat
253 1779 284 1804 et
305 1775 481 1810 consumit,
507 1775 541 1804 in
566 1784 679 1805 earum
704 1779 734 1804 et
755 1775 949 1805 monasterii
971 1775 1151 1813 supradicti

142 1837 240 1865 grave
257 1827 467 1865 dispendium
476 1832 515 1857 ⁴et
528 1828 705 1866 jacturam.
727 1828 835 1864 Quare
850 1828 1005 1865 petebant
1021 1837 1039 1857 a
1058 1828 1152 1857 nobis

142 1885 177 1909 ut
194 1881 355 1918 prefatam
375 1881 728 1910 excommunicationis
746 1881 946 1910 sententiam
960 1881 1151 1910 denuntiari

143 1933 280 1968 nullam,
299 1938 329 1963 et
348 1934 497 1964 revocari
518 1943 572 1964 eas
600 1934 639 1963 ad
662 1934 901 1964 monasterium
922 1939 1150 1967 memoratum,

142 1987 283 2016 intrusis
298 1986 427 2021 amotis,
448 1995 507 2016 nec
526 1995 589 2015 non
607 1986 715 2016 ablata
729 1986 811 2024 ipsis
829 1996 846 2015 a
860 1987 985 2024 prefato
1000 1987 1152 2024 episcopo

143 2039 286 2072 restitui,
305 2043 336 2068 et
354 2038 544 2068 confirmari
561 2038 757 2068 electionem
774 2038 910 2068 eandem
931 2042 1088 2076 tanquam
1103 2048 1152 2068 ca-

145 2092 297 2121 nonicam
323 2092 521 2121 faceremus.
546 2091 628 2127 Quia
649 2100 726 2121 vero
748 2091 843 2121 nobis
865 2101 929 2121 non
947 2092 1095 2121 constitit
1114 2093 1153 2122 de

144 2145 328 2183 premissis,
348 2145 517 2181 negotium
536 2144 645 2182 ipsum
665 2144 735 2175 tihi.
757 2145 795 2174 de
813 2154 876 2182 quo
891 2144 1020 2182 plenam
1038 2146 1071 2174 in
1088 2146 1154 2175 Do-

143 2198 234 2227 mino
250 2197 405 2227 fiduciam
423 2197 581 2235 gerimus,
607 2197 761 2226 duximus
783 2197 1066 2228 committendum.
1086 2198 1153 2227 fra-

144 2250 294 2280 ternitati
316 2255 370 2279 tue
393 2259 451 2288 per
474 2249 654 2287 apostolica
679 2249 801 2287 scripta
826 2249 1021 2279 mandantes
1039 2255 1154 2288 quate-

145 2312 219 2338 nus,
247 2302 467 2341 personaliter
495 2302 653 2332 accedens
681 2302 721 2331 ad
749 2301 856 2331 locum
886 2307 917 2331 et
942 2302 1068 2332 habens
1098 2312 1154 2340 pre

144 2355 250 2385 oculis
269 2355 375 2385 solum
394 2356 511 2389 Deum,
530 2355 693 2393 inquisita
710 2363 808 2392 super
827 2355 1000 2392 premissis
1016 2355 1154 2392 diligen-

146 2408 211 2438 tius
222 2408 371 2442 veritate,
391 2407 585 2445 superhiis¹
597 2407 684 2445 quod
695 2407 891 2436 canonicum
909 2408 1019 2443 suerit,
1035 2407 1154 2446 ap[pel-

144 2460 280 2499 latione]
303 2459 463 2499 re[mota],
491 2460 686 2499 decer[nas],
715 2469 750 2489 ac
775 2460 920 2497 corrigas
942 2464 973 2490 et
994 2461 1155 2490 reformes

145 2513 279 2549 ibidem,
306 2522 369 2551 que
396 2512 599 2542 correctione
622 2521 658 2541 ac
681 2512 917 2542 reformatione
941 2517 1018 2541 sunt
1042 2513 1151 2550 digna.

145 2567 215 2603 Que
234 2575 310 2596 vero
327 2574 383 2604 per
401 2565 543 2595 eundem
563 2565 753 2603 episcopum
770 2565 939 2595 inveneris
956 2565 1040 2594 inibi
1057 2574 1155 2602 regu-

144 2619 260 2649 lariter
276 2619 438 2653 ordinata,
457 2619 626 2648 firmitatis
641 2618 742 2648 robur
765 2618 868 2647 facias
891 2618 1056 2653 obtinere;
1081 2627 1155 2656 pro—

145 2673 216 2702 viso
235 2672 395 2702 attentius
412 2676 446 2700 ut
465 2671 502 2701 de
524 2680 619 2701 cruce
642 2675 673 2701 et
693 2671 794 2700 calice
819 2680 855 2700 ae
880 2670 956 2700 aliis
979 2680 1155 2700 ornamen-

144 2726 188 2755 tis
211 2725 368 2764 predictis
391 2724 478 2754 idem
503 2724 741 2753 monasterium
767 2724 899 2761 penitus
924 2723 1080 2753 reddatur
1103 2724 1156 2752 in-

146 2779 298 2816 dempne.
322 2777 588 2808 Contradictores
606 2794 654 2805 —.
673 2777 745 2805 Dat.
768 2776 933 2808 Laterani,
952 2777 979 2805 V
996 2775 1155 2805 kalendas

146 2831 320 2866 februarii,
339 2839 425 2860 anno
442 2830 646 2859 duodecimo.
667 2840 680 2857 »

181 2950 201 2975 1.
218 2952 267 2974 Ms.
287 2959 293 2973 :
312 2949 380 2974 heis.

1300 349 1417 376 4249
1810 352 2161 383 Lntran,101narsl‘239.

1266 410 1409 445 Episcopo
1422 412 1597 443 Amoliensi,
1617 415 1733 439 tenuem
1757 417 1865 440 statum
1886 415 2065 442 Amcliensis
2081 417 2232 448 ecclcsiae,

1230 467 1398 491 guerrarum
1417 460 1590 486 discrimine
1606 461 1735 493 attritae,
1752 463 1918 495 attende-ns,
1931 472 1944 487 (ι
1962 465 2114 490 ecclesiam
2131 466 2233 491 Sancti

1232 516 1244 531 1)
1268 508 1352 534 Pauli
1371 508 1406 534 dc
1424 509 1555 535 Loniano
1572 512 1616 538 (z
1633 510 1773 543 Lugnauo
1798 511 1825 537 in
1847 512 2015 543 'few-rina),
2037 522 2101 539 rum
2120 515 2233 547 capella

1231 563 1244 579 ³)
1267 556 1369 582 Sancti
1391 557 1509 588 Angvti,
1533 557 1626 583 cidem
1645 567 1771 589 annexa,
1797 560 1965 586 lisnninibus
1986 561 2039 586 los—i
2057 562 2186 594 ejusdem
2206 566 2233 588 et

1232 611 1246 628 1)
1267 604 1403 630 munibus
1421 605 1535 638 juribus
1551 614 1583 631 ac
1601 607 1789 639 portius—ntus
1807 608 1867 634 suis
1884 617 1908 639 a,
1925 609 2105 635 ΑΗΚ-11811313
2121 610 2234 636 (1111880-

1232 652 1281 682 sis,
1304 667 1334 669 —
1358 661 1413 686 qua
1434 653 1556 679 ccclesia
1577 654 1646 679 olim
1668 654 1728 688 ipse
1743 663 1817 688 papa
1833 656 1992 682 Heni-icum
2011 657 2046 683 dc
2064 658 2234 690 l'ariniano,

1231 700 1417 733 exigentibus
1437 701 1499 734 ejus
1520 702 1625 735 culpis,
1648 703 1826 735 privaverat,
1850 718 1879 721 ——
1903 704 1930 729 iu
1953 704 2044 738 ipsius
2061 706 2187 739 episcopi
2208 711 2233 732 ct

1231 748 1293 781 ejus
1313 757 1510 775 successormu
1533 758 1602 775 usus
1624 754 1762 783 perpetuo
1783 751 1967 778 retinendam
1992 754 2136 782 concedit,
2158 762 2171 778 (ι
2194 754 2235 780 ita

1232 805 1244 821 »
1267 801 1365 823 tamen
1381 798 1455 830 quod
1474 798 1537 831 ipsa
1549 798 1658 824 debitis
1673 807 1728 824 nou
1750 800 1900 826 fraudetur
1913 800 2059 834 obsequiis
2076 806 2103 827 vt
2119 802 2235 829 anima-

1232 852 1245 869 »
1267 853 1330 871 rum
1356 854 1425 871 vura
1450 846 1620 872 nullatenus
1642 847 1806 879 negligatur
1826 856 1849 874 ›).
1874 863 1907 865 —
1929 849 2014 880 (Rau.
2033 849 2076 881 19,
2099 851 2118 876 f.
2140 851 2173 876 76
2194 854 2233 882 r’;

1231 901 1300 919 ann.
1319 894 1386 925 XII,
1403 902 1427 919 c.
1445 894 1521 925 407.)

1273 1012 1285 1025 «
1311 1023 1329 1028 ..
1347 1001 1664 1037 episcoposlmeliensi.
1684 1002 1876 1031 Devotionis
1895 1007 1948 1032 tue
1965 1004 2080 1033 merita
2095 1022 2142 1035 —-.
2162 1006 2235 1034 Dat.

1233 1052 1398 1086 Laterani,
1416 1053 1459 1081 vt
1477 1052 1551 1081 idus
1568 1053 1691 1087 martii,
1705 1062 1792 1082 auno
1808 1054 2012 1085 duodecimo.
2033 1068 2044 1081 >i

1302 1252 1421 1280 4250

1269 1323 1282 1339 <‹
1298 1316 1329 1341 In
1348 1315 1473 1341 eundem
1490 1316 1548 1341 fere
1563 1316 1682 1342 modum
1694 1336 1710 1342 ..
1723 1316 1839 1342 Sutrino
1855 1319 1876 1341 ei
1888 1337 1905 1342 ..
1918 1319 2164 1349 Urlaawepisropis.
2176 1317 2237 1353 [Eis

1812 1254 1932 1286 Latran,
1947 1255 1980 1280 10
1996 1264 2072 1281 mars
2090 1256 2166 1283 1239.

1234 1364 1356 1389 mandat
1372 1368 1516 1397 quatenus
1539 1364 1651 1390 dictum
1671 1364 1840 1398 episcopum
1857 1373 1943 1398 super
1963 1366 2084 1392 ecclesia
2104 1367 2165 1400 ipsa
2182 1375 2237 1393 non

1234 1412 1409 1445 permittant
1427 1411 1600 1446 molestari]
1617 1413 1684 1439 Dat.
1703 1416 1733 1439 ut
1750 1421 1847 1446 supra.
1866 1421 1879 1438 »
1897 1427 1927 1431 —
1944 1414 2030 1445 <RE-,2
2046 1415 2088 1446 19,
2105 1416 2124 1441 1⁸.
2144 1416 2177 1441 76
2194 1419 2239 1446 r⁴².)

1305 1604 1418 1633 4751

1269 1667 1446 1694 Abbatissae
1462 1671 1490 1694 et
1511 1669 1671 1695 conventui
1688 1669 1860 1696 monasterii
1883 1670 2009 1696 Sanctae
2032 1670 2183 1697 Elisabeth
2207 1671 2242 1698 de

1236 1717 1324 1743 L'lmo
1349 1725 1398 1743 seu
1425 1717 1531 1749 L'tma,
1557 1717 1670 1743 ordinis
1693 1718 1788 1744 sancti
1818 1718 1975 1749 Damiani,
2005 1719 2241 1746 Constantiensis

1234 1765 1394 1799 dioecesis,
1422 1767 1553 1799 regulam
1578 1766 1655 1792 beati
1681 1767 1820 1793 Damiani
1847 1768 1990 1794 concedit.
2023 1782 2053 1785 ——
2082 1769 2168 1798 (um.
2195 1769 2241 1796 19.

1235 1816 1254 1840 f.
1270 1814 1303 1841 76
1318 1818 1355 1846 r⁰;
1368 1823 1437 1841 ann.
1453 1815 1520 1847 XII,
1538 1823 1562 1841 e.
1580 1815 1647 1847 4083
1665 1830 1697 1833 —
1713 1816 1994 1847 Ροττ1115τ10718.)

1815 1607 1934 1639 Latran,
1952 1607 1984 1633 15
2002 1608 2170 1635 1113131239.

1277 1934 1289 1948 «
1310 1945 1327 1950 ..
1347 1923 1491 1951 abbatisse
1510 1927 1535 1951 et
1557 1924 1721 1951 conventui
1745 1924 1924 1951 monasterii
1946 1923 2052 1953 Sancte
2076 1925 2240 1954 leisabeih

1235 1976 1268 2003 (Ie
1289 1976 1381 2009 Ulmo,
1409 1976 1528 2004 ordinis
1549 1977 1646 2004 sancti
1671 1976 1825 2006 Damiani,
1849 1976 2089 2005 Constaniiensis
2107 1978 2241 2006 diocesis.

1235 2027 1379 2057 Celestia
1395 2028 1612 2066 querentibus
1634 2028 1774 2058 terrenis
1790 2045 1836 2056 —.
1855 2029 1927 2057 Dat,
1946 2029 2111 2063 Laterani,
2131 2030 2242 2059 idibus

1236 2080 1358 2114 martii,
1380 2089 1467 2109 anno
1486 2080 1690 2110 duodecimo.
1711 2092 1724 2106 >³

1307 2278 1424 2306 4252

1273 2341 1370 2368 Priori
1384 2344 1412 2367 et
1432 2340 1573 2367 fratribus
1589 2341 1730 2367 ecclesiae
1746 2341 1781 2367 de
1796 2341 1922 2372 Quercu,
1943 2342 2056 2368 ordinis
2072 2343 2165 2369 sancti
2182 2344 2244 2370 Au-

1238 2391 1360 2423 gustini,
1378 2390 1531 2417 Trecensis
1547 2390 1699 2420 dioecesis,
1720 2405 1750 2408 —
1765 2390 1795 2416 in
1813 2399 1935 2424 quorum
1954 2391 2134 2424 praedictam
2150 2393 2243 2418 eccle-

1238 2439 1311 2465 siam
1327 2439 1363 2465 de
1377 2439 1504 2470 Quercu,
1522 2441 1592 2464 tunc
1610 2438 1764 2472 hospitale,
1782 2438 1934 2465 Trecensis
1950 2439 2113 2473 episcopus,
2129 2443 2244 2473 recepto

1237 2495 1254 2514 a
1277 2487 1352 2514 Sede
1370 2487 1541 2520 Apostolica
1563 2487 1686 2520 speciali
1710 2487 1860 2518 mandato,
1882 2490 1913 2513 ut
1936 2487 1966 2513 in
1994 2488 2153 2521 hospitalia
2175 2497 2243 2514 suae

1237 2535 1380 2562 dioecesis
1399 2543 1472 2569 quae
1489 2537 1599 2562 certam
1616 2536 1746 2569 regulam
1765 2543 1821 2561 non
1840 2535 1998 2567 habebant,
2015 2544 2103 2562 unam
2122 2536 2244 2562 induce-

1237 2587 1281 2610 ret
1294 2584 1330 2610 de
1341 2583 1534 2617 religionibus
1544 2583 1723 2617 approbatis,
1736 2584 1867 2617 regulam
1880 2583 1957 2610 beati
1968 2584 2139 2617 Augustini,
2155 2593 2241 2618 quam

1239 2632 1332 2665 magis
1347 2632 1388 2658 eis
1405 2632 1569 2658 crediderat
1584 2634 1804 2665 congruentem,
1816 2631 1984 2663 induxerat,
2000 2646 2031 2649 —
2046 2632 2191 2665 significat
2203 2641 2242 2665 se,

1238 2681 1310 2714 ipsis
1324 2680 1573 2714 supplicantibus,
1589 2680 1664 2713 quod
1681 2680 1717 2706 ab
1737 2680 1837 2706 eodem
1859 2680 1993 2713 episcopo
2011 2689 2097 2714 super
2118 2681 2171 2706 hoc
2188 2682 2244 2707 fac-

1238 2732 1300 2755 tum
1319 2730 1424 2761 fuerat,
1441 2729 1624 2755 confirmare.
1640 2742 1672 2746 —-
1686 2728 1773 2758 (Bm.
1784 2727 1828 2759 19,
1842 2729 1861 2754 f.
1875 2727 1908 2753 76
1924 2731 1961 2759 r⁰;
1974 2736 2043 2754 ann.
2059 2728 2126 2757 xil,
2139 2737 2163 2754 c.
2177 2728 2242 2760 409;

1239 2792 1270 2795 —
1284 2777 1418 2804 Moru-:Au
1432 2777 1511 2808 1192,
1529 2777 1548 2802 f.
1563 2776 1638 2807 271.)

1782 2279 1903 2310 Latran,
1920 2280 1954 2306 22
1970 2280 2170 2307 sevrier1239.

1280 2896 1292 2910 ι(
1316 2907 1332 2912 ..
1351 2885 1452 2921 priori
1467 2889 1493 2912 el
1508 2884 1657 2919 fratribus
1681 2884 1796 2911 ecclesie
1812 2883 1845 2910 tle
1863 2883 1989 2915 Ouercu,
2008 2883 2127 2911 ordinis
2144 2884 2244 2911 sancti

1239 2938 1417 2974 Augustini,
1446 2936 1596 2965 Treccnsis
1619 2936 1753 2964 diocesis.
1779 2934 1867 2964 Solet
1894 2943 2040 2964 annuere
2068 2935 2168 2964 Sedes
2195 2952 2244 2964 —.
