2519 3518
171 264 244 295 1073
1012 255 1233 294 nouztnME
1257 256 1413 293 ANNEE.
2186 271 2262 300 107⁴

237 331 349 359 443¹
757 331 878 363 Latran,
895 331 928 357 23
944 331 1007 365 juin
1022 329 1100 357 1238.

203 392 342 427 capitulo
357 393 481 420 Reatino
497 393 646 427 signifieat
659 401 688 420 se
704 395 832 419 statuere
849 396 879 419 ut
895 393 930 419 de
950 392 1087 418 omnibus
1107 399 1173 426 pro-

166 441 316 473 ventibus,
333 442 495 469 redditibus
514 445 543 469 et
564 441 700 468 censibus
721 442 861 468 ecclesiae
878 441 1021 468 Reatinae
1037 444 1170 474 quartam

168 493 280 524 partem
298 491 451 524 episcopus
469 489 612 517 Reatinus
630 490 743 523 integre
767 490 920 523 percipiat,
938 489 1032 516 tribus
1051 488 1172 522 reliquis

167 537 301 571 partibus
330 538 386 572 ipsi
414 538 544 572 capitulo
570 537 737 565 reservatis.
767 552 798 555 —
825 538 911 569 (Rea.
946 537 989 569 19,
1021 538 1040 563 i.
1073 537 1106 563 33
1131 539 1171 564 r‘:

168 593 237 612 ann.
260 586 328 618 xli,
343 595 367 613 c.
386 586 666 619 166:ef..‹up1·a.n·
681 586 774 615 4261.)

209 697 222 712 α
244 686 384 724 Capitulo
400 687 536 716 Reatino.
551 686 632 717 Cum
645 685 734 722 olim,
755 694 812 724 pro
828 686 1059 715 communione
1075 685 1171 715 hono-

167 746 240 767 rum
258 737 396 768 ecclesie
417 738 568 773 Reatine,
587 746 650 776 que
667 746 685 767 a
704 737 888 768 venerabili
905 738 1006 768 fratre
1023 742 1134 767 nostro
1153 761 1171 766 ,.

167 789 320 828 episcopo
336 790 478 821 Reatino
493 794 524 820 et
540 799 558 820 a
574 790 668 820 vobis
693 799 751 828 pro
770 790 915 820 indiviso
934 795 1171 820 consueverant

166 843 341 881 possideri,
361 843 448 873 inter
464 852 520 873 vos
541 847 572 873 et
593 843 701 881 ipsum
726 851 802 881 sepe
821 843 930 880 gravis
950 843 1173 873 contentionis

167 895 306 926 materia
327 895 447 926 suisset
463 900 585 930 exorta,
603 895 697 925 vohis
721 895 872 925 dedimus
889 896 922 924 in
944 895 1109 925 mandatis
1125 900 1170 924 ut.

165 956 224 985 pro
240 947 326 978 bono
342 948 445 986 pacis,
463 948 550 978 inter
569 957 625 978 vos
644 948 730 978 bona
746 948 893 986 predicta
911 947 1057 978 dividere
1075 947 1172 978 debe-

167 999 258 1035 retis,
275 1004 404 1030 retenta
417 1000 510 1030 vobis
524 1005 554 1030 et
571 1000 741 1038 assignata
755 1000 841 1030 dicto
856 1000 1008 1038 episcopo
1026 1000 1171 1038 ipsorum

165 1061 311 1090 congrua
329 1053 489 1091 portione.
507 1053 671 1088 Ceterum,
692 1053 770 1091 quia
786 1052 819 1081 in
844 1053 996 1083 facienda
1009 1052 1172 1082 division«¹

165 1104 355 1144 hujusmodi
378 1114 442 1135 non
463 1105 619 1143 potuistis
641 1105 802 1135 hactenus
824 1114 896 1135 esse
920 1105 1109 1140 concordes,
1131 1111 1171 1135 et.

164 1162 236 1196 post
252 1162 411 1188 tractatus
438 1157 566 1196 aliquos
590 1157 678 1188 inter
698 1166 755 1187 vos
771 1157 914 1193 habitos,
933 1163 964 1188 et
982 1158 1173 1196 frequentes

164 1210 365 1241 monitiones
381 1211 486 1240 factas
501 1210 594 1240 vobis
614 1215 678 1240 tam
695 1219 753 1248 per
770 1210 898 1240 litteras
915 1215 1045 1240 nostras
1061 1219 1170 1249 quam.

163 1263 202 1294 de
216 1263 370 1293 mandato
390 1268 513 1297 nostro,
537 1272 595 1301 per
616 1262 838 1293 venerabilem
862 1263 999 1293 fratrem
1023 1267 1171 1293 nostrum

163 1315 412 1355 R[aynaldum],
430 1315 617 1353 Ostiensem
634 1315 836 1353 episcopum,
850 1315 1069 1353 respondistis
1087 1316 1172 1354 quod

163 1368 254 1398 nulla
266 1369 393 1399 ratione
413 1368 572 1398 volebatis
593 1368 751 1398 divisioni
766 1367 866 1397 alicui
883 1368 1082 1402 consentire,
1099 1368 1172 1406 plu—

160 1421 254 1451 ribus
272 1430 335 1460 que
350 1421 441 1451 vobis
455 1421 654 1451 videbantur
673 1420 858 1450 rationibus
876 1421 1068 1458 assignatis,
1087 1421 1172 1459 quod

161 1482 371 1513 nequaquam
402 1474 461 1503 hoc
489 1473 657 1512 expediret
685 1473 824 1503 ecclesie
848 1473 1000 1508 Reafine,
1028 1473 1114 1502 sicut
1138 1473 1171 1502 in

161 1532 275 1557 nostra
290 1531 321 1557 et
341 1527 482 1556 fratrum
499 1531 686 1556 nostrorum
712 1525 881 1564 presentia
901 1525 1045 1556 fideliter
1061 1525 1171 1556 retulit

161 1579 334 1618 episcopus
345 1580 582 1609 memoratus¹:
600 1587 670 1613 nos,
686 1578 783 1608 talem
794 1578 942 1609 volentes
952 1579 1172 1609 dissensionis

160 1635 333 1665 materiam
357 1638 528 1673 amputare
547 1639 578 1664 et
602 1633 706 1673 quieti
726 1638 834 1664 vestre
857 1638 994 1672 paterna
1011 1633 1173 1664 sollicitu-

161 1688 238 1718 dine
254 1688 437 1726 providere,
453 1687 492 1717 de
505 1688 644 1717 fratrum
660 1691 850 1717 nostrorum
864 1686 1003 1717 consilio
1018 1687 1064 1717 sic
1082 1687 1173 1717 duxi-

161 1750 235 1771 mus
254 1740 477 1775 statuendum,
496 1745 531 1770 ut
551 1740 590 1770 de
612 1739 766 1769 omnibus
786 1740 1013 1778 proventibus,
1033 1740 1169 1770 redditi-

161 1794 234 1829 bus,
252 1792 470 1831 pensionibus
488 1797 518 1823 et
535 1792 692 1823 censibus
712 1792 973 1830 possessionum.
992 1797 1169 1823 terrarum.

161 1846 346 1880 vinearum,
365 1845 549 1878 domorum,
567 1849 724 1881 ortorum,
742 1845 991 1883 canapinarum,
1012 1845 1172 1875 molendi-

162 1908 298 1935 norum,
327 1898 563 1937 piscariarum,
592 1897 811 1927 vassallorum
842 1897 1079 1928 beneficiorum
1107 1903 1170 1927 tam

162 1951 395 1982 canonicorum
413 1959 509 1989 quam
527 1950 700 1987 laicorum,
718 1959 776 1979 seu
794 1950 893 1980 etiam
910 1950 1096 1981 feudorum.
1117 1951 1172 1981 de-

163 2005 334 2039 cimarum,
359 2008 536 2042 pratorum,
565 2003 725 2033 silvarum
749 2007 779 2032 et
799 2002 939 2032 aliorum
958 2003 1119 2033 cultorum
1143 2010 1169 2034 et

162 2057 376 2091 incultorum,
393 2055 600 2091 animalium,
618 2055 830 2090 locationum,
849 2055 1066 2086 oblationum.
1085 2065 1171 2086 mor-

163 2110 346 2140 tuariorum
368 2113 397 2139 et
420 2113 612 2138 cunctarum
635 2108 883 2137 obventionum.
903 2112 932 2137 et
952 2107 1085 2137 illorum
1102 2117 1171 2138 om-

164 2163 256 2193 nium
274 2171 337 2201 que
355 2170 442 2191 nunc
459 2161 555 2190 habet
573 2160 712 2190 ecclesia
728 2160 882 2195 Reatina,
897 2169 954 2190 seu
970 2161 1003 2189 in
1023 2161 1169 2190 futurum

164 2223 359 2253 recuperare
376 2213 426 2244 vel
441 2213 516 2243 aliis
531 2213 631 2252 justis
648 2213 753 2242 modis
771 2213 890 2250 poterit
908 2213 1058 2251 adipisci.
1077 2222 1172 2252 quar-

165 2273 230 2298 tam
259 2271 385 2306 partem
416 2267 543 2303 integre
576 2265 734 2303 percipiat
769 2265 942 2303 episcopus
973 2266 1169 2296 antedictus.

164 2320 271 2350 tribus
288 2319 381 2349 vobis
398 2318 547 2357 partibus
566 2318 603 2348 de
617 2318 774 2356 predictis
791 2318 1006 2356 proventibus
1017 2312 1171 2349 omnibus

164 2373 354 2404 reservatis.
373 2373 410 2402 In
430 2372 496 2401 hiis
514 2376 623 2401 autem
640 2370 696 2400 illa
713 2370 839 2400 includi
858 2380 921 2400 non
939 2371 1170 2409 intelligimus.

165 2435 240 2466 que,
267 2430 332 2455 tam
358 2425 392 2454 in
418 2424 551 2454 civitate
576 2432 673 2462 quam
698 2423 732 2452 in
757 2423 892 2453 diocesi.
920 2423 957 2453 de
983 2424 1171 2462 episcopatu

164 2479 333 2518 percipere
362 2477 442 2507 solet
467 2477 640 2515 episcopus
666 2476 888 2514 supradictus.
913 2477 1045 2514 Legatis
1062 2482 1170 2507 autem

165 2536 196 2562 et
212 2531 340 2561 nuntiis
355 2530 449 2560 Sedis
466 2528 653 2567 Apostolice
673 2528 883 2558 medietatem
903 2529 1170 2566 procurationum

163 2585 268 2615 solvat
292 2584 439 2623 prefatus
471 2583 658 2621 episcopus,
691 2590 727 2611 ac
753 2590 809 2611 vos
837 2582 1047 2611 medietatem
1073 2582 1170 2612 aliam

164 2637 334 2672 exolvetis,
353 2636 391 2666 de
405 2636 471 2665 hiis
489 2644 551 2674 que
563 2643 668 2672 usque
686 2634 780 2663 modo
791 2634 824 2663 in
838 2634 1038 2672 prestatione
1053 2644 1171 2664 earun-

164 2690 237 2721 dem
253 2688 522 2728 procurationum
541 2686 729 2725 episcopum
746 2691 774 2715 et
794 2686 974 2724 capitulum
993 2688 1171 2716 communi-

165 2747 213 2773 ter
227 2740 474 2779 contingebant.
496 2740 625 2770 Statuto
640 2739 832 2778 hujusmodi
849 2748 953 2778 usque
967 2739 1007 2768 ad
1024 2744 1170 2769 nostrum

163 2794 409 2833 beneplacitum
429 2793 596 2822 duraturo.
624 2793 667 2822 Ut
689 2796 798 2821 autem
820 2796 979 2821 statutum
997 2792 1105 2830 ipsum
1124 2793 1171 2823 es-

198 2920 220 2944 1.
235 2919 324 2943 urant
341 2918 473 2942 entendre
489 2925 494 2940 :
513 2920 662 2946 episcopus
679 2917 824 2940 Ostiensis.

288 2969 474 3000 aanoomss
492 2975 542 3003 lx,
561 2978 579 2999 t.
600 2974 633 2998 11.

1258 328 1378 358 rectum
1412 329 1558 359 debitum
1589 331 1757 367 sortiatur,
1789 333 1947 363 noveritis
1981 343 2040 364 nos
2078 336 2260 367 venerabili

1258 380 1352 410 fratri
1372 386 1484 411 nostro
1507 405 1525 410 ..
1545 383 1697 422 episcopo
1721 385 1972 416 Inter-aunensi¹
1990 388 2112 418 nostris
2130 388 2262 419 dedisse

1257 431 1378 463 litteris
1396 434 1429 463 in
1448 435 1614 465 mandatis
1631 441 1676 471 ut,
1695 438 1857 475 premissa
1869 439 2019 475 fideliter,
2039 441 2194 481 subflato]
2208 451 2260 472 cu-

1253 485 1419 524 j[uslibet]
1450 487 1645 527 di]a[tionis]
1675 494 1706 519 ct
1731 491 2028 530 contradicnionis]
2053 494 2259 534 ob[staculo].

1258 545 1434 576 exequens,
1457 541 1715 571 contradictores
1732 547 1792 572 etc.
1810 543 1882 572 Dat.
1904 544 2068 574 Laterani.
2087 546 2185 576 VIIII
2202 547 2261 577 ka-

1256 588 1469 630 lendasjulii,
1487 601 1574 622 anno
1590 593 1792 624 duodecimo.
1816 607 1828 621 ι

1326 769 1443 797 4432
1844 775 1963 806 Latran,
1977 776 2011 802 26
2026 777 2089 810 juin
2108 778 2184 805 1238.

1293 830 1436 864 Episcopo
1461 832 1614 859 Lesinensi
1640 838 1666 860 ct
1693 834 1792 861 abbati
1817 835 1853 862 dc
1874 836 2015 872 Pizanloj.
2040 839 2260 868 Acherontinae

1256 878 1408 911 dioecesis,
1430 880 1576 913 significat
1605 890 1634 907 sc
1659 891 1824 916 processum
1852 885 2007 919 stephani,
2030 887 2109 914 tituli
2133 890 2260 917 Sanctae

1257 926 1370 953 Mariae
1385 931 1466 954 trans
1483 929 1612 956 Tiberim
1631 931 1794 965 presbyteri
1813 933 1983 961 cardinalis.
2000 935 2028 961 in
2044 944 2128 962 causa
2143 937 2258 965 abbatis

1258 976 1428 1003 monasterii
1445 976 1588 1004 Omnium
1608 979 1784 1006 Sanctorum
1801 981 1836 1007 de
1852 982 1932 1014 cuti,
1951 983 2088 1010 Bam-usis
2105 985 2256 1015 ‹tinet-esis.

1257 1027 1356 1050 contra
1387 1025 1640 1060 archiepiscopum
1666 1027 1836 1061 Barensem,
1860 1038 1947 1063 super
1976 1033 2052 1057 iacto
2078 1033 2258 1062 visitationis

1257 1072 1400 1104 praedicti
1418 1074 1589 1100 monasterii
1608 1075 1754 1108 habitum,
1772 1080 1867 1103 ratum
1887 1078 2003 1106 habere.
2020 1080 2120 1114 cisque
2138 1083 2257 1109 mandat

1256 1123 1400 1152 quatenus
1421 1120 1451 1146 in
1473 1121 1604 1154 ejusdem
1622 1123 1804 1150 visitationis
1821 1126 1936 1158 negotio
1952 1131 2019 1153 antt·
2037 1129 2141 1155 festum
2162 1132 2256 1157 sancti

1256 1167 1415 1195 Michaelis
1427 1170 1594 1203 proximum
1608 1172 1776 1205 procedant.
1788 1187 1819 1191 —
1829 1174 1916 1203 (Rea.
1927 1175 1968 1201 19.
1984 1177 2002 1201 t.
2014 1176 2046 1202 33
2059 1180 2095 1207 1³:
2108 1186 2176 1204 ann.
2191 1179 2257 1208 xit,

1255 1224 1279 1243 c.
1299 1216 1372 1247 167.)

1298 1329 1310 1343 α
1331 1340 1350 1345 ..
1365 1319 1499 1356 episcopo
1513 1320 1669 1349 Lesinertsi
1683 1327 1708 1350 el
1729 1345 1748 1349 ..
1765 1323 1864 1351 abbati
1875 1324 1909 1352 cle
1921 1325 2042 1359 Ρίεαη.,
2060 1328 2261 1357 Acherontim

1255 1370 1389 1399 diocesis.
1405 1370 1488 1401 Cum
1505 1371 1595 1407 olim,
1613 1382 1672 1411 per
1685 1374 1908 1404 venerabilem
1926 1377 2060 1407 fratrem
2077 1385 2223 1409 nostrum
2239 1405 2255 1409 ..

1256 1422 1541 1462 archiepiscopum
1560 1425 1739 1456 Bal-ensem
1760 1427 1875 1457 multis
1901 1428 2048 1460 sinistris
2073 1431 2111 1461 de
2133 1432 2180 1471 [..]
2202 1433 2259 1463 al»-

1256 1475 1329 1518 bate
1346 1477 1541 1506 monasterii
1557 1477 1713 1508 Omnium
1733 1479 1928 1510 Sanctorum
1949 1482 1987 1511 de
2008 1483 2094 1518 Cuti.
2115 1494 2171 1513 suc
2191 1486 2260 1516 dio-

1256 1529 1352 1564 cesis,
1379 1530 1502 1560 nostris
1523 1531 1661 1561 auribus
1680 1532 1855 1567 intimatis,
1877 1543 1935 1564 nos
1952 1536 2058 1572 primo
2078 1539 2259 1568 venerabili

1256 1581 1351 1610 fratri
1369 1586 1481 1612 nostro
1500 1606 1519 1611 ..
1535 1583 1783 1624 archiepiscopo
1799 1587 1962 1616 Tranensi
1979 1594 2010 1617 et
2026 1589 2096 1627 ejus
2113 1590 2258 1628 collegis.

1257 1642 1293 1663 ac
1315 1635 1535 1672 postmodum,
1553 1645 1628 1666 cum
1646 1637 1686 1667 ab
1702 1638 1785 1676 ipsis
1802 1638 1922 1669 fuisset
1939 1648 1975 1669 ex
1994 1641 2171 1672 sufficienti
2189 1652 2263 1681 gra—

1258 1687 1388 1718 vamine
1405 1688 1618 1726 appellatum,
1635 1690 1719 1720 bone
1735 1692 1894 1722 memorie
1917 1716 1935 1720 ..
1953 1694 2093 1732 Trojano
2110 1695 2262 1735 episcopo

1257 1744 1287 1770 et
1300 1740 1373 1775 tihi,
1389 1740 1437 1769 fili
1450 1741 1563 1777 abbas⁷
1580 1742 1620 1772 ad
1634 1743 1829 1773 instantiam
1846 1745 1992 1783 ejusdem
2008 1747 2258 1787 archiepiscopi,

1257 1794 1481 1826 visitationem
1505 1795 1585 1825 dicti
1610 1797 1804 1827 monasterii
1827 1803 1892 1827 tam
1913 1798 1946 1828 in
1969 1800 2074 1837 capite
2102 1810 2199 1839 quam
2225 1803 2258 1832 in

1257 1847 1415 1877 membris
1431 1847 1622 1878 duxerimus
1645 1850 1930 1880 committendam.
1950 1860 2072 1890 vosque
2095 1853 2134 1882 ad
2152 1854 2258 1892 ipsum

1258 1900 1494 1930 monasterium
1514 1902 1734 1937 accesseritis,
1758 1903 1878 1933 ibidem
1896 1904 2109 1935 visitationis.
2133 1916 2261 1938 correr-

1258 1952 1356 1982 tionis
1384 1958 1413 1982 et
1438 1954 1685 1984 reformationis
1714 1955 1858 1985 officium
1883 1956 1974 1995 juxta
2003 1958 2139 1988 sormam
2169 1961 2260 1990 vobis⁴

1257 2005 1409 2035 traditam
1426 2006 1610 2044 impensuri
1630 2017 1636 2036 :
1655 2013 1785 2045 petente
1805 2008 1891 2038 dicto
1909 2010 2047 2041 Barensi
2066 2020 2100 2041 se
2120 2012 2159 2041 ad
2175 2014 2259 2051 ejus-

1255 2057 1327 2087 dem
1342 2058 1544 2088 visitationis
1557 2060 1821 2097 prosecutionem
1837 2061 1975 2098 admitti,
1995 2063 2067 2095 fuit.
2084 2064 2170 2094 inter
2183 2065 2258 2095 alia.

1255 2119 1291 2140 ex
1321 2116 1411 2148 parte
1441 2111 1570 2141 abbatis
1597 2116 1628 2142 et
1652 2118 1833 2143 conventus
1858 2117 2052 2145 monasterii
2080 2118 2259 2155 supradicti

1256 2165 1457 2202 propositum
1474 2174 1582 2195 coram
1600 2166 1692 2195 vohis
1709 2166 1804 2205 quod,
1827 2176 1901 2197 cum
1918 2174 2002 2199 esset
2024 2179 2136 2199 eorum
2149 2171 2259 2202 adver-

1255 2217 1364 2247 sarius
1388 2218 1603 2251 manifestus,
1633 2223 1742 2256 utpote
1767 2220 1824 2258 qui
1846 2229 1944 2258 super
1967 2226 2053 2251 statu
2078 2228 2106 2252 et
2131 2224 2260 2261 subjec-

1256 2269 1343 2299 tione
1357 2270 1507 2308 jamdicti
1524 2272 1717 2301 monasterii
1734 2278 1848 2302 eontra
1866 2282 1920 2303 eos
1943 2280 2088 2304 moverat
2113 2278 2260 2314 questiu-

1257 2330 1340 2357 nem,
1363 2327 1392 2352 et
1408 2328 1632 2361 receptaverat
1646 2325 1805 2362 quosdam
1826 2326 2002 2356 monachos
2017 2329 2259 2366 conspiratores

1255 2379 1285 2404 et
1299 2375 1453 2405 inimicos
1468 2376 1608 2410 abbatis,
1623 2376 1661 2406 de
1678 2377 1749 2415 ipso
1766 2379 2043 2419 monasteriojam
2058 2381 2188 2419 eJ‘ectos.
2203 2383 2257 2421 qui

1256 2427 1366 2462 etiam.
1386 2433 1421 2457 ut
1447 2429 1628 2458 dicebatur.
1651 2430 1685 2458 in
1710 2430 1849 2460 eundem
1872 2431 2022 2462 abbatem
2042 2442 2158 2463 manus
2176 2435 2261 2473 inje-

1255 2485 1365 2510 cerant
1384 2481 1557 2517 violentas,
1578 2487 1708 2520 propter
1724 2483 1783 2512 hec
1804 2489 1834 2513 et
1850 2484 1914 2513 alia
1930 2493 1993 2514 non
2013 2491 2081 2515 erat
2098 2487 2136 2516 ad
2154 2497 2260 2524 prose-

1255 2534 1420 2564 cutionem
1449 2535 1652 2565 visitationis
1680 2535 1871 2574 hujusmodi
1900 2537 2142 2568 admittendus:
2171 2546 2260 2577 parto:

1251 2586 1400 2624 jamdicti
1417 2587 1656 2625 archiepiscopi
1671 2588 1851 2626 replicante
1868 2590 1954 2627 quod
1969 2591 2096 2620 admitti
2110 2592 2258 2622 debebat.

1255 2639 1337 2669 sicut
1354 2644 1418 2669 tam
1434 2640 1504 2677 ipse
1520 2640 1559 2669 ad
1572 2640 1818 2678 impetrandum
1832 2641 2033 2671 visitationis
2051 2645 2257 2681 rescriptum.

1254 2701 1352 2730 quam
1369 2692 1440 2731 ejus
1457 2697 1649 2730 procurator
1666 2693 1706 2721 ad
1723 2693 1987 2731 prosequendum
2007 2695 2258 2733 appellationem

1254 2754 1272 2774 a
1286 2745 1383 2774 dictis
1399 2746 1560 2775 Tranensi
1579 2746 1825 2784 archiepiscopo
1839 2751 1868 2776 et
1881 2746 2015 2785 collegis
2029 2748 2097 2777 suis
2116 2758 2150 2777 ex
2170 2755 2259 2786 parte

1256 2798 1414 2836 sepedicti
1445 2798 1575 2827 abbatis
1601 2807 1699 2836 super
1725 2799 1836 2828 eodem
1862 2800 1993 2836 negotio
2019 2801 2259 2838 interpositam.

1290 2922 1310 2946 1.
1328 2924 1383 2949 Sic,
1398 2929 1467 2953 pour
1484 2925 1704 2946 Interamnensi.

2108 2984 2137 3006 68
