2519 3518
119 314 178 347 433
983 306 1169 344 D1x112JME
1191 306 1351 344 ANNEE.
2152 315 2211 346 43⁴

120 385 271 420 potentes
288 381 411 411 amicos
428 389 505 410 suos
517 380 680 418 corruptis
692 380 889 419 quibusdam
903 390 939 410 ex
956 379 1125 410 monachis

121 433 327 468 memoratis,
348 442 421 463 cum
440 432 508 462 illis
526 432 689 470 presumit
704 432 768 471 ipsi
785 433 896 462 abbati
913 432 1127 471 pertinaciter

120 485 293 517 rebellare.
314 485 464 524 Cumque
487 485 654 523 predictus
676 485 777 515 abbas
796 489 910 515 contra
931 485 1036 515 dictos
1057 494 1126 514 mo-

121 538 257 574 nachos,
275 547 422 577 supereo
439 537 525 577 quod
541 537 765 568 obedientiam
782 541 813 567 et
829 538 1048 568 reverentiam
1061 537 1126 567 sibi

122 590 280 621 exhibere
299 594 494 626 renuerant,
513 594 544 620 et
560 590 660 620 iidem
678 594 792 620 contra
808 590 915 628 ipsum
937 599 955 620 a
973 590 1068 619 nobis
1087 590 1127 619 ad

121 643 271 673 diversos
291 643 421 682 judices
442 643 590 673 diversas
613 642 741 673 litteras
764 643 1012 681 impetrassent,
1035 643 1122 681 quia,

122 695 274 735 utrisque
304 696 473 735 judicibus
498 696 537 725 de
550 684 797 734 'jurisdictione
829 696 1124 727 contendentibus,

123 756 224 778 causa
241 748 401 787 nequivit,
416 752 451 777 ut
467 748 589 783 debuit,
609 748 730 778 habere
747 757 946 786 processum,
966 748 1051 778 bona
1064 757 1127 778 mo-

124 800 263 830 nasterii
282 804 346 830 tam
368 810 424 839 per
442 801 549 839 ipsum
569 801 603 830 F.
627 805 659 830 et
680 810 838 839 sequaces
862 801 932 840 ejus
954 810 1051 839 quam
1072 810 1128 839 per

124 852 248 882 amicos
265 861 377 882 eorum
397 853 576 882 enormiter
599 853 815 891 dissipantur.
828 854 962 887 Verum,
983 853 1127 891 predicto

123 904 276 943 episcopo
286 905 381 935 001115
391 905 562 934 humiliter
573 905 777 943 supplicante
789 910 823 935 ut
834 905 1021 944 hujusmodi
1033 915 1127 943 nego-

124 957 207 988 tium
226 967 377 988 revocare
390 958 429 988 ad
446 968 581 989 examen
595 959 689 989 Sedis
702 959 888 997 Apostolice
902 959 1126 997 dignare-nnn:

125 1019 197 1043 nos,
217 1010 362 1040 volentes
379 1011 611 1049 indempnitati
635 1011 780 1050 ejusdem
804 1012 997 1041 monasterii
1016 1021 1128 1050 preca-

125 1071 213 1097 vere,
233 1071 269 1092 ex
287 1063 393 1093 officio
411 1068 522 1093 nostro
539 1063 658 1093 dilecto
677 1063 744 1093 filio
763 1087 782 1092 ..
800 1064 909 1094 abbati
926 1064 964 1094 de
981 1065 1126 1098 Cei-reto,

126 1114 360 1145 Cisterciensis
385 1115 529 1152 ordinis,
555 1120 586 1145 et
613 1116 842 1155 conjudicibus
867 1116 937 1146 suis
959 1116 1127 1153 negotium

125 1166 280 1196 duximus
293 1168 575 1203 committendum,
587 1168 702 1198 dantes
713 1168 951 1198 eislirmiterin
964 1169 1128 1198 mandatis

126 1223 171 1255 ut,
193 1219 351 1250 facientes
369 1220 433 1249 sibi
457 1220 621 1257 assignari
644 1220 771 1250 litteras
788 1220 866 1250 111110
885 1221 961 1250 inde
977 1221 1128 1251 obtentas

127 1276 159 1302 et
175 1282 348 1310 processus
368 1273 498 1303 habitos
513 1282 569 1311 per
584 1273 726 1308 easdem,
746 1282 879 1303 causam
899 1274 1062 1308 audirent,
1084 1278 1126 1309 et,

126 1325 156 1355 si
174 1325 213 1355 de
229 1325 371 1363 partium
390 1326 557 1355 voluntate
574 1326 774 1364 procederet,
794 1326 1007 1355 terminarent
1022 1337 1027 1361 ς
1047 1326 1129 1356 alio-

126 1377 207 1416 quin
224 1378 430 1407 remitterent
447 1378 486 1407 ad
502 1386 561 1408 nos
578 1378 682 1416 ipsam
700 1378 903 1408 sufficienter
919 1378 1126 1413 instructam,

127 1430 316 1468 pretigendo
334 1431 483 1468 partibus
508 1431 593 1470 [etc.,
610 1440 716 1469 usque
737 1430 757 1469 z]
780 1432 969 1469 conspectui
992 1441 1128 1469 presen-

125 1487 245 1513 tarent.
263 1484 426 1520 Quicum,
445 1488 593 1513 nostrum
610 1484 802 1513 mandatum
814 1483 955 1514 fideliter
969 1493 1128 1523 exequen-

125 1539 186 1570 tes,
204 1535 308 1565 dictos
322 1535 500 1565 monachos
516 1535 663 1573 legitime
680 1535 883 1571 citavissent,
900 1539 931 1565 et
944 1535 1007 1573 ipsi
1020 1545 1129 1565 coram

125 1587 174 1618 eis
198 1596 256 1626 per
281 1597 315 1618 se
340 1587 391 1617 vel
413 1588 569 1618 idoneum
594 1587 819 1626 responsalem
842 1597 876 1617 se
902 1589 1129 1618 recusaverint

124 1645 326 1678 presentare,
342 1641 596 1679 assignaverunt
608 1641 656 1671 eis
668 1641 845 1671 terminum
859 1641 1127 1680 peremptorium,

124 1693 160 1723 in
180 1702 244 1732 quo
261 1693 472 1724 defensiones
492 1703 568 1724 suas
587 1694 753 1731 legitimas
770 1694 981 1729 exhiberent,
999 1695 1057 1724 sed
1070 1703 1128 1724 nec

124 1746 190 1776 sibi
207 1755 395 1785 comparere
412 1747 623 1786 aliquatenus
640 1752 848 1777 curaverunt.
863 1748 971 1784 Quare
988 1748 1062 1785 ipsi,
1081 1757 1129 1777 re-

124 1799 228 1837 ceptis
245 1799 324 1828 dieti
341 1799 469 1829 abbatis
492 1800 678 1829 rationibus
701 1804 731 1829 et
749 1800 959 1838 processibus
979 1800 1128 1839 judicum

125 1851 349 1889 delegatorum
367 1853 430 1882 sibi
449 1852 624 1888 exhibitis,
642 1853 842 1891 pretixerunt
860 1853 1009 1890 partibus
1027 1853 1128 1882 alium

126 1904 305 1934 terminum
330 1905 585 1943 peremptorium
612 1914 675 1943 quo
701 1910 931 1943 presentarent
954 1915 988 1935 se
1021 1906 1127 1941 nobis,

123 1956 260 1995 justam,
276 1961 384 1986 actore
401 1958 479 1992 Deo,
499 1957 698 1987 sententiam
716 1961 898 1995 receptui-e.
915 1959 1050 1992 Verum,
1069 1962 1129 1987 ter-

128 2008 219 2038 mino
231 2009 396 2043 veniente,
412 2018 485 2039 cum
502 2013 573 2047 post
590 2010 698 2047 ipsum
716 2010 815 2039 etiam
831 2010 934 2043 dietas
951 2010 1130 2040 monachos

127 2061 344 2099 expectandos
362 2061 568 2096 duxerimus,
587 2066 617 2091 et
634 2070 693 2091 nec
711 2070 768 2099 per
791 2071 824 2091 se
848 2071 907 2092 nec
923 2062 1024 2091 alium
1042 2071 1130 2092 com-

125 2122 240 2151 parere
252 2118 434 2148 curassent,
450 2114 592 2148 tandem,
610 2114 650 2143 ad
664 2114 869 2143 instantiam.
889 2115 958 2149 Ar„
976 2124 1130 2153 procura-

127 2165 208 2195 toris
226 2165 354 2195 abbatis
371 2166 529 2205 ejusdem,
543 2166 767 2196 venerabilem
785 2167 920 2196 fratrem
938 2172 1087 2196 nostrum
1106 2191 1127 2196 ..

126 2219 314 2249 Ostiensem
339 2219 526 2257 episcopum
549 2228 647 2257 super
670 2219 737 2251 hiis
757 2219 907 2249 dedimus
929 2220 1128 2255 auditorem;

126 2280 202 2310 quo,
222 2271 261 2301 de
284 2272 438 2301 mandato
462 2276 584 2306 nostro,
603 2272 771 2310 aperiente
793 2276 864 2301 acta
881 2272 1000 2311 judieii
1023 2277 1130 2303 trans-

126 2324 231 2354 missa
248 2324 341 2353 nobis
359 2334 377 2353 a
390 2324 559 2363 judicibus
579 2324 794 2362 supradictis,
815 2324 853 2354 de
870 2325 1042 2362 premissis
1061 2335 1130 2355 om-

127 2376 239 2406 nibus.
263 2376 349 2406 sieut.
373 2386 429 2414 per
454 2376 582 2406 tidelem
610 2376 805 2406 relationem
831 2377 902 2416 ejus
930 2378 1127 2415 accepimus,

127 2437 186 2467 per
200 2428 332 2467 publica
349 2429 413 2458 sibi
430 2429 578 2459 constitit
595 2429 827 2462 instrumenta,
848 2434 878 2459 et
897 2429 981 2468 quod
998 2439 1129 2468 posses-

125 2482 254 2511 sionem
264 2481 489 2519 spiritualium
504 2485 534 2511 et
547 2481 776 2519 temporalium
786 2481 903 2511 habuit
915 2481 1000 2511 idem
1015 2483 1127 2512 abbas,

125 2534 201 2568 Sed,
219 2542 293 2563 cum
312 2533 512 2563 venerabilis
536 2534 638 2563 frater
655 2537 765 2563 noster
783 2557 802 2562 ..
824 2533 1052 2563 Antioelienus
1076 2544 1128 2573 pa-

126 2586 282 2621 triarcha,
301 2591 378 2616 tunc
395 2586 581 2625 Apostolice
599 2586 693 2616 Sedis
709 2586 848 2624 legatus,
864 2587 1008 2616 Henrico
1020 2588 1126 2624 Golte,

124 2639 318 2678 irrequisito
337 2639 465 2672 abbate,
483 2648 595 2668 curam
616 2638 845 2677 temporalium
866 2639 972 2677 ipsius
995 2649 1128 2670 monas-

125 2692 201 2722 terii
228 2696 359 2730 propt-er
389 2691 582 2721 scandalum
607 2691 837 2726 commisisset,
867 2690 928 2720 hac
956 2693 1127 2723 occasione

125 2745 189 2774 suit
206 2745 305 2775 abbas
318 2745 388 2783 ipse
404 2744 635 2783 spiritualibus
650 2748 680 2773 et
691 2743 1125 2782 temporalibusdestitutus,

126 2801 157 2827 et
173 2798 291 2835 prefati
308 2797 461 2827 monachi
479 2797 590 2826 minus
606 2800 755 2835 possunt,
776 2796 853 2826 licet
867 2799 1127 2828 excommunica-

126 2850 272 2880 tionibus
288 2850 439 2888 pluribus
456 2850 562 2887 ligati,
578 2858 595 2879 a
611 2858 670 2879 suo
687 2849 773 2878 malo
784 2849 951 2887 proposito
966 2851 1126 2880 revocari,

126 2902 268 2941 Ideoque
291 2902 462 2941 petebatur
486 2902 650 2932 instanter
672 2906 708 2931 ut
729 2910 828 2939 super
852 2901 913 2931 hoc
935 2910 1127 2933 curaremus

124 2963 306 2993 congruam
337 2955 520 2985 remedium
551 2955 719 2984 adhibere
751 2955 819 2984 Nos
848 2963 945 2989 vero,
981 2954 1126 2985 volentes

249 3013 433 3045 0110001101
452 3021 502 3046 ix.
521 3023 539 3044 t.
558 3021 593 3045 11.

1208 388 1320 409 eorum
1337 380 1474 410 malitiis
1486 381 1618 411 obviare
1635 391 1671 411 ac
1689 381 1793 411 eidem
1811 382 2011 412 monasterio
2025 382 2207 421 providere,

1209 441 1248 461 ne
1265 442 1302 462 ex
1319 433 1448 463 defectu
1466 434 1606 471 pastoris
1621 443 1718 471 grave
1737 434 1944 472 dispendium
1963 439 2139 473 pateretur.
2155 443 2210 464 ve-

1209 485 1349 515 nerabili
1366 486 1460 515 fratri
1482 491 1594 516 nostro
1618 510 1637 515 ..
1665 487 1816 525 episcopo
1841 491 1871 516 et
1893 487 2022 516 dilectis
2049 487 2126 516 111115
2145 489 2211 517 Ro-

1208 537 1298 567 1111110
1315 542 1345 567 01
1362 539 1546 568 Lansranco
1563 539 1601 568 de
1618 539 1804 576 Cludun[o],
1824 539 1993 569 canonicis
2012 541 2210 577 Pergamen-

1209 590 1312 625 sibus,
1332 591 1454 620 nostris
1471 591 1621 621 dedimus
1645 591 1765 621 litteris
1789 592 1822 620 in
1846 592 2010 621 mandatis
2028 596 2079 626 ut,
2102 596 2209 622 amoto

1208 643 1355 681 quolibet
1371 643 1549 677 detentore,
1565 644 1597 672 in
1614 644 1856 682 possessionem
1873 654 1970 683 quam
1986 644 2099 674 babuit
2115 645 2209 682 spiri-

1209 695 1348 725 tualium
1368 700 1397 725 et
1415 696 1655 734 temporalium,
1671 696 1821 725 abbatem
1838 697 2052 727 restituentes
2068 697 2209 727 eundem

1209 752 1239 778 et
1259 741 1472 779 defendentes
1489 749 1672 783 inductum,
1688 749 1945 779 contradictores
1957 758 2097 779 censura
2110 750 2209 779 ecclc-

1210 801 1344 830 siastica
1361 810 1567 839 compescere
1586 805 1810 839 procurarent,
1827 802 1977 831 invocato
1994 802 2116 831 auxilio
2134 802 2210 831 bra-

1210 853 1277 883 chii
1308 854 1478 883 secularis.
1508 855 1593 883 Dicti
1625 864 1699 883 vero
1732 854 1904 892 episcopus
1934 859 1965 883 et
1993 854 2115 891 college
2144 855 2209 888 sui,

1210 906 1399 935 mandatum
1418 910 1564 935 nostrum
1581 907 1696 945 exequi
1714 907 1900 944 cupientes,
1919 912 1949 937 et
1967 906 2088 936 nobilis
2108 907 2169 935 viri
2189 930 2208 935 ..

1211 959 1382 996 potestatis
1419 959 1608 992 {i-ixiensis,
1636 963 1670 988 ut
1692 964 1804 988 contra
1829 969 1884 989 eos
1903 959 1959 997 qui
1983 959 2104 987 dictum
2123 959 2212 989 dice—

1210 1012 1330 1041 bantur
1342 1013 1578 1041 monasterium
1593 1021 1781 1049 occupasse,
1796 1022 1905 1041 secum
1919 1012 2137 1050 personaliter
2149 1012 2212 1041 iret

1211 1068 1266 1094 aut
1283 1064 1411 1102 aliquos
1425 1064 1617 1098 destinaret,
1635 1064 1794 1093 auxilium
1812 1064 2014 1093 invocantes.
2031 1064 2142 1093 eodem
2160 1074 2213 1102 po—

1212 1120 1328 1146 testate
1345 1116 1375 1145 id
1393 1117 1501 1146 facere
1518 1121 1702 1150 recusante,
1721 1116 1760 1145 ad
1778 1117 1939 1153 prefatum
1961 1116 2209 1149 monasterium,

1211 1170 1266 1198 ut¹
1296 1169 1488 1198 mandatum
1515 1173 1756 1206 exequerentur
1781 1168 2014 1205 apostolicum,
2039 1169 2213 1197 asscmiatis

1211 1222 1274 1252 sibi
1292 1222 1491 1260 quibusdam
1508 1221 1671 1251 militibus
1690 1222 1794 1250 Deum
1812 1225 1841 1250 et
1857 1221 2077 1259 Apostolicam
2095 1221 2212 1251 Sedem

1210 1274 1455 1309 reverentibus,
1478 1278 1699 1304 accesserunt.
1720 1274 1782 1303 Sed
1800 1274 1947 1303 Yitestus
1964 1278 1993 1303 et
2013 1273 2157 1303 Izulinus
2174 1274 2213 1303 de

1211 1329 1313 1358 Ponte
1331 1327 1452 1359 Carali,
1471 1327 1590 1356 fratres
1608 1327 1686 1355 dicti
1701 1327 1734 1355 F.
1751 1326 1915 1360 monachi,
1929 1335 2001 1355 cum
2016 1326 2085 1355 suis
2099 1335 2214 1364 sequa-

1211 1380 1315 1415 cibus,
1335 1388 1386 1413 eo,
1406 1379 1491 1408 sicut
1508 1379 1662 1414 ereditur,
1689 1384 1904 1416 procurante,
1926 1379 1958 1407 in
1984 1378 2106 1407 dictum
2127 1378 2214 1416 epis—

1211 1442 1326 1471 copum
1349 1436 1379 1461 et
1402 1431 1631 1469 condelegatos
1657 1441 1734 1461 suos
1759 1440 1832 1460 cum
1857 1431 1976 1467 gladiis
2000 1435 2029 1460 ct
2049 1430 2214 1468 lapidibus

1210 1486 1388 1516 irruentes,
1409 1489 1439 1513 et
1456 1483 1599 1513 nobilem
1624 1484 1731 1513 virum
1754 1485 1792 1513 11.
1815 1484 1852 1513 de
1875 1483 2040 1517 Rotlenpso.
2061 1483 2117 1521 qui
2135 1482 2213 1511 illuc

1212 1547 1285 1567 011111
1302 1537 1425 1566 eisdem
1442 1536 1611 1575 judicibus
1634 1536 1673 1565 ad
1690 1536 1837 1574 ipsorum
1856 1536 2046 1565 mandatum
2066 1544 2215 1564 acen-sse-

1211 1595 1272 1624 rat,
1297 1590 1485 1624 ,vulnerare,
1515 1598 1551 1619 ac
1578 1589 1735 1627 predictis
1752 1589 1921 1627 judicibus
1948 1588 2067 1617 multas
2091 1588 2215 1617 inferre

1212 1644 1354 1682 injurias
1374 1652 1438 1672 non
1458 1646 1629 1672 verentes.
1654 1642 1742 1680 ipsos
1766 1651 1783 1670 a
1805 1642 1931 1680 prefato
1950 1641 2160 1669 monasterio.
2181 1640 2215 1668 in

1212 1700 1435 1734 contemptum
1462 1695 1521 1725 Dei
1545 1698 1575 1724 et
1599 1694 1693 1724 Sedis
1716 1693 1921 1732 Apostolice,
1949 1693 2088 1731 turpiter
2111 1693 2215 1731 ejece-

1212 1754 1306 1783 runt,
1328 1753 1459 1787 propter
1478 1748 1565 1787 quod
1584 1748 1684 1777 iidem
1702 1747 1831 1786 judices
1851 1747 1885 1776 in
1903 1747 2033 1783 dict[os]
2051 1746 2215 1775 Vin-stum

1213 1807 1243 1832 et
1259 1802 1421 1832 Izulinum
1438 1806 1468 1831 et
1480 1810 1638 1839 sequaces
1653 1809 1764 1830 eorum
1778 1799 2129 1829 excommunicationis
2144 1807 2216 1827 sen-

1213 1856 1350 1885 tentiam
1377 1854 1596 1892 protulerunt..
1628 1854 1781 1884 Ceterum
1809 1853 1915 1881 dictus
1949 1856 2107 1889 potestas.
2137 1860 2215 1879 con-

1214 1908 1350 1945 temptui
1368 1907 1527 1936 malitiam
1546 1906 1787 1944 superaddens.
1807 1905 1910 1934 dictos
1928 1904 2049 1933 milites
2068 1908 2100 1932 ut
2119 1912 2214 1941 prop-

1213 1965 1261 1990 ter
1278 1960 1337 1989 hoc
1357 1959 1442 1998 quod
1456 1968 1529 1989 cum
1546 1959 1670 1988 eisdem
1684 1958 1853 1996 judicibus
1870 1957 1980 1986 taliter
1995 1959 2214 1985 accesserant.

1213 2023 1271 2043 suo
1295 2013 1449 2041 mandato
1473 2015 1642 2049 parerent,
1670 2015 1817 2049 prestare
1842 2009 1947 2047 coegit
1974 2009 2215 2047 fid‹1›j11ss01·iam

1213 2066 1412 2095 cautionem,
1439 2064 1600 2100 Quocirca
1624 2063 1819 2092 mandamus
1846 2066 2019 2100 quatenus,
2039 2061 2067 2090 si
2088 2065 2135 2089 est
2157 2060 2213 2094 ita,

1213 2118 1339 2147 faciens
1366 2117 1469 2146 dictos
1494 2117 1659 2146 Vitestum
1695 2120 1725 2144 et
1751 2114 1931 2144 Izolinum²
1959 2118 1990 2143 et
2022 2122 2133 2143 eorum
2164 2122 2216 2142 se-

1213 2179 1333 2209 quaces
1355 2180 1459 2208 usque
1484 2169 1523 2199 ad
1547 2168 1809 2198 satisfactionem
1833 2167 2048 2203 condignam.
2072 2165 2216 2203 appella—

1213 2224 1301 2254 tione
1320 2228 1455 2257 remota,
1474 2222 1774 2252 excommunicatos
1798 2219 1928 2258 publice
1951 2219 2097 2248 nuntiari
2122 2223 2150 2247 et
2176 2218 2216 2247 ab

1212 2276 1378 2310 omnibus,
1403 2276 1489 2305 sicut
1510 2276 1637 2314 justum
1662 2274 1778 2308 fuerit,
1806 2272 1941 2307 evitari,
1972 2276 2001 2301 et
2029 2272 2152 2301 dictum
2180 2272 2212 2300 F.

1213 2337 1411 2366 suspensum
1434 2329 1473 2358 ad
1495 2327 1697 2366 presentiam
1718 2330 1865 2355 nostram
1884 2325 2124 2355 transmittens,
2142 2332 2217 2361 pre-

1211 2382 1316 2411 fatum
1333 2385 1527 2419 potestatem
1543 2385 1577 2409 ut
1592 2379 1781 2418 hujusmodi
1794 2378 1981 2408 cautionem
1998 2377 2131 2411 relaxet,
2150 2385 2216 2404 mo-

1212 2434 1338 2463 nitione
1354 2434 1530 2472 premissa,
1546 2442 1603 2471 per
1621 2440 1794 2462 censuram
1811 2430 2087 2460 ecclesiasticam.
2105 2428 2215 2466 appel-

1211 2486 1334 2516 latione
1350 2490 1511 2520 cessante,
1539 2485 1728 2523 compellas.
1755 2483 1891 2513 Proviso
1909 2492 1949 2511 ne
1965 2482 1999 2511 in
2017 2481 2216 2517 commun[e]

1212 2539 1410 2576 Brixien[se]
1427 2543 1486 2569 etc.
1508 2540 1581 2568 Dat.
1598 2540 1798 2569 Interamne,
1816 2535 1967 2565 kalendis
1980 2534 2067 2573 julii.
2087 2533 2214 2571 pontiti-

1211 2597 1304 2622 catus
1321 2592 1425 2621 nostri
1442 2600 1528 2621 anno
1544 2591 1682 2620 decimo.
1704 2602 1715 2615 n

1281 2749 1403 2776 3225
1795 2744 1884 2776 ltieti,
1902 2743 1934 2769 16
1949 2742 2045 2775 juillet
2064 2742 2141 2767 12:36.

1246 2811 1389 2845 Episcopo
1403 2809 1585 2841 pictavensi,
1600 2811 1627 2834 et
1643 2806 1790 2840 magistris
1802 2804 1952 2832 Aimerico
1961 2803 2095 2830 Vinattli.
2109 2802 2210 2828 Sancti

1243 2924 1262 2948 1.
1280 2926 1329 2948 Ms.
1347 2932 1353 2947 :
1371 2931 1414 2947 ne.

1240 2967 1254 2991 ⁵3
1279 2968 1342 2991 l¹lus
1358 2967 1431 2995 hant,
1449 2967 1583 2994 Izulinus,
1601 2965 1757 2989 stnlinnnu
1773 2963 1817 2989 ici,
1835 2963 1983 2984 stetinum.
