<?xml version="1.0" encoding="UTF-8"?>
<!DOCTYPE html PUBLIC "-//W3C//DTD XHTML 1.0 Transitional//EN"
    "http://www.w3.org/TR/xhtml1/DTD/xhtml1-transitional.dtd">
<html xmlns="http://www.w3.org/1999/xhtml" xml:lang="en" lang="en">
 <head>
  <title>
</title>
<meta http-equiv="Content-Type" content="text/html;charset=utf-8" />
  <meta name='ocr-system' content='tesseract 3.04.00' />
  <meta name='ocr-capabilities' content='ocr_page ocr_carea ocr_par ocr_line ocrx_word'/>
</head>
<body>
  <div class='ocr_page' id='page_1' title='image "./lesregistresdale02cathuoft_0536.png"; bbox 0 0 2423 3487; ppageno 0'>
   <div class='ocr_carea' id='block_1_1' title="bbox 153 275 2244 322">
    <p class='ocr_par' dir='ltr' id='par_1_1' title="bbox 153 275 2244 322">
     <span class='ocr_line' id='line_1_1' title="bbox 153 275 2244 322; baseline -0.008 -1"><span class='ocrx_word' id='word_1_1' title='bbox 153 295 207 322; x_wconf 55' lang='grc' dir='ltr'>ΜΤ</span> <span class='ocrx_word' id='word_1_2' title='bbox 875 286 1109 317; x_wconf 69' lang='lat' dir='ltr'>nEGls&#39;rnEs</span> <span class='ocrx_word' id='word_1_3' title='bbox 1134 283 1186 312; x_wconf 85' lang='lat' dir='ltr'>DE</span> <span class='ocrx_word' id='word_1_4' title='bbox 1210 275 1431 311; x_wconf 68' lang='lat' dir='ltr'>GREGOERE</span> <span class='ocrx_word' id='word_1_5' title='bbox 1457 282 1511 311; x_wconf 73' lang='lat' dir='ltr'>IX.</span> <span class='ocrx_word' id='word_1_6' title='bbox 2186 276 2244 306; x_wconf 80' lang='lat'>968</span> 
     </span>
    </p>
   </div>
   <div class='ocr_carea' id='block_1_2' title="bbox 150 351 1162 2816">
    <p class='ocr_par' dir='ltr' id='par_1_2' title="bbox 150 351 1162 2816">
     <span class='ocr_line' id='line_1_2' title="bbox 157 351 1151 392; baseline -0.01 -5"><span class='ocrx_word' id='word_1_7' title='bbox 157 359 290 388; x_wconf 54' lang='lat' dir='ltr'>rabilem</span> <span class='ocrx_word' id='word_1_8' title='bbox 309 359 442 386; x_wconf 62' lang='lat' dir='ltr'>t&#39;ratrvm</span> <span class='ocrx_word' id='word_1_9' title='bbox 461 362 605 385; x_wconf 68' lang='lat' dir='ltr'>nostrum</span> <span class='ocrx_word' id='word_1_10' title='bbox 626 379 644 383; x_wconf 90' lang='lat'>..</span> <span class='ocrx_word' id='word_1_11' title='bbox 668 355 855 392; x_wconf 65' lang='lat' dir='ltr'>episcopum</span> <span class='ocrx_word' id='word_1_12' title='bbox 875 351 1151 383; x_wconf 64' lang='lat' dir='ltr'>Concor-liensem</span> 
     </span>
     <span class='ocr_line' id='line_1_3' title="bbox 156 402 1152 449; baseline -0.008 -9"><span class='ocrx_word' id='word_1_13' title='bbox 156 418 181 440; x_wconf 71' lang='lat' dir='ltr'>et</span> <span class='ocrx_word' id='word_1_14' title='bbox 202 411 364 449; x_wconf 76' lang='lat' dir='ltr'>quondam</span> <span class='ocrx_word' id='word_1_15' title='bbox 381 410 431 443; x_wconf 46' lang='lat' dir='ltr'>A,</span> <span class='ocrx_word' id='word_1_16' title='bbox 452 408 676 446; x_wconf 79' lang='lat' dir='ltr'>primicerium</span> <span class='ocrx_word' id='word_1_17' title='bbox 690 407 800 436; x_wconf 66' lang='lat' dir='ltr'>Sancti</span> <span class='ocrx_word' id='word_1_18' title='bbox 819 405 920 435; x_wconf 79' lang='lat' dir='ltr'>Marci</span> <span class='ocrx_word' id='word_1_19' title='bbox 935 405 972 433; x_wconf 81' lang='lat' dir='ltr'>de</span> <span class='ocrx_word' id='word_1_20' title='bbox 990 402 1152 432; x_wconf 69' lang='lat' dir='ltr'>Venetiis.</span> 
     </span>
     <span class='ocr_line' id='line_1_4' title="bbox 155 455 1151 499; baseline -0.01 -7"><span class='ocrx_word' id='word_1_21' title='bbox 155 464 279 493; x_wconf 84' lang='lat' dir='ltr'>litteras</span> <span class='ocrx_word' id='word_1_22' title='bbox 299 463 503 499; x_wconf 66' lang='lat' dir='ltr'>impetrasset</span> <span class='ocrx_word' id='word_1_23' title='bbox 522 460 672 489; x_wconf 83' lang='lat' dir='ltr'>:tandem</span> <span class='ocrx_word' id='word_1_24' title='bbox 691 459 771 497; x_wconf 77' lang='lat' dir='ltr'>ipsa.</span> <span class='ocrx_word' id='word_1_25' title='bbox 791 467 847 496; x_wconf 84' lang='lat' dir='ltr'>per</span> <span class='ocrx_word' id='word_1_26' title='bbox 866 457 994 487; x_wconf 75' lang='lat' dir='ltr'>eosdem</span> <span class='ocrx_word' id='word_1_27' title='bbox 1012 455 1151 493; x_wconf 77' lang='lat' dir='ltr'>judices.</span> 
     </span>
     <span class='ocr_line' id='line_1_5' title="bbox 150 507 1154 553; baseline -0.01 -8"><span class='ocrx_word' id='word_1_28' title='bbox 150 516 235 553; x_wconf 76' lang='lat' dir='ltr'>juris</span> <span class='ocrx_word' id='word_1_29' title='bbox 253 515 366 543; x_wconf 79' lang='lat' dir='ltr'>ordine</span> <span class='ocrx_word' id='word_1_30' title='bbox 384 513 606 551; x_wconf 78' lang='lat' dir='ltr'>pretermisso.</span> <span class='ocrx_word' id='word_1_31' title='bbox 626 521 643 541; x_wconf 88' lang='lat' dir='ltr'>a</span> <span class='ocrx_word' id='word_1_32' title='bbox 665 517 736 541; x_wconf 80' lang='lat' dir='ltr'>voto</span> <span class='ocrx_word' id='word_1_33' title='bbox 759 509 947 549; x_wconf 80' lang='lat' dir='ltr'>hujusmodi</span> <span class='ocrx_word' id='word_1_34' title='bbox 972 507 1154 537; x_wconf 75' lang='lat' dir='ltr'>sententia-</span> 
     </span>
     <span class='ocr_line' id='line_1_6' title="bbox 155 560 1155 599; baseline -0.009 -2"><span class='ocrx_word' id='word_1_35' title='bbox 155 569 228 597; x_wconf 88' lang='lat' dir='ltr'>liter</span> <span class='ocrx_word' id='word_1_36' title='bbox 245 567 403 599; x_wconf 68' lang='lat' dir='ltr'>absoluta,</span> <span class='ocrx_word' id='word_1_37' title='bbox 423 565 640 595; x_wconf 80' lang='lat' dir='ltr'>incontinenti</span> <span class='ocrx_word' id='word_1_38' title='bbox 659 565 744 593; x_wconf 72' lang='lat' dir='ltr'>dicto</span> <span class='ocrx_word' id='word_1_39' title='bbox 764 564 906 593; x_wconf 78' lang='lat' dir='ltr'>Hem-ico</span> <span class='ocrx_word' id='word_1_40' title='bbox 930 570 963 591; x_wconf 81' lang='lat' dir='ltr'>se</span> <span class='ocrx_word' id='word_1_41' title='bbox 985 560 1155 590; x_wconf 87' lang='lat' dir='ltr'>matrimo-</span> 
     </span>
     <span class='ocr_line' id='line_1_7' title="bbox 156 613 1153 657; baseline -0.009 -8"><span class='ocrx_word' id='word_1_42' title='bbox 156 620 287 649; x_wconf 78' lang='lat' dir='ltr'>nialiter</span> <span class='ocrx_word' id='word_1_43' title='bbox 303 618 483 657; x_wconf 69' lang='lat' dir='ltr'>copulavit:</span> <span class='ocrx_word' id='word_1_44' title='bbox 503 623 543 647; x_wconf 83' lang='lat' dir='ltr'>et.</span> <span class='ocrx_word' id='word_1_45' title='bbox 563 618 706 647; x_wconf 71' lang='lat' dir='ltr'>existens</span> <span class='ocrx_word' id='word_1_46' title='bbox 726 616 919 654; x_wconf 72' lang='lat' dir='ltr'>aliquandiu</span> <span class='ocrx_word' id='word_1_47' title='bbox 937 623 1009 644; x_wconf 87' lang='lat' dir='ltr'>cum</span> <span class='ocrx_word' id='word_1_48' title='bbox 1029 613 1153 647; x_wconf 74' lang='lat' dir='ltr'>eodeni,</span> 
     </span>
     <span class='ocr_line' id='line_1_8' title="bbox 156 665 1155 710; baseline -0.008 -9"><span class='ocrx_word' id='word_1_49' title='bbox 156 682 217 701; x_wconf 77' lang='lat' dir='ltr'>uon</span> <span class='ocrx_word' id='word_1_50' title='bbox 236 677 304 710; x_wconf 78' lang='lat' dir='ltr'>post</span> <span class='ocrx_word' id='word_1_51' title='bbox 325 671 462 700; x_wconf 89' lang='lat' dir='ltr'>multum</span> <span class='ocrx_word' id='word_1_52' title='bbox 487 670 641 708; x_wconf 88' lang='lat' dir='ltr'>temporis</span> <span class='ocrx_word' id='word_1_53' title='bbox 663 668 868 698; x_wconf 71' lang='lat' dir='ltr'>rouunisisse</span> <span class='ocrx_word' id='word_1_54' title='bbox 890 667 1010 696; x_wconf 86' lang='lat' dir='ltr'>dicitur</span> <span class='ocrx_word' id='word_1_55' title='bbox 1028 665 1155 694; x_wconf 82' lang='lat' dir='ltr'>adulte-</span> 
     </span>
     <span class='ocr_line' id='line_1_9' title="bbox 156 717 1155 753; baseline -0.008 0"><span class='ocrx_word' id='word_1_56' title='bbox 156 725 238 753; x_wconf 87' lang='lat' dir='ltr'>rium</span> <span class='ocrx_word' id='word_1_57' title='bbox 259 733 331 753; x_wconf 65' lang='lat' dir='ltr'>cum</span> <span class='ocrx_word' id='word_1_58' title='bbox 348 723 529 753; x_wconf 66' lang='lat' dir='ltr'>Mansrmlo,</span> <span class='ocrx_word' id='word_1_59' title='bbox 556 722 660 751; x_wconf 85' lang='lat' dir='ltr'>milite</span> <span class='ocrx_word' id='word_1_60' title='bbox 683 721 872 753; x_wconf 75' lang='lat' dir='ltr'>Tervisino;</span> <span class='ocrx_word' id='word_1_61' title='bbox 897 724 938 749; x_wconf 84' lang='lat' dir='ltr'>et.</span> <span class='ocrx_word' id='word_1_62' title='bbox 959 723 993 747; x_wconf 91' lang='lat' dir='ltr'>ut</span> <span class='ocrx_word' id='word_1_63' title='bbox 1017 717 1155 746; x_wconf 77' lang='lat' dir='ltr'>liberius</span> 
     </span>
     <span class='ocr_line' id='line_1_10' title="bbox 156 769 1154 815; baseline -0.008 -10"><span class='ocrx_word' id='word_1_64' title='bbox 156 781 261 815; x_wconf 62' lang='lat' dir='ltr'>posset</span> <span class='ocrx_word' id='word_1_65' title='bbox 279 784 351 805; x_wconf 78' lang='lat' dir='ltr'>cum</span> <span class='ocrx_word' id='word_1_66' title='bbox 369 784 406 804; x_wconf 85' lang='lat' dir='ltr'>eo</span> <span class='ocrx_word' id='word_1_67' title='bbox 423 774 620 804; x_wconf 85' lang='lat' dir='ltr'>adulterium</span> <span class='ocrx_word' id='word_1_68' title='bbox 644 778 840 812; x_wconf 73' lang='lat' dir='ltr'>perpetrare.</span> <span class='ocrx_word' id='word_1_69' title='bbox 862 781 878 801; x_wconf 89' lang='lat' dir='ltr'>a</span> <span class='ocrx_word' id='word_1_70' title='bbox 901 771 994 800; x_wconf 91' lang='lat' dir='ltr'>domo</span> <span class='ocrx_word' id='word_1_71' title='bbox 1018 769 1154 808; x_wconf 80' lang='lat' dir='ltr'>predicti</span> 
     </span>
     <span class='ocr_line' id='line_1_11' title="bbox 156 822 1153 862; baseline -0.009 -3"><span class='ocrx_word' id='word_1_72' title='bbox 156 829 289 859; x_wconf 63' lang='lat' dir='ltr'>Heni-ici</span> <span class='ocrx_word' id='word_1_73' title='bbox 307 828 446 856; x_wconf 66' lang='lat' dir='ltr'>latenter</span> <span class='ocrx_word' id='word_1_74' title='bbox 463 827 646 856; x_wconf 77' lang='lat' dir='ltr'>discedens.</span> <span class='ocrx_word' id='word_1_75' title='bbox 666 826 703 854; x_wconf 69' lang='lat' dir='ltr'>de</span> <span class='ocrx_word' id='word_1_76' title='bbox 721 825 815 854; x_wconf 77' lang='lat' dir='ltr'>bonis</span> <span class='ocrx_word' id='word_1_77' title='bbox 833 824 937 862; x_wconf 82' lang='lat' dir='ltr'>ipsius</span> <span class='ocrx_word' id='word_1_78' title='bbox 958 823 996 852; x_wconf 78' lang='lat' dir='ltr'>H.</span> <span class='ocrx_word' id='word_1_79' title='bbox 1015 822 1153 861; x_wconf 82' lang='lat' dir='ltr'>portavit</span> 
     </span>
     <span class='ocr_line' id='line_1_12' title="bbox 155 875 1156 917; baseline -0.009 -6"><span class='ocrx_word' id='word_1_80' title='bbox 155 890 264 911; x_wconf 63' lang='lat' dir='ltr'>set-um</span> <span class='ocrx_word' id='word_1_81' title='bbox 286 889 350 909; x_wconf 89' lang='lat' dir='ltr'>non</span> <span class='ocrx_word' id='word_1_82' title='bbox 372 880 532 909; x_wconf 73' lang='lat' dir='ltr'>modicam</span> <span class='ocrx_word' id='word_1_83' title='bbox 552 879 689 917; x_wconf 82' lang='lat' dir='ltr'>pecunie</span> <span class='ocrx_word' id='word_1_84' title='bbox 707 877 943 916; x_wconf 67' lang='lat' dir='ltr'>quantitatem:</span> <span class='ocrx_word' id='word_1_85' title='bbox 968 884 1014 905; x_wconf 86' lang='lat' dir='ltr'>ac.</span> <span class='ocrx_word' id='word_1_86' title='bbox 1036 875 1156 904; x_wconf 85' lang='lat' dir='ltr'>iterum</span> 
     </span>
     <span class='ocr_line' id='line_1_13' title="bbox 154 926 1155 971; baseline -0.007 -7"><span class='ocrx_word' id='word_1_87' title='bbox 154 934 259 964; x_wconf 71' lang='lat' dir='ltr'>eidem</span> <span class='ocrx_word' id='word_1_88' title='bbox 277 932 499 971; x_wconf 65' lang='lat' dir='ltr'>predecessori</span> <span class='ocrx_word' id='word_1_89' title='bbox 522 936 632 961; x_wconf 79' lang='lat' dir='ltr'>nostro</span> <span class='ocrx_word' id='word_1_90' title='bbox 652 935 805 967; x_wconf 71' lang='lat' dir='ltr'>suggesto</span> <span class='ocrx_word' id='word_1_91' title='bbox 828 929 913 968; x_wconf 78' lang='lat' dir='ltr'>quod</span> <span class='ocrx_word' id='word_1_92' title='bbox 935 928 1030 958; x_wconf 79' lang='lat' dir='ltr'>vellet</span> <span class='ocrx_word' id='word_1_93' title='bbox 1049 926 1155 957; x_wconf 85' lang='lat' dir='ltr'>redire</span> 
     </span>
     <span class='ocr_line' id='line_1_14' title="bbox 155 981 1157 1023; baseline -0.007 -8"><span class='ocrx_word' id='word_1_94' title='bbox 155 986 192 1015; x_wconf 81' lang='lat' dir='ltr'>ad</span> <span class='ocrx_word' id='word_1_95' title='bbox 217 990 337 1015; x_wconf 80' lang='lat' dir='ltr'>statum</span> <span class='ocrx_word' id='word_1_96' title='bbox 362 985 539 1023; x_wconf 88' lang='lat' dir='ltr'>pristinum</span> <span class='ocrx_word' id='word_1_97' title='bbox 557 989 586 1014; x_wconf 87' lang='lat' dir='ltr'>et</span> <span class='ocrx_word' id='word_1_98' title='bbox 611 988 721 1013; x_wconf 83' lang='lat' dir='ltr'>votum</span> <span class='ocrx_word' id='word_1_99' title='bbox 745 982 959 1015; x_wconf 72' lang='lat' dir='ltr'>continentie,</span> <span class='ocrx_word' id='word_1_100' title='bbox 978 981 1063 1010; x_wconf 78' lang='lat' dir='ltr'>sicut</span> <span class='ocrx_word' id='word_1_101' title='bbox 1083 989 1157 1018; x_wconf 84' lang='lat' dir='ltr'>pro-</span> 
     </span>
     <span class='ocr_line' id='line_1_15' title="bbox 157 1032 1155 1075; baseline -0.007 -8"><span class='ocrx_word' id='word_1_102' title='bbox 157 1039 305 1071; x_wconf 81' lang='lat' dir='ltr'>miserat,</span> <span class='ocrx_word' id='word_1_103' title='bbox 332 1038 525 1071; x_wconf 74' lang='lat' dir='ltr'>observare,</span> <span class='ocrx_word' id='word_1_104' title='bbox 556 1045 653 1075; x_wconf 87' lang='lat' dir='ltr'>super</span> <span class='ocrx_word' id='word_1_105' title='bbox 680 1036 738 1065; x_wconf 79' lang='lat' dir='ltr'>lioe</span> <span class='ocrx_word' id='word_1_106' title='bbox 768 1035 807 1065; x_wconf 84' lang='lat' dir='ltr'>ad</span> <span class='ocrx_word' id='word_1_107' title='bbox 836 1035 919 1064; x_wconf 80' lang='lat' dir='ltr'>bone</span> <span class='ocrx_word' id='word_1_108' title='bbox 948 1032 1105 1063; x_wconf 83' lang='lat' dir='ltr'>memorie</span> <span class='ocrx_word' id='word_1_109' title='bbox 1136 1055 1155 1060; x_wconf 91' lang='lat'>..</span> 
     </span>
     <span class='ocr_line' id='line_1_16' title="bbox 155 1086 1155 1130; baseline -0.008 -9"><span class='ocrx_word' id='word_1_110' title='bbox 155 1091 343 1130; x_wconf 71' lang='lat' dir='ltr'>episcopum</span> <span class='ocrx_word' id='word_1_111' title='bbox 370 1090 582 1127; x_wconf 69' lang='lat' dir='ltr'>Clugiensem</span> <span class='ocrx_word' id='word_1_112' title='bbox 607 1094 635 1119; x_wconf 84' lang='lat' dir='ltr'>et</span> <span class='ocrx_word' id='word_1_113' title='bbox 667 1090 737 1128; x_wconf 76' lang='lat' dir='ltr'>ejus</span> <span class='ocrx_word' id='word_1_114' title='bbox 766 1087 954 1126; x_wconf 76' lang='lat' dir='ltr'>conjudices</span> <span class='ocrx_word' id='word_1_115' title='bbox 983 1086 1111 1115; x_wconf 88' lang='lat' dir='ltr'>litteras</span> <span class='ocrx_word' id='word_1_116' title='bbox 1139 1094 1155 1114; x_wconf 82' lang='lat' dir='ltr'>a</span> 
     </span>
     <span class='ocr_line' id='line_1_17' title="bbox 155 1139 1154 1182; baseline -0.007 -8"><span class='ocrx_word' id='word_1_117' title='bbox 155 1143 643 1182; x_wconf 69' lang='lat' dir='ltr'>SedeApostolicaimpetravit¹</span> <span class='ocrx_word' id='word_1_118' title='bbox 657 1153 662 1177; x_wconf 68' lang='grc' dir='ltr'><strong>ς</strong></span> <span class='ocrx_word' id='word_1_119' title='bbox 677 1141 895 1181; x_wconf 71' lang='lat' dir='ltr'>qui,cognitis</span> <span class='ocrx_word' id='word_1_120' title='bbox 905 1149 1003 1170; x_wconf 82' lang='lat' dir='ltr'>cause</span> <span class='ocrx_word' id='word_1_121' title='bbox 1014 1139 1154 1171; x_wconf 81' lang='lat' dir='ltr'>meritis,</span> 
     </span>
     <span class='ocr_line' id='line_1_18' title="bbox 156 1191 1156 1235; baseline -0.007 -10"><span class='ocrx_word' id='word_1_122' title='bbox 156 1196 244 1226; x_wconf 79' lang='lat' dir='ltr'>illam</span> <span class='ocrx_word' id='word_1_123' title='bbox 263 1206 280 1225; x_wconf 85' lang='lat' dir='ltr'>a</span> <span class='ocrx_word' id='word_1_124' title='bbox 299 1196 455 1235; x_wconf 78' lang='lat' dir='ltr'>jamdicto</span> <span class='ocrx_word' id='word_1_125' title='bbox 478 1195 579 1225; x_wconf 84' lang='lat' dir='ltr'>nobili</span> <span class='ocrx_word' id='word_1_126' title='bbox 603 1194 847 1225; x_wconf 64' lang='lat' dir='ltr'>senmuialitei·</span> <span class='ocrx_word' id='word_1_127' title='bbox 868 1196 1071 1231; x_wconf 70' lang='lat' dir='ltr'>separantes,</span> <span class='ocrx_word' id='word_1_128' title='bbox 1095 1191 1156 1221; x_wconf 67' lang='lat' dir='ltr'>suli</span> 
     </span>
     <span class='ocr_line' id='line_1_19' title="bbox 157 1244 1156 1288; baseline -0.005 -10"><span class='ocrx_word' id='word_1_129' title='bbox 157 1258 238 1288; x_wconf 84' lang='lat' dir='ltr'>pena</span> <span class='ocrx_word' id='word_1_130' title='bbox 248 1248 595 1278; x_wconf 76' lang='lat' dir='ltr'>excommunicationis</span> <span class='ocrx_word' id='word_1_131' title='bbox 609 1247 847 1276; x_wconf 76' lang='lat' dir='ltr'>mandaverunt</span> <span class='ocrx_word' id='word_1_132' title='bbox 861 1245 966 1275; x_wconf 89' lang='lat' dir='ltr'>eidem</span> <span class='ocrx_word' id='word_1_133' title='bbox 980 1254 1019 1275; x_wconf 86' lang='lat' dir='ltr'>nc</span> <span class='ocrx_word' id='word_1_134' title='bbox 1029 1244 1156 1274; x_wconf 77' lang='lat' dir='ltr'>veniret</span> 
     </span>
     <span class='ocr_line' id='line_1_20' title="bbox 156 1297 1156 1338; baseline -0.005 -7"><span class='ocrx_word' id='word_1_135' title='bbox 156 1303 193 1332; x_wconf 85' lang='lat' dir='ltr'>de</span> <span class='ocrx_word' id='word_1_136' title='bbox 211 1306 317 1331; x_wconf 81' lang='lat' dir='ltr'>cetero</span> <span class='ocrx_word' id='word_1_137' title='bbox 334 1306 445 1331; x_wconf 86' lang='lat' dir='ltr'>eontra</span> <span class='ocrx_word' id='word_1_138' title='bbox 464 1306 584 1330; x_wconf 80' lang='lat' dir='ltr'>votum.</span> <span class='ocrx_word' id='word_1_139' title='bbox 608 1301 669 1330; x_wconf 82' lang='lat' dir='ltr'>Sed</span> <span class='ocrx_word' id='word_1_140' title='bbox 689 1300 770 1338; x_wconf 88' lang='lat' dir='ltr'>ipsa.</span> <span class='ocrx_word' id='word_1_141' title='bbox 795 1298 985 1338; x_wconf 82' lang='lat' dir='ltr'>hujusmodi</span> <span class='ocrx_word' id='word_1_142' title='bbox 1003 1297 1156 1327; x_wconf 83' lang='lat' dir='ltr'>mandato</span> 
     </span>
     <span class='ocr_line' id='line_1_21' title="bbox 155 1351 1156 1393; baseline -0.006 -9"><span class='ocrx_word' id='word_1_143' title='bbox 155 1359 338 1393; x_wconf 85' lang='lat' dir='ltr'>contempto</span> <span class='ocrx_word' id='word_1_144' title='bbox 355 1358 384 1384; x_wconf 88' lang='lat' dir='ltr'>et</span> <span class='ocrx_word' id='word_1_145' title='bbox 404 1354 605 1383; x_wconf 80' lang='lat' dir='ltr'>continentie</span> <span class='ocrx_word' id='word_1_146' title='bbox 626 1354 745 1383; x_wconf 80' lang='lat' dir='ltr'>iterum</span> <span class='ocrx_word' id='word_1_147' title='bbox 768 1357 840 1382; x_wconf 80' lang='lat' dir='ltr'>voto</span> <span class='ocrx_word' id='word_1_148' title='bbox 865 1352 979 1381; x_wconf 74' lang='lat' dir='ltr'>fracto.</span> <span class='ocrx_word' id='word_1_149' title='bbox 1003 1351 1041 1380; x_wconf 87' lang='lat' dir='ltr'>de</span> <span class='ocrx_word' id='word_1_150' title='bbox 1063 1354 1156 1379; x_wconf 88' lang='lat' dir='ltr'>nocte</span> 
     </span>
     <span class='ocr_line' id='line_1_22' title="bbox 157 1402 1156 1444; baseline -0.005 -8"><span class='ocrx_word' id='word_1_151' title='bbox 157 1407 286 1444; x_wconf 72' lang='lat' dir='ltr'>fugiens</span> <span class='ocrx_word' id='word_1_152' title='bbox 304 1406 341 1435; x_wconf 82' lang='lat' dir='ltr'>de</span> <span class='ocrx_word' id='word_1_153' title='bbox 361 1406 509 1436; x_wconf 74' lang='lat' dir='ltr'>Venetiis</span> <span class='ocrx_word' id='word_1_154' title='bbox 529 1415 565 1435; x_wconf 85' lang='lat' dir='ltr'>ae</span> <span class='ocrx_word' id='word_1_155' title='bbox 587 1405 744 1435; x_wconf 75' lang='lat' dir='ltr'>accedens</span> <span class='ocrx_word' id='word_1_156' title='bbox 767 1404 965 1435; x_wconf 83' lang='lat' dir='ltr'>Tervisium,</span> <span class='ocrx_word' id='word_1_157' title='bbox 987 1402 1156 1432; x_wconf 87' lang='lat' dir='ltr'>matrimo-</span> 
     </span>
     <span class='ocr_line' id='line_1_23' title="bbox 157 1456 1157 1497; baseline -0.006 -8"><span class='ocrx_word' id='word_1_158' title='bbox 157 1460 246 1489; x_wconf 88' lang='lat' dir='ltr'>nium</span> <span class='ocrx_word' id='word_1_159' title='bbox 262 1460 299 1489; x_wconf 86' lang='lat' dir='ltr'>de</span> <span class='ocrx_word' id='word_1_160' title='bbox 313 1460 397 1488; x_wconf 81' lang='lat' dir='ltr'>facto</span> <span class='ocrx_word' id='word_1_161' title='bbox 410 1468 482 1488; x_wconf 85' lang='lat' dir='ltr'>cuin</span> <span class='ocrx_word' id='word_1_162' title='bbox 493 1459 637 1497; x_wconf 86' lang='lat' dir='ltr'>predicto</span> <span class='ocrx_word' id='word_1_163' title='bbox 650 1457 820 1488; x_wconf 86' lang='lat' dir='ltr'>Mansredo</span> <span class='ocrx_word' id='word_1_164' title='bbox 833 1456 1004 1487; x_wconf 77' lang='lat' dir='ltr'>contraxit.</span> <span class='ocrx_word' id='word_1_165' title='bbox 1021 1456 1157 1493; x_wconf 86' lang='lat' dir='ltr'>Propter</span> 
     </span>
     <span class='ocr_line' id='line_1_24' title="bbox 156 1509 1157 1551; baseline -0.005 -10"><span class='ocrx_word' id='word_1_166' title='bbox 156 1513 241 1551; x_wconf 79' lang='lat' dir='ltr'>quod</span> <span class='ocrx_word' id='word_1_167' title='bbox 257 1512 355 1541; x_wconf 83' lang='lat' dir='ltr'>iidem</span> <span class='ocrx_word' id='word_1_168' title='bbox 370 1512 497 1550; x_wconf 76' lang='lat' dir='ltr'>judices</span> <span class='ocrx_word' id='word_1_169' title='bbox 517 1512 673 1542; x_wconf 76' lang='lat' dir='ltr'>tulerunt.</span> <span class='ocrx_word' id='word_1_170' title='bbox 699 1511 848 1548; x_wconf 72' lang='lat' dir='ltr'>exigente</span> <span class='ocrx_word' id='word_1_171' title='bbox 866 1509 1008 1548; x_wconf 83' lang='lat' dir='ltr'>justitia,</span> <span class='ocrx_word' id='word_1_172' title='bbox 1028 1517 1157 1538; x_wconf 81' lang='lat' dir='ltr'>excom-</span> 
     </span>
     <span class='ocr_line' id='line_1_25' title="bbox 157 1563 1157 1595; baseline -0.006 -1"><span class='ocrx_word' id='word_1_173' title='bbox 157 1565 388 1595; x_wconf 77' lang='lat' dir='ltr'>municationis</span> <span class='ocrx_word' id='word_1_174' title='bbox 408 1565 605 1594; x_wconf 77' lang='lat' dir='ltr'>sententiam</span> <span class='ocrx_word' id='word_1_175' title='bbox 624 1565 657 1593; x_wconf 90' lang='lat' dir='ltr'>in</span> <span class='ocrx_word' id='word_1_176' title='bbox 681 1563 824 1594; x_wconf 80' lang='lat' dir='ltr'>eosdem.</span> <span class='ocrx_word' id='word_1_177' title='bbox 843 1572 877 1592; x_wconf 83' lang='lat' dir='ltr'>ac</span> <span class='ocrx_word' id='word_1_178' title='bbox 898 1571 953 1592; x_wconf 79' lang='lat' dir='ltr'>eos</span> <span class='ocrx_word' id='word_1_179' title='bbox 970 1570 1157 1591; x_wconf 76' lang='lat' dir='ltr'>excommu-</span> 
     </span>
     <span class='ocr_line' id='line_1_26' title="bbox 156 1613 1155 1654; baseline -0.005 -7"><span class='ocrx_word' id='word_1_180' title='bbox 156 1619 279 1647; x_wconf 71' lang='lat' dir='ltr'>nicatos</span> <span class='ocrx_word' id='word_1_181' title='bbox 296 1618 445 1647; x_wconf 67' lang='lat' dir='ltr'>Venetiis</span> <span class='ocrx_word' id='word_1_182' title='bbox 469 1622 497 1646; x_wconf 80' lang='lat' dir='ltr'>et</span> <span class='ocrx_word' id='word_1_183' title='bbox 520 1617 661 1647; x_wconf 80' lang='lat' dir='ltr'>Tervisii</span> <span class='ocrx_word' id='word_1_184' title='bbox 681 1617 828 1646; x_wconf 82' lang='lat' dir='ltr'>fecerunt</span> <span class='ocrx_word' id='word_1_185' title='bbox 847 1615 977 1654; x_wconf 78' lang='lat' dir='ltr'>publice</span> <span class='ocrx_word' id='word_1_186' title='bbox 995 1613 1155 1644; x_wconf 87' lang='lat' dir='ltr'>nuntiari.</span> 
     </span>
     <span class='ocr_line' id='line_1_27' title="bbox 155 1666 1158 1708; baseline -0.006 -8"><span class='ocrx_word' id='word_1_187' title='bbox 155 1671 237 1701; x_wconf 91' lang='lat' dir='ltr'>Cum</span> <span class='ocrx_word' id='word_1_188' title='bbox 249 1675 355 1700; x_wconf 81' lang='lat' dir='ltr'>autem</span> <span class='ocrx_word' id='word_1_189' title='bbox 371 1670 489 1699; x_wconf 88' lang='lat' dir='ltr'>mulier</span> <span class='ocrx_word' id='word_1_190' title='bbox 501 1670 582 1708; x_wconf 90' lang='lat' dir='ltr'>ipsa.</span> <span class='ocrx_word' id='word_1_191' title='bbox 596 1670 682 1699; x_wconf 80' lang='lat' dir='ltr'>dicta</span> <span class='ocrx_word' id='word_1_192' title='bbox 695 1667 1031 1699; x_wconf 75' lang='lat' dir='ltr'>excommunicatione</span> <span class='ocrx_word' id='word_1_193' title='bbox 1045 1666 1158 1704; x_wconf 88' lang='lat' dir='ltr'>damp-</span> 
     </span>
     <span class='ocr_line' id='line_1_28' title="bbox 157 1721 1157 1761; baseline -0.005 -8"><span class='ocrx_word' id='word_1_194' title='bbox 157 1723 311 1753; x_wconf 73' lang='lat' dir='ltr'>nabiliter</span> <span class='ocrx_word' id='word_1_195' title='bbox 325 1723 498 1761; x_wconf 81' lang='lat' dir='ltr'>vilipensa,</span> <span class='ocrx_word' id='word_1_196' title='bbox 515 1732 589 1752; x_wconf 83' lang='lat' dir='ltr'>cum</span> <span class='ocrx_word' id='word_1_197' title='bbox 606 1723 750 1760; x_wconf 76' lang='lat' dir='ltr'>predicto</span> <span class='ocrx_word' id='word_1_198' title='bbox 763 1721 866 1751; x_wconf 80' lang='lat' dir='ltr'>milite</span> <span class='ocrx_word' id='word_1_199' title='bbox 882 1721 938 1750; x_wconf 90' lang='lat' dir='ltr'>diu</span> <span class='ocrx_word' id='word_1_200' title='bbox 954 1728 1104 1753; x_wconf 69' lang='lat' dir='ltr'>manens,</span> <span class='ocrx_word' id='word_1_201' title='bbox 1121 1728 1157 1749; x_wconf 79' lang='lat' dir='ltr'>cx</span> 
     </span>
     <span class='ocr_line' id='line_1_29' title="bbox 157 1772 1157 1813; baseline -0.004 -8"><span class='ocrx_word' id='word_1_202' title='bbox 157 1785 193 1805; x_wconf 70' lang='lat' dir='ltr'>eo</span> <span class='ocrx_word' id='word_1_203' title='bbox 213 1775 295 1805; x_wconf 76' lang='lat' dir='ltr'>tilios</span> <span class='ocrx_word' id='word_1_204' title='bbox 320 1776 499 1813; x_wconf 67' lang='lat' dir='ltr'>genuisse—t.</span> <span class='ocrx_word' id='word_1_205' title='bbox 526 1775 666 1810; x_wconf 75' lang='lat' dir='ltr'>demum,</span> <span class='ocrx_word' id='word_1_206' title='bbox 694 1774 847 1804; x_wconf 84' lang='lat' dir='ltr'>omnihus</span> <span class='ocrx_word' id='word_1_207' title='bbox 869 1773 964 1803; x_wconf 69' lang='lat' dir='ltr'>lionis</span> <span class='ocrx_word' id='word_1_208' title='bbox 988 1782 1050 1811; x_wconf 81' lang='lat' dir='ltr'>que</span> <span class='ocrx_word' id='word_1_209' title='bbox 1073 1772 1157 1801; x_wconf 84' lang='lat' dir='ltr'>dotis</span> 
     </span>
     <span class='ocr_line' id='line_1_30' title="bbox 157 1826 1158 1865; baseline -0.005 -7"><span class='ocrx_word' id='word_1_210' title='bbox 157 1839 213 1859; x_wconf 66' lang='lat' dir='ltr'>sue</span> <span class='ocrx_word' id='word_1_211' title='bbox 245 1830 374 1859; x_wconf 88' lang='lat' dir='ltr'>nomine</span> <span class='ocrx_word' id='word_1_212' title='bbox 408 1829 526 1859; x_wconf 73' lang='lat' dir='ltr'>tulerat</span> <span class='ocrx_word' id='word_1_213' title='bbox 561 1838 683 1863; x_wconf 80' lang='lat' dir='ltr'>secum,</span> <span class='ocrx_word' id='word_1_214' title='bbox 718 1827 932 1865; x_wconf 75' lang='lat' dir='ltr'>consumptis,</span> <span class='ocrx_word' id='word_1_215' title='bbox 968 1826 1158 1856; x_wconf 84' lang='lat' dir='ltr'>nominatus.</span> 
     </span>
     <span class='ocr_line' id='line_1_31' title="bbox 157 1881 1157 1921; baseline -0.005 -9"><span class='ocrx_word' id='word_1_216' title='bbox 157 1883 261 1917; x_wconf 73' lang='lat' dir='ltr'>miles,</span> <span class='ocrx_word' id='word_1_217' title='bbox 290 1883 401 1912; x_wconf 87' lang='lat' dir='ltr'>eadem</span> <span class='ocrx_word' id='word_1_218' title='bbox 433 1892 451 1912; x_wconf 84' lang='lat' dir='ltr'>a</span> <span class='ocrx_word' id='word_1_219' title='bbox 479 1892 512 1912; x_wconf 86' lang='lat' dir='ltr'>se</span> <span class='ocrx_word' id='word_1_220' title='bbox 540 1883 672 1921; x_wconf 81' lang='lat' dir='ltr'>rejecta,</span> <span class='ocrx_word' id='word_1_221' title='bbox 705 1881 827 1919; x_wconf 85' lang='lat' dir='ltr'>recepit</span> <span class='ocrx_word' id='word_1_222' title='bbox 857 1881 996 1919; x_wconf 81' lang='lat' dir='ltr'>primam</span> <span class='ocrx_word' id='word_1_223' title='bbox 1024 1888 1157 1909; x_wconf 80' lang='lat' dir='ltr'>uxorem</span> 
     </span>
     <span class='ocr_line' id='line_1_32' title="bbox 156 1933 1158 1974; baseline -0.003 -10"><span class='ocrx_word' id='word_1_224' title='bbox 156 1945 253 1974; x_wconf 76' lang='lat' dir='ltr'>quam</span> <span class='ocrx_word' id='word_1_225' title='bbox 269 1935 439 1965; x_wconf 72' lang='lat' dir='ltr'>occasione</span> <span class='ocrx_word' id='word_1_226' title='bbox 462 1935 553 1965; x_wconf 89' lang='lat' dir='ltr'>illius</span> <span class='ocrx_word' id='word_1_227' title='bbox 577 1935 697 1965; x_wconf 80' lang='lat' dir='ltr'>dicitur</span> <span class='ocrx_word' id='word_1_228' title='bbox 720 1934 899 1964; x_wconf 80' lang='lat' dir='ltr'>dimisisse.</span> <span class='ocrx_word' id='word_1_229' title='bbox 926 1933 1021 1964; x_wconf 74' lang='lat' dir='ltr'>Unde</span> <span class='ocrx_word' id='word_1_230' title='bbox 1044 1941 1158 1971; x_wconf 86' lang='lat' dir='ltr'>preno-</span> 
     </span>
     <span class='ocr_line' id='line_1_33' title="bbox 158 1984 1159 2025; baseline -0.003 -8"><span class='ocrx_word' id='word_1_231' title='bbox 158 1989 281 2018; x_wconf 84' lang='lat' dir='ltr'>minata</span> <span class='ocrx_word' id='word_1_232' title='bbox 309 1988 437 2023; x_wconf 86' lang='lat' dir='ltr'>mulier,</span> <span class='ocrx_word' id='word_1_233' title='bbox 464 1988 622 2018; x_wconf 81' lang='lat' dir='ltr'>Venetias</span> <span class='ocrx_word' id='word_1_234' title='bbox 647 1988 788 2022; x_wconf 84' lang='lat' dir='ltr'>rediens,</span> <span class='ocrx_word' id='word_1_235' title='bbox 815 1986 928 2025; x_wconf 79' lang='lat' dir='ltr'>ibique</span> <span class='ocrx_word' id='word_1_236' title='bbox 956 1986 990 2014; x_wconf 92' lang='lat' dir='ltr'>in</span> <span class='ocrx_word' id='word_1_237' title='bbox 1017 1984 1159 2015; x_wconf 84' lang='lat' dir='ltr'>seculari</span> 
     </span>
     <span class='ocr_line' id='line_1_34' title="bbox 157 2038 1156 2077; baseline -0.003 -8"><span class='ocrx_word' id='word_1_238' title='bbox 157 2041 270 2070; x_wconf 73' lang='lat' dir='ltr'>habitu</span> <span class='ocrx_word' id='word_1_239' title='bbox 284 2041 383 2070; x_wconf 84' lang='lat' dir='ltr'>vitam</span> <span class='ocrx_word' id='word_1_240' title='bbox 397 2041 519 2070; x_wconf 82' lang='lat' dir='ltr'>ducens</span> <span class='ocrx_word' id='word_1_241' title='bbox 532 2041 740 2070; x_wconf 83' lang='lat' dir='ltr'>inhonestam</span> <span class='ocrx_word' id='word_1_242' title='bbox 757 2044 786 2069; x_wconf 51' lang='lat' dir='ltr'>et¹</span> <span class='ocrx_word' id='word_1_243' title='bbox 803 2039 934 2077; x_wconf 81' lang='lat' dir='ltr'>penitus</span> <span class='ocrx_word' id='word_1_244' title='bbox 951 2038 1156 2072; x_wconf 75' lang='lat' dir='ltr'>dissolutam,</span> 
     </span>
     <span class='ocr_line' id='line_1_35' title="bbox 157 2091 1156 2132; baseline -0.004 -9"><span class='ocrx_word' id='word_1_245' title='bbox 157 2094 190 2122; x_wconf 84' lang='lat' dir='ltr'>in</span> <span class='ocrx_word' id='word_1_246' title='bbox 219 2093 326 2123; x_wconf 83' lang='lat' dir='ltr'>anime</span> <span class='ocrx_word' id='word_1_247' title='bbox 354 2103 410 2123; x_wconf 78' lang='lat' dir='ltr'>sue</span> <span class='ocrx_word' id='word_1_248' title='bbox 438 2093 618 2132; x_wconf 75' lang='lat' dir='ltr'>periculum</span> <span class='ocrx_word' id='word_1_249' title='bbox 645 2098 675 2123; x_wconf 79' lang='lat' dir='ltr'>et</span> <span class='ocrx_word' id='word_1_250' title='bbox 705 2092 895 2122; x_wconf 77' lang='lat' dir='ltr'>scandalum</span> <span class='ocrx_word' id='word_1_251' title='bbox 927 2091 1156 2130; x_wconf 80' lang='lat' dir='ltr'>plurimorum,</span> 
     </span>
     <span class='ocr_line' id='line_1_36' title="bbox 158 2144 1159 2175; baseline -0.003 0"><span class='ocrx_word' id='word_1_252' title='bbox 158 2145 254 2175; x_wconf 68' lang='lat' dir='ltr'>tacito</span> <span class='ocrx_word' id='word_1_253' title='bbox 269 2145 306 2175; x_wconf 84' lang='lat' dir='ltr'>de</span> <span class='ocrx_word' id='word_1_254' title='bbox 325 2146 482 2175; x_wconf 79' lang='lat' dir='ltr'>fractione</span> <span class='ocrx_word' id='word_1_255' title='bbox 497 2146 563 2175; x_wconf 80' lang='lat' dir='ltr'>voti</span> <span class='ocrx_word' id='word_1_256' title='bbox 580 2151 610 2175; x_wconf 85' lang='lat' dir='ltr'>et</span> <span class='ocrx_word' id='word_1_257' title='bbox 628 2144 976 2175; x_wconf 67' lang='lat' dir='ltr'>excommunicationis</span> <span class='ocrx_word' id='word_1_258' title='bbox 995 2144 1159 2173; x_wconf 84' lang='lat' dir='ltr'>sententia</span> 
     </span>
     <span class='ocr_line' id='line_1_37' title="bbox 158 2196 1157 2236; baseline -0.001 -11"><span class='ocrx_word' id='word_1_259' title='bbox 158 2197 223 2226; x_wconf 78' lang='lat' dir='ltr'>lata</span> <span class='ocrx_word' id='word_1_260' title='bbox 249 2197 283 2226; x_wconf 91' lang='lat' dir='ltr'>in</span> <span class='ocrx_word' id='word_1_261' title='bbox 309 2206 380 2227; x_wconf 87' lang='lat' dir='ltr'>eain</span> <span class='ocrx_word' id='word_1_262' title='bbox 405 2207 461 2236; x_wconf 86' lang='lat' dir='ltr'>per</span> <span class='ocrx_word' id='word_1_263' title='bbox 488 2198 615 2236; x_wconf 83' lang='lat' dir='ltr'>judices</span> <span class='ocrx_word' id='word_1_264' title='bbox 641 2202 848 2231; x_wconf 80' lang='lat' dir='ltr'>memoratos,</span> <span class='ocrx_word' id='word_1_265' title='bbox 878 2201 991 2227; x_wconf 82' lang='lat' dir='ltr'>eontra</span> <span class='ocrx_word' id='word_1_266' title='bbox 1019 2196 1157 2226; x_wconf 75' lang='lat' dir='ltr'>eundem</span> 
     </span>
     <span class='ocr_line' id='line_1_38' title="bbox 160 2249 1159 2288; baseline -0.001 -10"><span class='ocrx_word' id='word_1_267' title='bbox 160 2250 340 2279; x_wconf 78' lang='lat' dir='ltr'>Heni-icum</span> <span class='ocrx_word' id='word_1_268' title='bbox 353 2259 449 2288; x_wconf 84' lang='lat' dir='ltr'>super</span> <span class='ocrx_word' id='word_1_269' title='bbox 463 2250 535 2280; x_wconf 84' lang='lat' dir='ltr'>dote</span> <span class='ocrx_word' id='word_1_270' title='bbox 551 2260 609 2280; x_wconf 86' lang='lat' dir='ltr'>sua</span> <span class='ocrx_word' id='word_1_271' title='bbox 625 2255 753 2280; x_wconf 86' lang='lat' dir='ltr'>nostras</span> <span class='ocrx_word' id='word_1_272' title='bbox 766 2250 798 2279; x_wconf 94' lang='lat' dir='ltr'>in</span> <span class='ocrx_word' id='word_1_273' title='bbox 812 2249 979 2279; x_wconf 86' lang='lat' dir='ltr'>communi</span> <span class='ocrx_word' id='word_1_274' title='bbox 994 2250 1098 2279; x_wconf 80' lang='lat' dir='ltr'>forma</span> <span class='ocrx_word' id='word_1_275' title='bbox 1110 2249 1159 2277; x_wconf 89' lang='lat' dir='ltr'>lit-</span> 
     </span>
     <span class='ocr_line' id='line_1_39' title="bbox 160 2301 1158 2341; baseline 0.001 -11"><span class='ocrx_word' id='word_1_276' title='bbox 160 2306 245 2331; x_wconf 82' lang='lat' dir='ltr'>teras</span> <span class='ocrx_word' id='word_1_277' title='bbox 263 2301 302 2330; x_wconf 85' lang='lat' dir='ltr'>ad</span> <span class='ocrx_word' id='word_1_278' title='bbox 318 2301 464 2331; x_wconf 78' lang='lat' dir='ltr'>diversos</span> <span class='ocrx_word' id='word_1_279' title='bbox 478 2302 606 2341; x_wconf 84' lang='lat' dir='ltr'>judices</span> <span class='ocrx_word' id='word_1_280' title='bbox 623 2302 819 2340; x_wconf 87' lang='lat' dir='ltr'>impetravit,</span> <span class='ocrx_word' id='word_1_281' title='bbox 840 2302 1014 2340; x_wconf 71' lang='lat' dir='ltr'>ipsumque</span> <span class='ocrx_word' id='word_1_282' title='bbox 1028 2306 1093 2331; x_wconf 81' lang='lat' dir='ltr'>tam</span> <span class='ocrx_word' id='word_1_283' title='bbox 1110 2311 1158 2331; x_wconf 76' lang='lat' dir='ltr'>co-</span> 
     </span>
     <span class='ocr_line' id='line_1_40' title="bbox 161 2354 1159 2392; baseline 0.001 -10"><span class='ocrx_word' id='word_1_284' title='bbox 161 2362 228 2382; x_wconf 84' lang='lat' dir='ltr'>ram</span> <span class='ocrx_word' id='word_1_285' title='bbox 245 2354 325 2392; x_wconf 82' lang='lat' dir='ltr'>ipsis</span> <span class='ocrx_word' id='word_1_286' title='bbox 343 2363 440 2392; x_wconf 82' lang='lat' dir='ltr'>quam</span> <span class='ocrx_word' id='word_1_287' title='bbox 458 2364 565 2384; x_wconf 86' lang='lat' dir='ltr'>coram</span> <span class='ocrx_word' id='word_1_288' title='bbox 582 2354 683 2384; x_wconf 82' lang='lat' dir='ltr'>nobili</span> <span class='ocrx_word' id='word_1_289' title='bbox 703 2355 803 2384; x_wconf 83' lang='lat' dir='ltr'>viro..</span> <span class='ocrx_word' id='word_1_290' title='bbox 819 2355 899 2384; x_wconf 87' lang='lat' dir='ltr'>duce</span> <span class='ocrx_word' id='word_1_291' title='bbox 915 2355 1116 2384; x_wconf 79' lang='lat' dir='ltr'>Venetorum</span> <span class='ocrx_word' id='word_1_292' title='bbox 1129 2358 1159 2383; x_wconf 87' lang='lat' dir='ltr'>et</span> 
     </span>
     <span class='ocr_line' id='line_1_41' title="bbox 160 2406 1159 2445; baseline 0 -10"><span class='ocrx_word' id='word_1_293' title='bbox 160 2406 408 2445; x_wconf 77' lang='lat' dir='ltr'>ejusjudicibus</span> <span class='ocrx_word' id='word_1_294' title='bbox 424 2416 521 2444; x_wconf 87' lang='lat' dir='ltr'>super</span> <span class='ocrx_word' id='word_1_295' title='bbox 540 2407 599 2436; x_wconf 89' lang='lat' dir='ltr'>hoc</span> <span class='ocrx_word' id='word_1_296' title='bbox 614 2407 843 2445; x_wconf 82' lang='lat' dir='ltr'>multipliciter</span> <span class='ocrx_word' id='word_1_297' title='bbox 862 2406 1036 2445; x_wconf 78' lang='lat' dir='ltr'>inquietat.</span> <span class='ocrx_word' id='word_1_298' title='bbox 1052 2407 1159 2443; x_wconf 83' lang='lat' dir='ltr'>Quare</span> 
     </span>
     <span class='ocr_line' id='line_1_42' title="bbox 161 2458 1159 2497; baseline -0.001 -9"><span class='ocrx_word' id='word_1_299' title='bbox 161 2459 368 2496; x_wconf 84' lang='lat' dir='ltr'>supradictus</span> <span class='ocrx_word' id='word_1_300' title='bbox 392 2460 432 2488; x_wconf 90' lang='lat' dir='ltr'>H.</span> <span class='ocrx_word' id='word_1_301' title='bbox 456 2459 550 2488; x_wconf 85' lang='lat' dir='ltr'>nohis</span> <span class='ocrx_word' id='word_1_302' title='bbox 572 2459 744 2489; x_wconf 84' lang='lat' dir='ltr'>humiliter</span> <span class='ocrx_word' id='word_1_303' title='bbox 770 2458 965 2497; x_wconf 75' lang='lat' dir='ltr'>supplicavit</span> <span class='ocrx_word' id='word_1_304' title='bbox 991 2463 1024 2488; x_wconf 90' lang='lat' dir='ltr'>ut</span> <span class='ocrx_word' id='word_1_305' title='bbox 1043 2459 1077 2487; x_wconf 91' lang='lat' dir='ltr'>in</span> <span class='ocrx_word' id='word_1_306' title='bbox 1100 2459 1159 2488; x_wconf 84' lang='lat' dir='ltr'>hoc</span> 
     </span>
     <span class='ocr_line' id='line_1_43' title="bbox 161 2513 1160 2553; baseline 0.001 -11"><span class='ocrx_word' id='word_1_307' title='bbox 161 2513 225 2543; x_wconf 86' lang='lat' dir='ltr'>sibi</span> <span class='ocrx_word' id='word_1_308' title='bbox 237 2518 373 2551; x_wconf 86' lang='lat' dir='ltr'>paterna</span> <span class='ocrx_word' id='word_1_309' title='bbox 384 2514 554 2552; x_wconf 83' lang='lat' dir='ltr'>providere</span> <span class='ocrx_word' id='word_1_310' title='bbox 567 2514 790 2544; x_wconf 87' lang='lat' dir='ltr'>sollicitudine</span> <span class='ocrx_word' id='word_1_311' title='bbox 803 2523 1002 2543; x_wconf 71' lang='lat' dir='ltr'>curaremus</span> <span class='ocrx_word' id='word_1_312' title='bbox 1019 2514 1160 2553; x_wconf 79' lang='lat' dir='ltr'>Ideoque</span> 
     </span>
     <span class='ocr_line' id='line_1_44' title="bbox 161 2566 1162 2605; baseline 0.002 -11"><span class='ocrx_word' id='word_1_313' title='bbox 161 2566 354 2595; x_wconf 76' lang='lat' dir='ltr'>mandamus</span> <span class='ocrx_word' id='word_1_314' title='bbox 387 2571 560 2605; x_wconf 80' lang='lat' dir='ltr'>quatenus,</span> <span class='ocrx_word' id='word_1_315' title='bbox 592 2566 620 2596; x_wconf 85' lang='lat' dir='ltr'>si</span> <span class='ocrx_word' id='word_1_316' title='bbox 653 2567 823 2604; x_wconf 83' lang='lat' dir='ltr'>premissis</span> <span class='ocrx_word' id='word_1_317' title='bbox 857 2567 976 2595; x_wconf 81' lang='lat' dir='ltr'>veritas</span> <span class='ocrx_word' id='word_1_318' title='bbox 1004 2567 1162 2603; x_wconf 68' lang='lat' dir='ltr'>suffraga-</span> 
     </span>
     <span class='ocr_line' id='line_1_45' title="bbox 161 2619 1160 2658; baseline 0.002 -11"><span class='ocrx_word' id='word_1_319' title='bbox 161 2623 224 2655; x_wconf 81' lang='lat' dir='ltr'>tur,</span> <span class='ocrx_word' id='word_1_320' title='bbox 242 2619 365 2648; x_wconf 87' lang='lat' dir='ltr'>eisdem</span> <span class='ocrx_word' id='word_1_321' title='bbox 379 2619 547 2658; x_wconf 84' lang='lat' dir='ltr'>judicibus</span> <span class='ocrx_word' id='word_1_322' title='bbox 567 2620 759 2649; x_wconf 85' lang='lat' dir='ltr'>auctoritate</span> <span class='ocrx_word' id='word_1_323' title='bbox 778 2624 889 2649; x_wconf 81' lang='lat' dir='ltr'>nostra</span> <span class='ocrx_word' id='word_1_324' title='bbox 908 2629 1058 2657; x_wconf 80' lang='lat' dir='ltr'>expresse</span> <span class='ocrx_word' id='word_1_325' title='bbox 1076 2619 1160 2649; x_wconf 84' lang='lat' dir='ltr'>inhi-</span> 
     </span>
     <span class='ocr_line' id='line_1_46' title="bbox 160 2671 1159 2710; baseline 0.002 -10"><span class='ocrx_word' id='word_1_326' title='bbox 160 2671 238 2701; x_wconf 85' lang='lat' dir='ltr'>beas</span> <span class='ocrx_word' id='word_1_327' title='bbox 267 2680 318 2706; x_wconf 85' lang='lat' dir='ltr'>ne,</span> <span class='ocrx_word' id='word_1_328' title='bbox 349 2671 520 2701; x_wconf 79' lang='lat' dir='ltr'>occasione</span> <span class='ocrx_word' id='word_1_329' title='bbox 541 2671 726 2702; x_wconf 84' lang='lat' dir='ltr'>litterarum</span> <span class='ocrx_word' id='word_1_330' title='bbox 752 2672 960 2702; x_wconf 77' lang='lat' dir='ltr'>obtentarum</span> <span class='ocrx_word' id='word_1_331' title='bbox 991 2672 1031 2701; x_wconf 82' lang='lat' dir='ltr'>ad</span> <span class='ocrx_word' id='word_1_332' title='bbox 1060 2673 1159 2710; x_wconf 67' lang='lat' dir='ltr'>ipsos,</span> 
     </span>
     <span class='ocr_line' id='line_1_47' title="bbox 161 2723 1161 2763; baseline 0 -9"><span class='ocrx_word' id='word_1_333' title='bbox 161 2723 199 2754; x_wconf 81' lang='lat' dir='ltr'>ad</span> <span class='ocrx_word' id='word_1_334' title='bbox 225 2723 467 2754; x_wconf 84' lang='lat' dir='ltr'>restitutionem</span> <span class='ocrx_word' id='word_1_335' title='bbox 495 2724 579 2754; x_wconf 84' lang='lat' dir='ltr'>dotis</span> <span class='ocrx_word' id='word_1_336' title='bbox 605 2724 780 2762; x_wconf 77' lang='lat' dir='ltr'>procedant</span> <span class='ocrx_word' id='word_1_337' title='bbox 810 2724 1018 2763; x_wconf 79' lang='lat' dir='ltr'>aliquatenus</span> <span class='ocrx_word' id='word_1_338' title='bbox 1049 2729 1161 2755; x_wconf 86' lang='lat' dir='ltr'>contra</span> 
     </span>
     <span class='ocr_line' id='line_1_48' title="bbox 162 2776 1162 2816; baseline 0.002 -11"><span class='ocrx_word' id='word_1_339' title='bbox 162 2785 246 2811; x_wconf 86' lang='lat' dir='ltr'>eum,</span> <span class='ocrx_word' id='word_1_340' title='bbox 272 2776 508 2806; x_wconf 85' lang='lat' dir='ltr'>nichilominus</span> <span class='ocrx_word' id='word_1_341' title='bbox 535 2777 726 2816; x_wconf 82' lang='lat' dir='ltr'>jamdictam</span> <span class='ocrx_word' id='word_1_342' title='bbox 747 2776 920 2807; x_wconf 84' lang='lat' dir='ltr'>mulierem</span> <span class='ocrx_word' id='word_1_343' title='bbox 946 2777 985 2806; x_wconf 86' lang='lat' dir='ltr'>ad</span> <span class='ocrx_word' id='word_1_344' title='bbox 1007 2777 1162 2807; x_wconf 81' lang='lat' dir='ltr'>observa-</span> 
     </span>
    </p>
   </div>
   <div class='ocr_carea' id='block_1_3' title="bbox 162 2900 1161 2975">
    <p class='ocr_par' dir='ltr' id='par_1_3' title="bbox 162 2900 1161 2975">
     <span class='ocr_line' id='line_1_49' title="bbox 196 2900 1161 2932; baseline 0.003 -9"><span class='ocrx_word' id='word_1_345' title='bbox 196 2901 214 2923; x_wconf 87' lang='lat' dir='ltr'>t.</span> <span class='ocrx_word' id='word_1_346' title='bbox 232 2900 272 2924; x_wconf 83' lang='lat' dir='ltr'>Cs.</span> <span class='ocrx_word' id='word_1_347' title='bbox 287 2901 452 2930; x_wconf 69' lang='lat' dir='ltr'>Passsurri,</span> <span class='ocrx_word' id='word_1_348' title='bbox 468 2903 579 2930; x_wconf 63' lang='lat' dir='ltr'>moesta</span> <span class='ocrx_word' id='word_1_349' title='bbox 597 2903 713 2925; x_wconf 75' lang='lat' dir='ltr'>Honor-ii</span> <span class='ocrx_word' id='word_1_350' title='bbox 729 2908 817 2930; x_wconf 72' lang='lat' dir='ltr'>papae</span> <span class='ocrx_word' id='word_1_351' title='bbox 836 2903 885 2929; x_wconf 84' lang='lat'>111,</span> <span class='ocrx_word' id='word_1_352' title='bbox 898 2904 914 2925; x_wconf 82' lang='lat' dir='ltr'>t.</span> <span class='ocrx_word' id='word_1_353' title='bbox 936 2901 957 2924; x_wconf 82' lang='grc' dir='ltr'>ΙΙ</span> <span class='ocrx_word' id='word_1_354' title='bbox 973 2902 1065 2930; x_wconf 58' lang='lat'>(1895),</span> <span class='ocrx_word' id='word_1_355' title='bbox 1081 2910 1105 2932; x_wconf 75' lang='grc' dir='ltr'>μ.</span> <span class='ocrx_word' id='word_1_356' title='bbox 1122 2903 1161 2930; x_wconf 74' lang='grc'>75,</span> 
     </span>
     <span class='ocr_line' id='line_1_50' title="bbox 162 2945 612 2975; baseline 0.002 -8"><span class='ocrx_word' id='word_1_357' title='bbox 162 2950 188 2967; x_wconf 79' lang='lat' dir='ltr'>n⁰</span> <span class='ocrx_word' id='word_1_358' title='bbox 201 2945 259 2968; x_wconf 62' lang='lat' dir='ltr'>siolo</span> <span class='ocrx_word' id='word_1_359' title='bbox 275 2945 357 2975; x_wconf 78' lang='lat' dir='ltr'>(bulte</span> <span class='ocrx_word' id='word_1_360' title='bbox 374 2945 408 2968; x_wconf 85' lang='lat' dir='ltr'>du</span> <span class='ocrx_word' id='word_1_361' title='bbox 427 2945 455 2969; x_wconf 83' lang='lat'>30</span> <span class='ocrx_word' id='word_1_362' title='bbox 469 2946 519 2969; x_wconf 82' lang='lat' dir='ltr'>mai</span> <span class='ocrx_word' id='word_1_363' title='bbox 534 2945 612 2975; x_wconf 58' lang='lat' dir='ltr'>tia-2).</span> 
     </span>
    </p>
   </div>
   <div class='ocr_carea' id='block_1_4' title="bbox 1237 342 2243 482">
    <p class='ocr_par' dir='ltr' id='par_1_4' title="bbox 1237 342 2243 482">
     <span class='ocr_line' id='line_1_51' title="bbox 1238 342 2240 383; baseline -0.004 -7"><span class='ocrx_word' id='word_1_364' title='bbox 1238 348 1359 378; x_wconf 89' lang='lat' dir='ltr'>tionem</span> <span class='ocrx_word' id='word_1_365' title='bbox 1395 347 1460 376; x_wconf 84' lang='lat' dir='ltr'>voti</span> <span class='ocrx_word' id='word_1_366' title='bbox 1491 347 1605 376; x_wconf 81' lang='lat' dir='ltr'>emissi</span> <span class='ocrx_word' id='word_1_367' title='bbox 1639 363 1677 368; x_wconf 91' lang='lat'>—</span> <span class='ocrx_word' id='word_1_368' title='bbox 1706 344 1916 383; x_wconf 86' lang='lat' dir='ltr'>compellens.</span> <span class='ocrx_word' id='word_1_369' title='bbox 1957 345 2030 374; x_wconf 85' lang='lat' dir='ltr'>Dat.</span> <span class='ocrx_word' id='word_1_370' title='bbox 2073 342 2240 375; x_wconf 77' lang='lat' dir='ltr'>Laterani,</span> 
     </span>
     <span class='ocr_line' id='line_1_52' title="bbox 1237 395 2243 437; baseline -0.005 -7"><span class='ocrx_word' id='word_1_371' title='bbox 1237 401 1303 430; x_wconf 90' lang='lat' dir='ltr'>IIII</span> <span class='ocrx_word' id='word_1_372' title='bbox 1319 400 1477 429; x_wconf 73' lang='lat' dir='ltr'>kalendas</span> <span class='ocrx_word' id='word_1_373' title='bbox 1502 398 1628 437; x_wconf 80' lang='lat' dir='ltr'>aprilis,</span> <span class='ocrx_word' id='word_1_374' title='bbox 1655 398 1865 437; x_wconf 81' lang='lat' dir='ltr'>pontificatus</span> <span class='ocrx_word' id='word_1_375' title='bbox 1890 397 1994 427; x_wconf 83' lang='lat' dir='ltr'>nostri</span> <span class='ocrx_word' id='word_1_376' title='bbox 2012 405 2098 426; x_wconf 87' lang='lat' dir='ltr'>anno</span> <span class='ocrx_word' id='word_1_377' title='bbox 2120 395 2243 426; x_wconf 88' lang='lat' dir='ltr'>duode-</span> 
     </span>
     <span class='ocr_line' id='line_1_53' title="bbox 1237 461 1365 482; baseline -0.031 0"><span class='ocrx_word' id='word_1_378' title='bbox 1237 461 1332 482; x_wconf 80' lang='lat' dir='ltr'>Cimo.</span> <span class='ocrx_word' id='word_1_379' title='bbox 1354 464 1365 478; x_wconf 83' lang='lat'>»</span> 
     </span>
    </p>
   </div>
   <div class='ocr_carea' id='block_1_5' title="bbox 1307 640 2171 673">
    <p class='ocr_par' dir='ltr' id='par_1_5' title="bbox 1307 640 2171 673">
     <span class='ocr_line' id='line_1_54' title="bbox 1307 640 2171 673; baseline -0.005 -2"><span class='ocrx_word' id='word_1_380' title='bbox 1307 643 1424 672; x_wconf 69' lang='lat'>4252</span> <span class='ocrx_word' id='word_1_381' title='bbox 1811 642 1931 673; x_wconf 87' lang='lat' dir='ltr'>Latran,</span> <span class='ocrx_word' id='word_1_382' title='bbox 1948 642 1982 668; x_wconf 81' lang='lat'>‘29</span> <span class='ocrx_word' id='word_1_383' title='bbox 1999 649 2076 668; x_wconf 83' lang='lat' dir='ltr'>mars</span> <span class='ocrx_word' id='word_1_384' title='bbox 2092 640 2171 668; x_wconf 77' lang='lat'>1238.</span> 
     </span>
    </p>
   </div>
   <div class='ocr_carea' id='block_1_6' title="bbox 1234 703 2245 1028">
    <p class='ocr_par' dir='ltr' id='par_1_6' title="bbox 1234 703 2245 1028">
     <span class='ocr_line' id='line_1_55' title="bbox 1272 703 2241 737; baseline -0.003 -6"><span class='ocrx_word' id='word_1_385' title='bbox 1272 713 1286 731; x_wconf 74' lang='lat' dir='ltr'>(t</span> <span class='ocrx_word' id='word_1_386' title='bbox 1301 706 1332 732; x_wconf 93' lang='lat' dir='ltr'>In</span> <span class='ocrx_word' id='word_1_387' title='bbox 1348 705 1471 731; x_wconf 71' lang='lat' dir='ltr'>eun-lem</span> <span class='ocrx_word' id='word_1_388' title='bbox 1490 704 1608 731; x_wconf 81' lang='lat' dir='ltr'>modum</span> <span class='ocrx_word' id='word_1_389' title='bbox 1627 704 1712 730; x_wconf 74' lang='lat' dir='ltr'>nobili</span> <span class='ocrx_word' id='word_1_390' title='bbox 1725 705 1783 730; x_wconf 79' lang='lat' dir='ltr'>viro</span> <span class='ocrx_word' id='word_1_391' title='bbox 1801 725 1817 730; x_wconf 93' lang='lat'>..</span> <span class='ocrx_word' id='word_1_392' title='bbox 1836 703 1900 728; x_wconf 74' lang='lat' dir='ltr'>duci</span> <span class='ocrx_word' id='word_1_393' title='bbox 1921 703 2088 735; x_wconf 75' lang='lat' dir='ltr'>Venetorum,</span> <span class='ocrx_word' id='word_1_394' title='bbox 2101 705 2241 737; x_wconf 80' lang='lat' dir='ltr'>utsupra,</span> 
     </span>
     <span class='ocr_line' id='line_1_56' title="bbox 1235 751 2241 788; baseline -0.003 -8"><span class='ocrx_word' id='word_1_395' title='bbox 1235 762 1326 788; x_wconf 81' lang='lat' dir='ltr'>usque</span> <span class='ocrx_word' id='word_1_396' title='bbox 1343 762 1348 780; x_wconf 92' lang='lat'>:</span> <span class='ocrx_word' id='word_1_397' title='bbox 1369 753 1553 787; x_wconf 81' lang='lat' dir='ltr'>impetravit,</span> <span class='ocrx_word' id='word_1_398' title='bbox 1578 753 1734 787; x_wconf 82' lang='lat' dir='ltr'>ipsumque</span> <span class='ocrx_word' id='word_1_399' title='bbox 1753 756 1813 779; x_wconf 88' lang='lat' dir='ltr'>tam</span> <span class='ocrx_word' id='word_1_400' title='bbox 1834 760 1931 778; x_wconf 86' lang='lat' dir='ltr'>coram</span> <span class='ocrx_word' id='word_1_401' title='bbox 1952 751 2023 786; x_wconf 83' lang='lat' dir='ltr'>ipsis</span> <span class='ocrx_word' id='word_1_402' title='bbox 2040 759 2126 785; x_wconf 90' lang='lat' dir='ltr'>quam</span> <span class='ocrx_word' id='word_1_403' title='bbox 2145 758 2241 778; x_wconf 87' lang='lat' dir='ltr'>coram</span> 
     </span>
     <span class='ocr_line' id='line_1_57' title="bbox 1235 799 2243 836; baseline -0.005 -7"><span class='ocrx_word' id='word_1_404' title='bbox 1235 805 1262 829; x_wconf 88' lang='lat' dir='ltr'>te</span> <span class='ocrx_word' id='word_1_405' title='bbox 1279 802 1395 836; x_wconf 81' lang='lat' dir='ltr'>tuisque</span> <span class='ocrx_word' id='word_1_406' title='bbox 1410 801 1560 835; x_wconf 74' lang='lat' dir='ltr'>judicibus</span> <span class='ocrx_word' id='word_1_407' title='bbox 1578 809 1664 835; x_wconf 86' lang='lat' dir='ltr'>super</span> <span class='ocrx_word' id='word_1_408' title='bbox 1682 802 1735 827; x_wconf 84' lang='lat' dir='ltr'>hoc</span> <span class='ocrx_word' id='word_1_409' title='bbox 1750 804 1818 833; x_wconf 84' lang='lat' dir='ltr'>ete.,</span> <span class='ocrx_word' id='word_1_410' title='bbox 1834 809 1925 834; x_wconf 86' lang='lat' dir='ltr'>usque</span> <span class='ocrx_word' id='word_1_411' title='bbox 1940 809 1946 827; x_wconf 73' lang='grc' dir='ltr'><strong><em>ε</em></strong></span> <span class='ocrx_word' id='word_1_412' title='bbox 1967 808 2146 827; x_wconf 81' lang='lat' dir='ltr'>curaremus.</span> <span class='ocrx_word' id='word_1_413' title='bbox 2163 799 2243 831; x_wconf 87' lang='lat' dir='ltr'>Quo-</span> 
     </span>
     <span class='ocr_line' id='line_1_58' title="bbox 1234 850 2244 883; baseline -0.002 -6"><span class='ocrx_word' id='word_1_414' title='bbox 1234 851 1313 878; x_wconf 82' lang='lat' dir='ltr'>circa</span> <span class='ocrx_word' id='word_1_415' title='bbox 1338 851 1524 877; x_wconf 75' lang='lat' dir='ltr'>nobilitatem</span> <span class='ocrx_word' id='word_1_416' title='bbox 1545 853 1626 877; x_wconf 85' lang='lat' dir='ltr'>tuam</span> <span class='ocrx_word' id='word_1_417' title='bbox 1649 858 1802 876; x_wconf 84' lang='lat' dir='ltr'>monemus</span> <span class='ocrx_word' id='word_1_418' title='bbox 1825 854 1854 876; x_wconf 89' lang='lat' dir='ltr'>et</span> <span class='ocrx_word' id='word_1_419' title='bbox 1875 850 2027 876; x_wconf 77' lang='lat' dir='ltr'>hortamur</span> <span class='ocrx_word' id='word_1_420' title='bbox 2049 851 2173 880; x_wconf 86' lang='lat' dir='ltr'>attente,</span> <span class='ocrx_word' id='word_1_421' title='bbox 2194 856 2244 883; x_wconf 87' lang='lat' dir='ltr'>per</span> 
     </span>
     <span class='ocr_line' id='line_1_59' title="bbox 1235 896 2244 934; baseline -0.003 -8"><span class='ocrx_word' id='word_1_422' title='bbox 1235 900 1396 934; x_wconf 79' lang='lat' dir='ltr'>apostoliea</span> <span class='ocrx_word' id='word_1_423' title='bbox 1415 899 1468 926; x_wconf 91' lang='lat' dir='ltr'>tibi</span> <span class='ocrx_word' id='word_1_424' title='bbox 1485 899 1595 933; x_wconf 84' lang='lat' dir='ltr'>scripta</span> <span class='ocrx_word' id='word_1_425' title='bbox 1612 899 1787 925; x_wconf 83' lang='lat' dir='ltr'>mandantes</span> <span class='ocrx_word' id='word_1_426' title='bbox 1804 902 1948 932; x_wconf 88' lang='lat' dir='ltr'>quatenus</span> <span class='ocrx_word' id='word_1_427' title='bbox 1966 912 1997 916; x_wconf 94' lang='lat'><em>-</em></span> <span class='ocrx_word' id='word_1_428' title='bbox 2010 899 2110 924; x_wconf 86' lang='lat' dir='ltr'>contra</span> <span class='ocrx_word' id='word_1_429' title='bbox 2124 905 2190 923; x_wconf 90' lang='lat' dir='ltr'>eum</span> <span class='ocrx_word' id='word_1_430' title='bbox 2207 896 2244 923; x_wconf 88' lang='lat' dir='ltr'>ad</span> 
     </span>
     <span class='ocr_line' id='line_1_60' title="bbox 1236 946 2245 981; baseline -0.003 -7"><span class='ocrx_word' id='word_1_431' title='bbox 1236 948 1455 974; x_wconf 83' lang='lat' dir='ltr'>restitutionem</span> <span class='ocrx_word' id='word_1_432' title='bbox 1472 947 1548 974; x_wconf 83' lang='lat' dir='ltr'>dotis</span> <span class='ocrx_word' id='word_1_433' title='bbox 1565 947 1752 981; x_wconf 84' lang='lat' dir='ltr'>aliquatenus</span> <span class='ocrx_word' id='word_1_434' title='bbox 1767 955 1824 973; x_wconf 89' lang='lat' dir='ltr'>non</span> <span class='ocrx_word' id='word_1_435' title='bbox 1838 947 1986 981; x_wconf 87' lang='lat' dir='ltr'>procedas.</span> <span class='ocrx_word' id='word_1_436' title='bbox 2000 946 2067 973; x_wconf 86' lang='lat' dir='ltr'>Dat.</span> <span class='ocrx_word' id='word_1_437' title='bbox 2080 948 2245 980; x_wconf 77' lang='lat' dir='ltr'>utsupra.»</span> 
     </span>
     <span class='ocr_line' id='line_1_61' title="bbox 1239 996 1569 1028; baseline -0.006 -4"><span class='ocrx_word' id='word_1_438' title='bbox 1239 996 1432 1028; x_wconf 72' lang='lat' dir='ltr'>—-(R12c,.19,</span> <span class='ocrx_word' id='word_1_439' title='bbox 1451 998 1469 1023; x_wconf 84' lang='lat' dir='ltr'>f.</span> <span class='ocrx_word' id='word_1_440' title='bbox 1487 996 1503 1022; x_wconf 84' lang='lat'>5</span> <span class='ocrx_word' id='word_1_441' title='bbox 1517 997 1569 1027; x_wconf 54' lang='grc' dir='ltr'>νο.)</span> 
     </span>
    </p>
   </div>
   <div class='ocr_carea' id='block_1_7' title="bbox 1309 1182 2173 1215">
    <p class='ocr_par' dir='ltr' id='par_1_7' title="bbox 1309 1182 2173 1215">
     <span class='ocr_line' id='line_1_62' title="bbox 1309 1182 2173 1215; baseline -0.001 -5"><span class='ocrx_word' id='word_1_442' title='bbox 1309 1183 1428 1210; x_wconf 69' lang='lat'>4253</span> <span class='ocrx_word' id='word_1_443' title='bbox 1817 1183 1937 1215; x_wconf 84' lang='lat' dir='ltr'>Latran,</span> <span class='ocrx_word' id='word_1_444' title='bbox 1953 1183 1985 1209; x_wconf 64' lang='lat'>14</span> <span class='ocrx_word' id='word_1_445' title='bbox 2001 1182 2079 1209; x_wconf 79' lang='lat' dir='ltr'>avril</span> <span class='ocrx_word' id='word_1_446' title='bbox 2094 1182 2173 1209; x_wconf 78' lang='lat'>1238.</span> 
     </span>
    </p>
   </div>
   <div class='ocr_carea' id='block_1_8' title="bbox 1237 1243 2250 1521">
    <p class='ocr_par' dir='ltr' id='par_1_8' title="bbox 1237 1243 2250 1521">
     <span class='ocr_line' id='line_1_63' title="bbox 1273 1243 2250 1279; baseline -0.002 -7"><span class='ocrx_word' id='word_1_447' title='bbox 1273 1245 1382 1272; x_wconf 78' lang='lat' dir='ltr'>Abbati</span> <span class='ocrx_word' id='word_1_448' title='bbox 1401 1243 1596 1279; x_wconf 79' lang='lat' dir='ltr'>[monasterii]</span> <span class='ocrx_word' id='word_1_449' title='bbox 1615 1244 1717 1271; x_wconf 78' lang='lat' dir='ltr'>Sancti</span> <span class='ocrx_word' id='word_1_450' title='bbox 1730 1244 1890 1278; x_wconf 76' lang='lat' dir='ltr'>Augustini</span> <span class='ocrx_word' id='word_1_451' title='bbox 1909 1244 2134 1272; x_wconf 84' lang='lat' dir='ltr'>Cantuariensis</span> <span class='ocrx_word' id='word_1_452' title='bbox 2151 1243 2250 1271; x_wconf 87' lang='lat' dir='ltr'>indul-</span> 
     </span>
     <span class='ocr_line' id='line_1_64' title="bbox 1237 1291 2249 1327; baseline 0 -7"><span class='ocrx_word' id='word_1_453' title='bbox 1237 1296 1285 1327; x_wconf 83' lang='lat' dir='ltr'>get</span> <span class='ocrx_word' id='word_1_454' title='bbox 1300 1296 1332 1320; x_wconf 91' lang='lat' dir='ltr'>ut</span> <span class='ocrx_word' id='word_1_455' title='bbox 1345 1302 1410 1320; x_wconf 84' lang='lat' dir='ltr'>eum</span> <span class='ocrx_word' id='word_1_456' title='bbox 1428 1293 1527 1325; x_wconf 87' lang='lat' dir='ltr'>mitra,</span> <span class='ocrx_word' id='word_1_457' title='bbox 1540 1293 1650 1319; x_wconf 87' lang='lat' dir='ltr'>annulo</span> <span class='ocrx_word' id='word_1_458' title='bbox 1666 1296 1693 1319; x_wconf 89' lang='lat' dir='ltr'>et</span> <span class='ocrx_word' id='word_1_459' title='bbox 1705 1293 1860 1325; x_wconf 78' lang='lat' dir='ltr'>sandaliis,</span> <span class='ocrx_word' id='word_1_460' title='bbox 1873 1293 1978 1327; x_wconf 81' lang='lat' dir='ltr'>quibus</span> <span class='ocrx_word' id='word_1_461' title='bbox 1990 1293 2120 1326; x_wconf 86' lang='lat' dir='ltr'>ejusdem</span> <span class='ocrx_word' id='word_1_462' title='bbox 2134 1291 2249 1320; x_wconf 80' lang='lat' dir='ltr'>abbatis</span> 
     </span>
     <span class='ocr_line' id='line_1_65' title="bbox 1239 1340 2246 1376; baseline 0 -8"><span class='ocrx_word' id='word_1_463' title='bbox 1239 1342 1473 1376; x_wconf 75' lang='lat' dir='ltr'>praedecessores</span> <span class='ocrx_word' id='word_1_464' title='bbox 1491 1342 1519 1368; x_wconf 92' lang='lat' dir='ltr'>in</span> <span class='ocrx_word' id='word_1_465' title='bbox 1533 1342 1632 1368; x_wconf 82' lang='lat' dir='ltr'>eodem</span> <span class='ocrx_word' id='word_1_466' title='bbox 1651 1341 1839 1371; x_wconf 76' lang='lat' dir='ltr'>monasterio,</span> <span class='ocrx_word' id='word_1_467' title='bbox 1853 1341 1888 1368; x_wconf 82' lang='lat' dir='ltr'>ad</span> <span class='ocrx_word' id='word_1_468' title='bbox 1904 1342 2068 1368; x_wconf 77' lang='lat' dir='ltr'>Romanam</span> <span class='ocrx_word' id='word_1_469' title='bbox 2083 1340 2246 1368; x_wconf 83' lang='lat' dir='ltr'>Ecclesiam</span> 
     </span>
     <span class='ocr_line' id='line_1_66' title="bbox 1239 1389 2249 1425; baseline -0.001 -8"><span class='ocrx_word' id='word_1_470' title='bbox 1239 1392 1320 1418; x_wconf 90' lang='lat' dir='ltr'>nullo</span> <span class='ocrx_word' id='word_1_471' title='bbox 1338 1391 1434 1417; x_wconf 83' lang='lat' dir='ltr'>medio</span> <span class='ocrx_word' id='word_1_472' title='bbox 1448 1394 1611 1425; x_wconf 84' lang='lat' dir='ltr'>spectante,</span> <span class='ocrx_word' id='word_1_473' title='bbox 1629 1391 1659 1417; x_wconf 92' lang='lat' dir='ltr'>in</span> <span class='ocrx_word' id='word_1_474' title='bbox 1676 1391 1789 1417; x_wconf 79' lang='lat' dir='ltr'>divinis</span> <span class='ocrx_word' id='word_1_475' title='bbox 1804 1390 1906 1417; x_wconf 75' lang='lat' dir='ltr'>officiis</span> <span class='ocrx_word' id='word_1_476' title='bbox 1923 1389 2091 1422; x_wconf 80' lang='lat' dir='ltr'>utebantur,</span> <span class='ocrx_word' id='word_1_477' title='bbox 2107 1389 2209 1417; x_wconf 87' lang='lat' dir='ltr'>tunica</span> <span class='ocrx_word' id='word_1_478' title='bbox 2221 1392 2249 1417; x_wconf 87' lang='lat' dir='ltr'>et</span> 
     </span>
     <span class='ocr_line' id='line_1_67' title="bbox 1238 1438 2250 1474; baseline -0.002 -7"><span class='ocrx_word' id='word_1_479' title='bbox 1238 1440 1400 1467; x_wconf 84' lang='lat' dir='ltr'>dalmatica</span> <span class='ocrx_word' id='word_1_480' title='bbox 1421 1440 1451 1466; x_wconf 88' lang='lat' dir='ltr'>in</span> <span class='ocrx_word' id='word_1_481' title='bbox 1474 1440 1623 1474; x_wconf 78' lang='lat' dir='ltr'>praedicto</span> <span class='ocrx_word' id='word_1_482' title='bbox 1645 1439 1833 1471; x_wconf 78' lang='lat' dir='ltr'>monasterio,</span> <span class='ocrx_word' id='word_1_483' title='bbox 1857 1439 1977 1466; x_wconf 86' lang='lat' dir='ltr'>missam</span> <span class='ocrx_word' id='word_1_484' title='bbox 1999 1438 2184 1471; x_wconf 87' lang='lat' dir='ltr'>celebrando,</span> <span class='ocrx_word' id='word_1_485' title='bbox 2205 1438 2250 1466; x_wconf 75' lang='lat' dir='ltr'>uti</span> 
     </span>
     <span class='ocr_line' id='line_1_68' title="bbox 1237 1488 1964 1521; baseline -0.003 -5"><span class='ocrx_word' id='word_1_486' title='bbox 1237 1490 1345 1516; x_wconf 86' lang='lat' dir='ltr'>valeat.</span> <span class='ocrx_word' id='word_1_487' title='bbox 1363 1504 1393 1508; x_wconf 89' lang='lat'><strong>—</strong></span> <span class='ocrx_word' id='word_1_488' title='bbox 1408 1490 1494 1521; x_wconf 62' lang='lat' dir='ltr'>(Res.</span> <span class='ocrx_word' id='word_1_489' title='bbox 1510 1489 1553 1517; x_wconf 80' lang='lat'>19.</span> <span class='ocrx_word' id='word_1_490' title='bbox 1570 1489 1588 1515; x_wconf 83' lang='lat' dir='ltr'>f.</span> <span class='ocrx_word' id='word_1_491' title='bbox 1604 1489 1620 1515; x_wconf 81' lang='lat'>5</span> <span class='ocrx_word' id='word_1_492' title='bbox 1636 1492 1678 1520; x_wconf 78' lang='lat' dir='ltr'>v⁰;</span> <span class='ocrx_word' id='word_1_493' title='bbox 1694 1497 1763 1515; x_wconf 86' lang='lat' dir='ltr'>ann.</span> <span class='ocrx_word' id='word_1_494' title='bbox 1782 1488 1849 1519; x_wconf 85' lang='lat' dir='ltr'>XII,</span> <span class='ocrx_word' id='word_1_495' title='bbox 1867 1497 1891 1515; x_wconf 87' lang='lat' dir='ltr'>e.</span> <span class='ocrx_word' id='word_1_496' title='bbox 1907 1488 1964 1519; x_wconf 76' lang='lat'>29.)</span> 
     </span>
    </p>
   </div>
   <div class='ocr_carea' id='block_1_9' title="bbox 1238 1587 2250 1734">
    <p class='ocr_par' dir='ltr' id='par_1_9' title="bbox 1238 1587 2250 1734">
     <span class='ocr_line' id='line_1_69' title="bbox 1279 1587 2250 1627; baseline 0.001 -10"><span class='ocrx_word' id='word_1_497' title='bbox 1279 1602 1294 1617; x_wconf 90' lang='lat'>«</span> <span class='ocrx_word' id='word_1_498' title='bbox 1313 1613 1333 1619; x_wconf 88' lang='lat'>..</span> <span class='ocrx_word' id='word_1_499' title='bbox 1355 1591 1455 1619; x_wconf 77' lang='lat' dir='ltr'>abbati</span> <span class='ocrx_word' id='word_1_500' title='bbox 1478 1590 1583 1619; x_wconf 67' lang='lat' dir='ltr'>Sancte·</span> <span class='ocrx_word' id='word_1_501' title='bbox 1604 1590 1771 1627; x_wconf 69' lang='lat' dir='ltr'>Azcyustini</span> <span class='ocrx_word' id='word_1_502' title='bbox 1794 1590 2038 1619; x_wconf 70' lang='lat' dir='ltr'>Cancuariensis.</span> <span class='ocrx_word' id='word_1_503' title='bbox 2063 1588 2109 1618; x_wconf 88' lang='lat' dir='ltr'>Ex</span> <span class='ocrx_word' id='word_1_504' title='bbox 2135 1587 2250 1627; x_wconf 80' lang='lat' dir='ltr'>prede-</span> 
     </span>
     <span class='ocr_line' id='line_1_70' title="bbox 1238 1640 2250 1677; baseline -0.002 -4"><span class='ocrx_word' id='word_1_505' title='bbox 1238 1651 1407 1673; x_wconf 84' lang='lat' dir='ltr'>cessorum</span> <span class='ocrx_word' id='word_1_506' title='bbox 1434 1647 1563 1672; x_wconf 88' lang='lat' dir='ltr'>tuorum</span> <span class='ocrx_word' id='word_1_507' title='bbox 1587 1659 1635 1671; x_wconf 92' lang='lat'>—.</span> <span class='ocrx_word' id='word_1_508' title='bbox 1661 1643 1734 1672; x_wconf 87' lang='lat' dir='ltr'>Dat.</span> <span class='ocrx_word' id='word_1_509' title='bbox 1759 1642 1926 1677; x_wconf 81' lang='lat' dir='ltr'>Laterani,</span> <span class='ocrx_word' id='word_1_510' title='bbox 1954 1642 2067 1672; x_wconf 82' lang='lat' dir='ltr'>XVIII</span> <span class='ocrx_word' id='word_1_511' title='bbox 2089 1640 2250 1672; x_wconf 84' lang='lat' dir='ltr'>kalendas</span> 
     </span>
     <span class='ocr_line' id='line_1_71' title="bbox 1238 1695 2043 1734; baseline -0.002 -9"><span class='ocrx_word' id='word_1_512' title='bbox 1238 1695 1330 1732; x_wconf 86' lang='lat' dir='ltr'>maii,</span> <span class='ocrx_word' id='word_1_513' title='bbox 1348 1696 1559 1734; x_wconf 80' lang='lat' dir='ltr'>pontificatus</span> <span class='ocrx_word' id='word_1_514' title='bbox 1577 1695 1682 1726; x_wconf 85' lang='lat' dir='ltr'>nostri</span> <span class='ocrx_word' id='word_1_515' title='bbox 1698 1704 1785 1725; x_wconf 87' lang='lat' dir='ltr'>anno</span> <span class='ocrx_word' id='word_1_516' title='bbox 1804 1695 2009 1725; x_wconf 84' lang='lat' dir='ltr'>duodecimo.</span> <span class='ocrx_word' id='word_1_517' title='bbox 2030 1706 2043 1722; x_wconf 75' lang='lat' dir='ltr'>n</span> 
     </span>
    </p>
   </div>
   <div class='ocr_carea' id='block_1_10' title="bbox 1310 1889 1433 1918">
    <p class='ocr_par' dir='ltr' id='par_1_10' title="bbox 1310 1889 1433 1918">
     <span class='ocr_line' id='line_1_72' title="bbox 1310 1889 1433 1918; baseline -0.008 -1"><span class='ocrx_word' id='word_1_518' title='bbox 1310 1889 1433 1918; x_wconf 69' lang='lat'>4254</span> 
     </span>
    </p>
   </div>
   <div class='ocr_carea' id='block_1_11' title="bbox 1275 1950 2253 1985">
    <p class='ocr_par' dir='ltr' id='par_1_11' title="bbox 1275 1950 2253 1985">
     <span class='ocr_line' id='line_1_73' title="bbox 1275 1950 2253 1985; baseline -0.001 -7"><span class='ocrx_word' id='word_1_519' title='bbox 1275 1951 1384 1978; x_wconf 87' lang='lat' dir='ltr'>Abbati</span> <span class='ocrx_word' id='word_1_520' title='bbox 1401 1954 1430 1978; x_wconf 88' lang='lat' dir='ltr'>et</span> <span class='ocrx_word' id='word_1_521' title='bbox 1444 1951 1604 1978; x_wconf 82' lang='lat' dir='ltr'>conventui</span> <span class='ocrx_word' id='word_1_522' title='bbox 1623 1951 1795 1980; x_wconf 83' lang='lat' dir='ltr'>monasterii</span> <span class='ocrx_word' id='word_1_523' title='bbox 1816 1951 1920 1979; x_wconf 84' lang='lat' dir='ltr'>Sancti</span> <span class='ocrx_word' id='word_1_524' title='bbox 1939 1950 2100 1985; x_wconf 84' lang='lat' dir='ltr'>Augustini</span> <span class='ocrx_word' id='word_1_525' title='bbox 2120 1950 2253 1978; x_wconf 86' lang='lat' dir='ltr'>Cantua-</span> 
     </span>
    </p>
   </div>
   <div class='ocr_carea' id='block_1_12' title="bbox 1828 1887 2179 1922">
    <p class='ocr_par' dir='ltr' id='par_1_12' title="bbox 1828 1887 2179 1922">
     <span class='ocr_line' id='line_1_74' title="bbox 1828 1887 2179 1922; baseline -0.003 -6"><span class='ocrx_word' id='word_1_526' title='bbox 1828 1889 1948 1922; x_wconf 88' lang='lat' dir='ltr'>Latran,</span> <span class='ocrx_word' id='word_1_527' title='bbox 1963 1889 1996 1916; x_wconf 76' lang='lat'>14</span> <span class='ocrx_word' id='word_1_528' title='bbox 2010 1889 2085 1916; x_wconf 87' lang='lat' dir='ltr'>avril</span> <span class='ocrx_word' id='word_1_529' title='bbox 2100 1887 2179 1915; x_wconf 76' lang='lat'>1238.</span> 
     </span>
    </p>
   </div>
   <div class='ocr_carea' id='block_1_13' title="bbox 1240 2001 2253 2329">
    <p class='ocr_par' dir='ltr' id='par_1_13' title="bbox 1240 2001 2253 2329">
     <span class='ocr_line' id='line_1_75' title="bbox 1240 2001 2252 2036; baseline -0.001 -7"><span class='ocrx_word' id='word_1_530' title='bbox 1240 2003 1345 2030; x_wconf 81' lang='lat' dir='ltr'>riensis</span> <span class='ocrx_word' id='word_1_531' title='bbox 1361 2002 1509 2035; x_wconf 74' lang='lat' dir='ltr'>signifieat</span> <span class='ocrx_word' id='word_1_532' title='bbox 1523 2012 1552 2029; x_wconf 84' lang='lat' dir='ltr'>se</span> <span class='ocrx_word' id='word_1_533' title='bbox 1568 2002 1703 2029; x_wconf 84' lang='lat' dir='ltr'>inhibere</span> <span class='ocrx_word' id='word_1_534' title='bbox 1721 2011 1756 2029; x_wconf 85' lang='lat' dir='ltr'>ne</span> <span class='ocrx_word' id='word_1_535' title='bbox 1772 2002 1903 2034; x_wconf 79' lang='lat' dir='ltr'>abbates,</span> <span class='ocrx_word' id='word_1_536' title='bbox 1923 2002 2031 2036; x_wconf 82' lang='lat' dir='ltr'>priores</span> <span class='ocrx_word' id='word_1_537' title='bbox 2048 2001 2160 2036; x_wconf 84' lang='lat' dir='ltr'>aliique</span> <span class='ocrx_word' id='word_1_538' title='bbox 2176 2001 2252 2029; x_wconf 88' lang='lat' dir='ltr'>Can-</span> 
     </span>
     <span class='ocr_line' id='line_1_76' title="bbox 1241 2050 2248 2085; baseline -0.001 -7"><span class='ocrx_word' id='word_1_539' title='bbox 1241 2051 1399 2079; x_wconf 84' lang='lat' dir='ltr'>tuariensis</span> <span class='ocrx_word' id='word_1_540' title='bbox 1429 2055 1457 2078; x_wconf 90' lang='lat' dir='ltr'>et</span> <span class='ocrx_word' id='word_1_541' title='bbox 1484 2051 1628 2078; x_wconf 75' lang='lat' dir='ltr'>Roffensis</span> <span class='ocrx_word' id='word_1_542' title='bbox 1654 2051 1833 2078; x_wconf 81' lang='lat' dir='ltr'>dioecesium</span> <span class='ocrx_word' id='word_1_543' title='bbox 1861 2051 1991 2085; x_wconf 82' lang='lat' dir='ltr'>religiosi</span> <span class='ocrx_word' id='word_1_544' title='bbox 2017 2050 2054 2078; x_wconf 89' lang='lat' dir='ltr'>ab</span> <span class='ocrx_word' id='word_1_545' title='bbox 2076 2050 2248 2078; x_wconf 86' lang='lat' dir='ltr'>hominibus</span> 
     </span>
     <span class='ocr_line' id='line_1_77' title="bbox 1240 2099 2253 2134; baseline -0.002 -6"><span class='ocrx_word' id='word_1_546' title='bbox 1240 2101 1371 2134; x_wconf 85' lang='lat' dir='ltr'>ejusdem</span> <span class='ocrx_word' id='word_1_547' title='bbox 1396 2100 1568 2127; x_wconf 79' lang='lat' dir='ltr'>monasterii</span> <span class='ocrx_word' id='word_1_548' title='bbox 1591 2100 1692 2127; x_wconf 81' lang='lat' dir='ltr'>Sancti</span> <span class='ocrx_word' id='word_1_549' title='bbox 1710 2099 1871 2134; x_wconf 82' lang='lat' dir='ltr'>Augustini</span> <span class='ocrx_word' id='word_1_550' title='bbox 1887 2102 1990 2131; x_wconf 84' lang='lat' dir='ltr'>terras,</span> <span class='ocrx_word' id='word_1_551' title='bbox 2010 2099 2207 2133; x_wconf 83' lang='lat' dir='ltr'>possessiones</span> <span class='ocrx_word' id='word_1_552' title='bbox 2224 2100 2253 2126; x_wconf 82' lang='lat' dir='ltr'>et</span> 
     </span>
     <span class='ocr_line' id='line_1_78' title="bbox 1240 2147 2253 2183; baseline 0 -8"><span class='ocrx_word' id='word_1_553' title='bbox 1240 2149 1372 2176; x_wconf 82' lang='lat' dir='ltr'>redditus</span> <span class='ocrx_word' id='word_1_554' title='bbox 1396 2149 1431 2175; x_wconf 89' lang='lat' dir='ltr'>ad</span> <span class='ocrx_word' id='word_1_555' title='bbox 1454 2149 1532 2175; x_wconf 87' lang='lat' dir='ltr'>idem</span> <span class='ocrx_word' id='word_1_556' title='bbox 1558 2149 1769 2176; x_wconf 85' lang='lat' dir='ltr'>monasterium</span> <span class='ocrx_word' id='word_1_557' title='bbox 1792 2148 1985 2183; x_wconf 83' lang='lat' dir='ltr'>pertinentes,</span> <span class='ocrx_word' id='word_1_558' title='bbox 2007 2148 2079 2182; x_wconf 86' lang='lat' dir='ltr'>ipsis</span> <span class='ocrx_word' id='word_1_559' title='bbox 2102 2147 2208 2175; x_wconf 81' lang='lat' dir='ltr'>abbate</span> <span class='ocrx_word' id='word_1_560' title='bbox 2223 2149 2253 2175; x_wconf 80' lang='lat' dir='ltr'>et</span> 
     </span>
     <span class='ocr_line' id='line_1_79' title="bbox 1240 2196 2252 2232; baseline -0.001 -8"><span class='ocrx_word' id='word_1_561' title='bbox 1240 2201 1387 2225; x_wconf 86' lang='lat' dir='ltr'>conventu</span> <span class='ocrx_word' id='word_1_562' title='bbox 1404 2197 1608 2232; x_wconf 66' lang='lat' dir='ltr'>ignorantibus</span> <span class='ocrx_word' id='word_1_563' title='bbox 1624 2199 1671 2224; x_wconf 80' lang='lat' dir='ltr'>vel</span> <span class='ocrx_word' id='word_1_564' title='bbox 1688 2197 1803 2229; x_wconf 85' lang='lat' dir='ltr'>invitis,</span> <span class='ocrx_word' id='word_1_565' title='bbox 1830 2200 1932 2224; x_wconf 80' lang='lat' dir='ltr'>contra</span> <span class='ocrx_word' id='word_1_566' title='bbox 1951 2197 2112 2231; x_wconf 88' lang='lat' dir='ltr'>justitiam,</span> <span class='ocrx_word' id='word_1_567' title='bbox 2130 2196 2160 2223; x_wconf 90' lang='lat' dir='ltr'>in</span> <span class='ocrx_word' id='word_1_568' title='bbox 2176 2196 2252 2230; x_wconf 81' lang='lat' dir='ltr'>ejus—</span> 
     </span>
     <span class='ocr_line' id='line_1_80' title="bbox 1240 2244 2251 2280; baseline -0.001 -7"><span class='ocrx_word' id='word_1_569' title='bbox 1240 2245 1305 2273; x_wconf 86' lang='lat' dir='ltr'>dem</span> <span class='ocrx_word' id='word_1_570' title='bbox 1336 2246 1506 2273; x_wconf 79' lang='lat' dir='ltr'>monasterii</span> <span class='ocrx_word' id='word_1_571' title='bbox 1535 2246 1770 2280; x_wconf 79' lang='lat' dir='ltr'>praejudicium,</span> <span class='ocrx_word' id='word_1_572' title='bbox 1801 2253 1897 2272; x_wconf 84' lang='lat' dir='ltr'>emere</span> <span class='ocrx_word' id='word_1_573' title='bbox 1921 2248 1949 2272; x_wconf 90' lang='lat' dir='ltr'>et</span> <span class='ocrx_word' id='word_1_574' title='bbox 1977 2245 2034 2272; x_wconf 89' lang='lat' dir='ltr'>sibi</span> <span class='ocrx_word' id='word_1_575' title='bbox 2061 2244 2251 2280; x_wconf 82' lang='lat' dir='ltr'>appropriare</span> 
     </span>
     <span class='ocr_line' id='line_1_81' title="bbox 1241 2293 2079 2329; baseline 0 -8"><span class='ocrx_word' id='word_1_576' title='bbox 1241 2298 1440 2329; x_wconf 84' lang='lat' dir='ltr'>praesumant.</span> <span class='ocrx_word' id='word_1_577' title='bbox 1460 2309 1491 2313; x_wconf 86' lang='lat'>—</span> <span class='ocrx_word' id='word_1_578' title='bbox 1508 2295 1594 2327; x_wconf 70' lang='lat' dir='ltr'>(Rau.</span> <span class='ocrx_word' id='word_1_579' title='bbox 1612 2294 1655 2327; x_wconf 86' lang='lat'>19,</span> <span class='ocrx_word' id='word_1_580' title='bbox 1672 2295 1690 2321; x_wconf 81' lang='lat' dir='ltr'>f.</span> <span class='ocrx_word' id='word_1_581' title='bbox 1708 2295 1724 2321; x_wconf 88' lang='lat'>5</span> <span class='ocrx_word' id='word_1_582' title='bbox 1741 2298 1785 2325; x_wconf 76' lang='lat' dir='ltr'>v⁰;</span> <span class='ocrx_word' id='word_1_583' title='bbox 1807 2302 1876 2321; x_wconf 87' lang='lat' dir='ltr'>ann.</span> <span class='ocrx_word' id='word_1_584' title='bbox 1895 2294 1963 2327; x_wconf 81' lang='lat' dir='ltr'>X11,</span> <span class='ocrx_word' id='word_1_585' title='bbox 1980 2302 2004 2321; x_wconf 91' lang='lat' dir='ltr'>c.</span> <span class='ocrx_word' id='word_1_586' title='bbox 2022 2293 2079 2325; x_wconf 87' lang='grc'>30.)</span> 
     </span>
    </p>
   </div>
   <div class='ocr_carea' id='block_1_14' title="bbox 1243 2396 2253 2488">
    <p class='ocr_par' dir='ltr' id='par_1_14' title="bbox 1243 2396 2253 2488">
     <span class='ocr_line' id='line_1_82' title="bbox 1284 2396 2253 2434; baseline -0.001 -8"><span class='ocrx_word' id='word_1_587' title='bbox 1284 2408 1297 2423; x_wconf 66' lang='grc' dir='ltr'><em>α</em></span> <span class='ocrx_word' id='word_1_588' title='bbox 1327 2420 1347 2426; x_wconf 89' lang='grc'>..</span> <span class='ocrx_word' id='word_1_589' title='bbox 1373 2398 1473 2426; x_wconf 80' lang='lat' dir='ltr'>abbati</span> <span class='ocrx_word' id='word_1_590' title='bbox 1498 2402 1522 2426; x_wconf 81' lang='lat' dir='ltr'>et</span> <span class='ocrx_word' id='word_1_591' title='bbox 1549 2397 1712 2430; x_wconf 67' lang='lat' dir='ltr'>conventui</span> <span class='ocrx_word' id='word_1_592' title='bbox 1737 2397 1918 2426; x_wconf 73' lang='lat' dir='ltr'>monasterii</span> <span class='ocrx_word' id='word_1_593' title='bbox 1947 2396 2054 2426; x_wconf 76' lang='lat' dir='ltr'>Sancti</span> <span class='ocrx_word' id='word_1_594' title='bbox 2085 2396 2253 2434; x_wconf 75' lang='lat' dir='ltr'>Auyuslini</span> 
     </span>
     <span class='ocr_line' id='line_1_83' title="bbox 1243 2449 2252 2488; baseline -0.001 -9"><span class='ocrx_word' id='word_1_595' title='bbox 1243 2449 1486 2479; x_wconf 63' lang='lat' dir='ltr'>Cantauriensis.</span> <span class='ocrx_word' id='word_1_596' title='bbox 1506 2449 1682 2481; x_wconf 86' lang='lat' dir='ltr'>Universis</span> <span class='ocrx_word' id='word_1_597' title='bbox 1698 2454 1728 2480; x_wconf 86' lang='lat' dir='ltr'>et</span> <span class='ocrx_word' id='word_1_598' title='bbox 1744 2449 1887 2488; x_wconf 83' lang='lat' dir='ltr'>singulis</span> <span class='ocrx_word' id='word_1_599' title='bbox 1904 2466 1952 2479; x_wconf 93' lang='lat'>—.</span> <span class='ocrx_word' id='word_1_600' title='bbox 1973 2450 2044 2479; x_wconf 88' lang='lat' dir='ltr'>Dat.</span> <span class='ocrx_word' id='word_1_601' title='bbox 2061 2454 2098 2480; x_wconf 91' lang='lat' dir='ltr'>ut</span> <span class='ocrx_word' id='word_1_602' title='bbox 2113 2458 2224 2488; x_wconf 90' lang='lat' dir='ltr'>supra.</span> <span class='ocrx_word' id='word_1_603' title='bbox 2239 2461 2252 2476; x_wconf 70' lang='lat' dir='ltr'>n</span> 
     </span>
    </p>
   </div>
   <div class='ocr_carea' id='block_1_15' title="bbox 1315 2642 2182 2675">
    <p class='ocr_par' dir='ltr' id='par_1_15' title="bbox 1315 2642 2182 2675">
     <span class='ocr_line' id='line_1_84' title="bbox 1315 2642 2182 2675; baseline -0.001 -5"><span class='ocrx_word' id='word_1_604' title='bbox 1315 2642 1438 2670; x_wconf 69' lang='lat'>4255</span> <span class='ocrx_word' id='word_1_605' title='bbox 1824 2642 1944 2675; x_wconf 87' lang='lat' dir='ltr'>Latran,</span> <span class='ocrx_word' id='word_1_606' title='bbox 1963 2642 1996 2669; x_wconf 88' lang='grc'>16</span> <span class='ocrx_word' id='word_1_607' title='bbox 2012 2642 2089 2670; x_wconf 90' lang='lat' dir='ltr'>avril</span> <span class='ocrx_word' id='word_1_608' title='bbox 2104 2642 2182 2670; x_wconf 81' lang='lat'>1238.</span> 
     </span>
    </p>
   </div>
   <div class='ocr_carea' id='block_1_16' title="bbox 1242 2704 2255 2981">
    <p class='ocr_par' dir='ltr' id='par_1_16' title="bbox 1242 2704 2255 2981">
     <span class='ocr_line' id='line_1_85' title="bbox 1278 2704 2251 2745; baseline 0.002 -15"><span class='ocrx_word' id='word_1_609' title='bbox 1278 2704 1458 2745; x_wconf 75' lang='lat' dir='ltr'>potestatem</span> <span class='ocrx_word' id='word_1_610' title='bbox 1479 2707 1507 2731; x_wconf 90' lang='lat' dir='ltr'>et</span> <span class='ocrx_word' id='word_1_611' title='bbox 1523 2704 1682 2731; x_wconf 81' lang='lat' dir='ltr'>eonsilium</span> <span class='ocrx_word' id='word_1_612' title='bbox 1700 2705 1832 2731; x_wconf 82' lang='lat' dir='ltr'>Lucanos</span> <span class='ocrx_word' id='word_1_613' title='bbox 1849 2704 1988 2731; x_wconf 84' lang='lat' dir='ltr'>certiores</span> <span class='ocrx_word' id='word_1_614' title='bbox 2002 2705 2074 2732; x_wconf 78' lang='lat' dir='ltr'>facit</span> <span class='ocrx_word' id='word_1_615' title='bbox 2089 2704 2125 2732; x_wconf 82' lang='lat' dir='ltr'>de</span> <span class='ocrx_word' id='word_1_616' title='bbox 2140 2706 2251 2732; x_wconf 78' lang='lat' dir='ltr'>statuto</span> 
     </span>
     <span class='ocr_line' id='line_1_86' title="bbox 1242 2751 2253 2788; baseline 0.002 -10"><span class='ocrx_word' id='word_1_617' title='bbox 1242 2751 1279 2778; x_wconf 81' lang='lat' dir='ltr'>ab</span> <span class='ocrx_word' id='word_1_618' title='bbox 1295 2752 1357 2786; x_wconf 78' lang='lat' dir='ltr'>ipso</span> <span class='ocrx_word' id='word_1_619' title='bbox 1373 2755 1475 2779; x_wconf 84' lang='lat' dir='ltr'>contra</span> <span class='ocrx_word' id='word_1_620' title='bbox 1489 2753 1703 2785; x_wconf 83' lang='lat' dir='ltr'>Bonaeursum,</span> <span class='ocrx_word' id='word_1_621' title='bbox 1718 2753 1814 2780; x_wconf 83' lang='lat' dir='ltr'>civem</span> <span class='ocrx_word' id='word_1_622' title='bbox 1833 2753 1998 2786; x_wconf 85' lang='lat' dir='ltr'>Lucanum,</span> <span class='ocrx_word' id='word_1_623' title='bbox 2018 2753 2068 2788; x_wconf 92' lang='lat' dir='ltr'>qui</span> <span class='ocrx_word' id='word_1_624' title='bbox 2083 2761 2134 2788; x_wconf 91' lang='lat' dir='ltr'>pro</span> <span class='ocrx_word' id='word_1_625' title='bbox 2151 2753 2253 2780; x_wconf 83' lang='lat' dir='ltr'>Viter-</span> 
     </span>
     <span class='ocr_line' id='line_1_87' title="bbox 1244 2799 2255 2837; baseline 0.004 -11"><span class='ocrx_word' id='word_1_626' title='bbox 1244 2799 1339 2826; x_wconf 86' lang='lat' dir='ltr'>biensi</span> <span class='ocrx_word' id='word_1_627' title='bbox 1355 2803 1498 2834; x_wconf 78' lang='lat' dir='ltr'>potestate</span> <span class='ocrx_word' id='word_1_628' title='bbox 1509 2809 1539 2828; x_wconf 87' lang='lat' dir='ltr'>se</span> <span class='ocrx_word' id='word_1_629' title='bbox 1552 2804 1690 2835; x_wconf 80' lang='lat' dir='ltr'>gesserat,</span> <span class='ocrx_word' id='word_1_630' title='bbox 1709 2809 1762 2828; x_wconf 86' lang='lat' dir='ltr'>nec</span> <span class='ocrx_word' id='word_1_631' title='bbox 1776 2809 1834 2828; x_wconf 90' lang='lat' dir='ltr'>non</span> <span class='ocrx_word' id='word_1_632' title='bbox 1851 2803 1953 2828; x_wconf 81' lang='lat' dir='ltr'>eontra</span> <span class='ocrx_word' id='word_1_633' title='bbox 1966 2801 2157 2835; x_wconf 85' lang='lat' dir='ltr'>Markisium,</span> <span class='ocrx_word' id='word_1_634' title='bbox 2173 2802 2255 2837; x_wconf 86' lang='lat' dir='ltr'>judi-</span> 
     </span>
     <span class='ocr_line' id='line_1_88' title="bbox 1244 2848 2255 2885; baseline 0.005 -11"><span class='ocrx_word' id='word_1_635' title='bbox 1244 2856 1306 2874; x_wconf 81' lang='lat' dir='ltr'>ceni</span> <span class='ocrx_word' id='word_1_636' title='bbox 1318 2848 1549 2883; x_wconf 76' lang='lat' dir='ltr'>viterbiensem,</span> <span class='ocrx_word' id='word_1_637' title='bbox 1560 2853 1588 2877; x_wconf 89' lang='lat' dir='ltr'>et</span> <span class='ocrx_word' id='word_1_638' title='bbox 1597 2850 1806 2877; x_wconf 85' lang='lat' dir='ltr'>Armaleonem</span> <span class='ocrx_word' id='word_1_639' title='bbox 1821 2853 1850 2877; x_wconf 87' lang='lat' dir='ltr'>et</span> <span class='ocrx_word' id='word_1_640' title='bbox 1859 2850 2041 2885; x_wconf 78' lang='lat' dir='ltr'>Morlanum,</span> <span class='ocrx_word' id='word_1_641' title='bbox 2050 2851 2255 2879; x_wconf 80' lang='lat' dir='ltr'>Viterbienses</span> 
     </span>
     <span class='ocr_line' id='line_1_89' title="bbox 1244 2895 2254 2933; baseline 0.004 -10"><span class='ocrx_word' id='word_1_642' title='bbox 1244 2895 1429 2929; x_wconf 83' lang='lat' dir='ltr'>tabelliones,</span> <span class='ocrx_word' id='word_1_643' title='bbox 1451 2897 1540 2930; x_wconf 86' lang='lat' dir='ltr'>edito,</span> <span class='ocrx_word' id='word_1_644' title='bbox 1557 2906 1662 2933; x_wconf 88' lang='lat' dir='ltr'>eosque</span> <span class='ocrx_word' id='word_1_645' title='bbox 1681 2901 1781 2925; x_wconf 84' lang='lat' dir='ltr'>monet</span> <span class='ocrx_word' id='word_1_646' title='bbox 1797 2902 1942 2932; x_wconf 83' lang='lat' dir='ltr'>quatenus</span> <span class='ocrx_word' id='word_1_647' title='bbox 1957 2899 2025 2926; x_wconf 87' lang='lat' dir='ltr'>illos</span> <span class='ocrx_word' id='word_1_648' title='bbox 2042 2899 2119 2927; x_wconf 85' lang='lat' dir='ltr'>sicut</span> <span class='ocrx_word' id='word_1_649' title='bbox 2134 2908 2254 2928; x_wconf 79' lang='lat' dir='ltr'>excom·</span> 
     </span>
     <span class='ocr_line' id='line_1_90' title="bbox 1245 2945 2254 2981; baseline 0.006 -10"><span class='ocrx_word' id='word_1_650' title='bbox 1245 2945 1410 2972; x_wconf 80' lang='lat' dir='ltr'>municatos</span> <span class='ocrx_word' id='word_1_651' title='bbox 1432 2946 1529 2974; x_wconf 84' lang='lat' dir='ltr'>vitent</span> <span class='ocrx_word' id='word_1_652' title='bbox 1550 2950 1578 2974; x_wconf 89' lang='lat' dir='ltr'>et</span> <span class='ocrx_word' id='word_1_653' title='bbox 1594 2947 1779 2981; x_wconf 86' lang='lat' dir='ltr'>praedictum</span> <span class='ocrx_word' id='word_1_654' title='bbox 1795 2950 1941 2975; x_wconf 85' lang='lat' dir='ltr'>statutum</span> <span class='ocrx_word' id='word_1_655' title='bbox 1965 2948 2077 2976; x_wconf 79' lang='lat' dir='ltr'>faciant</span> <span class='ocrx_word' id='word_1_656' title='bbox 2092 2949 2254 2977; x_wconf 84' lang='lat' dir='ltr'>observari.</span> 
     </span>
    </p>
   </div>
  </div>
 </body>
</html>
