2519 3518
56 317 111 348 169
890 304 1119 344 NEUVIEME
1141 304 1299 341 ANNnE.
2082 311 2136 340 170

54 383 163 418 possit;
181 385 261 416 rogat
275 391 339 409 eum
357 386 385 410 et
402 384 500 409 monet
515 386 557 415 ut,
575 390 641 409 cum
657 381 731 408 talia
745 380 780 407 de
797 380 871 407 Sede
886 379 1056 414 Apostolica

53 432 92 460 ad
105 431 199 466 ipsius
212 431 398 466 imperatoris
411 440 494 458 aures
506 431 690 465 perveniant,
703 440 733 457 os
746 430 849 464 iniqua
860 429 1055 463 loquentium,

55 481 133 508 sicut
153 483 181 507 et
201 481 262 515 ipse
283 489 359 514 papa
378 480 442 506 vice
463 488 547 506 versa
570 480 650 509 facit,
673 479 819 510 obstruat,
836 481 864 505 et
887 477 942 512 ipsi
966 485 1057 511 papae

57 530 160 558 audita
177 530 327 557 rescribat.
350 544 380 548 —
402 530 488 561 (Rae.
507 529 555 561 18,
578 530 597 556 l.
618 529 651 556 72
667 532 712 561 v⁰;
731 536 800 555 ann.
822 528 878 558 IX,
898 535 922 553 c.
939 526 1006 558 236;
1025 540 1056 543 -

57 579 190 607 MOREAU
203 578 281 611 1190,
296 579 314 604 f.
327 578 395 610 13›1;
413 592 444 596 —
460 576 727 608 Porrimsr100183
746 591 775 594 —
790 576 971 603 Rooannssnc
983 574 1057 604 655.)

101 691 113 706 «
132 680 177 713 F.,
196 680 399 708 Romanorum
421 679 599 716 imperatori
619 686 734 714 semper
752 681 880 713 auquslo
902 680 954 704 etc.
973 674 1058 705 Con-

59 731 146 762 sueti
163 730 337 761 fecundius
356 730 390 760 in
409 747 457 758 -—.
476 731 549 759 Dat.
569 729 691 764 Asisii,
711 729 775 758 xl}
795 727 953 758 kalendas
971 730 1059 756 octo-

58 783 139 818 bris,
156 783 366 821 pontificatus
386 782 488 811 nostri
508 790 594 812 anno
611 790 707 811 nono.
730 793 742 807 n

97 901 200 924 25⁷9·
219 914 246 918 —
268 901 418 935 Scriptum
435 904 479 928 est
500 909 586 935 super
604 901 657 927 hoc
672 921 689 927 ..
704 901 836 932 maffia-ero
853 899 949 924 domus
966 898 1061 925 Sam-te

61 950 148 976 Marte
166 950 385 981 remantem-um,
401 952 434 976 ut
449 949 543 975 eidem
560 949 730 983 imperatori
748 947 887 982 premissa
903 947 1061 981 prudenter

57 1000 169 1026 referat
183 1001 212 1026 et
227 999 324 1032 ipsum
341 998 377 1025 ad
393 997 423 1024 id
439 997 598 1024 studiosius
613 997 743 1024 inducat.

134 1164 252 1192 2780

101 1225 291 1253 Patri-archae
310 1225 511 1256 Antiocheno,
526 1224 713 1258 Apostolicae
730 1224 814 1251 Sedis
837 1224 945 1257 legato,
962 1223 1065 1249 scribit

64 1274 249 1301 Fridericum
271 1273 477 1308 imperatorem
500 1273 619 1307 petiisse
639 1275 671 1298 ut
687 1273 793 1298 festum
814 1271 992 1298 Nativitatis
1007 1272 1065 1298 Do-

65 1322 139 1349 mini
154 1321 288 1356 proximo
304 1322 435 1348 [uturum
449 1320 485 1348 ad
501 1320 701 1347 definiendum
719 1322 812 1347 totum
827 1319 975 1352 negotium
991 1319 1066 1353 quod

64 1371 254 1405 interipsum
272 1373 300 1397 et
320 1369 499 1397 Lombardos
514 1369 697 1401 vertebatur,
718 1369 759 1395 eis
779 1369 944 1399 assignetur
964 1368 1067 1395 termi-

64 1427 130 1452 11115,
147 1421 312 1453 apponatur
326 1426 417 1452 poena
430 1417 554 1450 triginta
572 1417 691 1443 milium
706 1425 870 1443 marcarum
888 1417 917 1443 in
935 1424 1068 1451 compro-

65 1467 166 1499 misso,
180 1469 219 1499 et,
234 1466 257 1493 si
273 1467 369 1493 forsan
385 1465 458 1492 dicti
475 1465 633 1492 Lonibardi
647 1465 838 1499 apostolicam
852 1465 1067 1491 ordinationem

65 1515 113 1542 vel
126 1514 350 1549 dispositionem
368 1522 425 1540 non
446 1513 644 1544 servaverint,
664 1515 789 1540 rectores
809 1513 958 1540 societatis
980 1513 1069 1539 Lom-

62 1562 199 1595 bardiae‚
216 1564 374 1597 potestates
395 1570 428 1588 ae
453 1561 577 1589 consilia
597 1561 753 1588 civitat-um
776 1561 839 1595 ipso
859 1562 936 1587 facto
951 1563 1070 1587 seuten-

62 1611 139 1638 tiam
170 1610 488 1638 excommunicationis
516 1610 669 1636 incurrant
683 1617 689 1642 ;
718 1609 840 1636 mandat
870 1609 896 1636 ei
927 1611 1070 1643 quatenus

66 1660 208 1694 praefigat
221 1659 383 1686 rectoribus
397 1658 536 1692 praetatis
550 1666 583 1685 ac
602 1658 673 1692 ipsis
687 1657 861 1685 Lombardis
877 1666 928 1692 pro
944 1657 1071 1684 termino

67 1708 210 1735 kalendas
225 1707 399 1740 decembris,
413 1707 445 1734 in
457 1715 512 1741 quo
528 1707 564 1733 ad
580 1707 748 1741 ponendum
765 1709 858 1733 totum
876 1706 1025 1740 negotium
1040 1706 1071 1732 in

69 1765 159 1784 manu
174 1757 324 1784 Ecclesiae
344 1759 533 1791 compareant
556 1765 652 1783 coram
669 1756 731 1790 ipso
748 1764 832 1790 papa.
857 1770 889 1774 —
912 1756 998 1787 (ΗΕΘ.
1021 1755 1071 1788 18,

23 1801 28 1805 ’
69 1806 90 1832 f.
105 1805 138 1832 73
154 1808 194 1838 r⁰;
215 1814 285 1832 ann.
305 1805 363 1838 IX,
385 1813 408 1832 c.
430 1805 498 1838 237;
517 1819 548 1822 -
564 1805 697 1832 MOREAU
711 1804 794 1837 1190,
812 1805 831 1830 f.
849 1804 916 1836 1373
936 1806 974 1831 cf.
994 1803 1071 1835 ibid„

70 1855 90 1881 f.
107 1853 176 1886 136:
192 1868 223 1872 ——
240 1854 397 1881 Pornmsr
411 1853 514 1885 100233
530 1867 561 1871 —
579 1853 762 1880 RODENBERG
775 1852 850 1883 661.)

562 1163 672 1195 Assise,
688 1163 722 1189 26
734 1163 898 1197 septembre
914 1162 992 1188 1235.

114 1966 127 1981 α
159 1977 178 1982 ..
204 1954 384 1991 patriarche
414 1953 616 1987 Antiocheno,
648 1953 811 1989 Apostolice
844 1953 928 1981 Sedis
967 1953 1072 1989 legyato.

70 2005 236 2036 Dilectum
254 2005 360 2035 filium
378 2005 573 2042 magistrum
593 2021 642 2032 —.
667 2005 738 2033 Dat.
757 2004 879 2039 Asisii‚
898 2005 944 2034 VI
959 2004 1075 2034 kalen-

69 2058 131 2088 das
146 2058 300 2091 octobris,
318 2066 404 2087 anno
421 2066 518 2087 nono.
538 2069 551 2083 n

147 2228 257 2256 2281

114 2289 287 2317 Rectoribus
303 2289 452 2316 societatis
468 2289 662 2316 Lombardiae
682 2289 760 2316 idem
776 2290 834 2316 tere
849 2289 963 2322 scribit,
980 2289 1077 2316 verbis

76 2340 278 2372 competenter
293 2338 425 2365 mutatis.
440 2352 471 2356 —
483 2338 569 2370 (Rae.
582 2337 625 2371 18,
641 2338 660 2364 f.
673 2338 706 2364 73
720 2341 759 2370 r‘’;
774 2346 843 2365 ann.
859 2338 911 2370 IX,
926 2346 950 2364 c.
965 2337 1032 2370 238;
1046 2352 1077 2356 -—

77 2401 110 2418 :-
126 2386 258 2414 Momm·
275 2386 354 2419 1190,
372 2387 391 2412 s.
408 2386 475 2418 1383
491 2400 522 2404 -—
537 2386 692 2413 PorruAsr
704 2386 791 2413 26253
802 2386 831 2418 *;
849 2401 880 2404 —
896 2387 1078 2414 Rene-xame-

76 2434 152 2466 662.)

572 2228 682 2261 Assise,
699 2228 733 2255 26
748 2228 912 2263 septembre
927 2228 1005 2255 1235.

122 2547 134 2562 α
154 2536 326 2564 Rectoribvs
348 2536 498 2564 societatis
515 2535 701 2563 Lombarctie.
728 2534 816 2564 Licet
830 2533 1029 2563 karissimus
1046 2534 1080 2563 in

77 2605 129 2616 -.
147 2588 219 2618 Dat.
237 2587 350 2623 Asisii,
369 2588 413 2617 VI
428 2587 586 2617 kalendas
603 2587 756 2622 octobris,
774 2595 860 2616 anno
874 2595 969 2616 nono.
991 2598 1004 2612 »

153 2759 269 2788 2282

117 2820 261 2854 Magistro
273 2820 428 2854 hospitalis
441 2820 567 2847 Sanctae
578 2819 691 2845 Mariae
700 2818 949 2845 Tlieutonicorum
961 2826 1084 2851 conque-

82 2869 159 2896 ritur
173 2869 295 2896 Petrum
311 2869 347 2895 de
361 2868 459 2895 Vinea
471 2870 499 2894 et
515 2868 641 2894 electum
657 2867 842 2899 Paetensem,
857 2866 976 2893 nuntios
990 2865 1085 2900 impe-

81 2917 203 2951 ratoris,
218 2918 297 2944 nolle
314 2920 465 2952 acceptare
483 2915 716 2951 procurationem
733 2923 820 2949 quam
841 2915 877 2941 de
892 2914 977 2941 rebus
992 2915 1085 2941 Acco-

82 2966 224 2994 nensibus
239 2966 303 3000 ipse
317 2974 394 3000 papa
415 2966 510 2992 iacere
529 2964 620 2996 velit;
637 2966 785 2998 praeterea
803 2963 1009 2997 imperatorem
1028 2962 1085 2989 sibi

579 2756 689 2789 Assise,
705 2757 738 2783 22
754 2756 918 2790 septembre
933 2756 1011 2783 1235.

1137 378 1298 411 scripsisse,
1315 378 1338 404 si
1354 378 1501 409 negotium
1519 377 1746 405 Lombardorum
1765 385 1854 411 usque
1869 376 1904 403 ad
1923 378 2028 403 testum
2045 376 2134 403 Nati-

1139 425 1241 452 vitatis
1266 427 1442 460 couipletum
1470 434 1525 452 non
1552 425 1604 457 sit,
1625 434 1654 452 se
1681 434 1746 451 eum
1770 425 1899 452 exercitu
1925 424 2132 452 Lombardiam

1139 473 1336 507 ingressurum
1361 482 1437 505 esse3
1459 483 1524 500 vum
1548 476 1628 505 rogat
1649 476 1680 500 ut
1699 473 1833 500 eumdem
1859 474 2064 508 imperatorem
2087 473 2135 500 in-

1138 522 1226 549 ducat
1247 525 1278 548 ut
1298 530 1383 556 super
1403 522 1501 548 eodem
1527 522 1640 552 negotio
1663 522 1725 548 sine
1747 521 1918 548 condicione
1936 521 2035 555 aliqua
2055 529 2084 547 se
2103 521 2135 547 in

1140 570 1275 597 manibus
1288 573 1373 604 ponat
1388 570 1544 601 Ecclesiae,
1556 578 1647 603 neque
1659 573 1757 596 eontra
1771 570 1957 602 Lombardns,
1972 569 2100 595 maxime
2111 569 2135 596 si

1140 619 1268 652 praecise
1282 627 1311 645 se
1325 619 1354 645 in
1371 618 1505 645 manibus
1519 618 1666 645 Ecclesiae
1679 626 1782 651 ponere
1795 618 1855 644 sint
1869 618 1973 651 parati,
1989 617 2136 651 procedat.

1141 681 1172 684 —
1187 667 1272 693 (nm.
1291 666 1333 698 18,
1350 668 1368 692 f.
1386 666 1419 692 73
1436 670 1478 698 v⁴¹;
1495 674 1563 692 ann.
1582 666 1634 698 lX,
1651 674 1675 692 c.
1690 665 1755 697 239;
1774 680 1804 683 —
1820 666 1974 692 Pommsr
1989 665 2089 697 10021;
2105 678 2138 683 -—

1142 715 1323 741 Rom-:xamen
1339 714 1414 745 657.)

1183 828 1195 841 (t
1224 838 1245 843 ..
1274 817 1421 851 munisti-o
1450 816 1608 852 hospitalis
1638 816 1746 843 Sancte
1772 815 1865 843 Marte
1896 815 2140 844 Teutonicorum.

1141 868 1289 898 Dilectus
1306 868 1393 897 silius
1411 868 1568 905 magister
1583 885 1629 896 —.
1649 868 1721 897 Dat.
1739 867 1853 901 Asisii,
1871 867 1899 896 X
1917 867 2074 897 kalendas
2089 875 2141 896 oc-

1143 921 1256 955 tobris,
1275 929 1362 950 anno
1383 929 1478 949 nono.
1500 933 1512 946 »

1214 1123 1331 1151 2¹:83

1181 1185 1282 1212 Electri
1297 1185 1504 1211 Terraconensi
1524 1185 1644 1211 mandat-
1664 1187 1807 1218 quatenus
1827 1185 1862 1210 de
1878 1185 2012 1210 nefandis
2030 1184 2145 1211 actibus

1147 1242 1217 1267 quos
1231 1235 1410 1267 perpetrasse
1423 1233 1575 1259 dicebatur
1588 1233 1739 1266 episeopus
1751 1232 1898 1260 Oscensis.
1916 1232 2056 1266 inquirat,
2068 1232 2146 1266 quod

1147 1281 1295 1308 invenerit
1312 1281 1381 1307 Sodi
1400 1280 1586 1314 Apostolicae
1608 1280 1733 1307 fideliter
1752 1280 1885 1312 intimet,
1904 1283 1932 1306 et
1952 1280 2047 1306 eidem
2068 1279 2146 1313 epis-

1147 1338 1217 1363 copo
1239 1330 1378 1363 praefigat
1399 1329 1559 1355 terminum
1580 1331 1806 1362 competentem,
1828 1337 1882 1362 quo
1899 1328 2057 1362 apostolico
2077 1336 2147 1354 con-

1148 1378 1260 1412 spectui
1277 1386 1307 1404 se
1323 1380 1498 1411 praesentet.
1517 1392 1547 1395 —
1564 1378 1649 1408 (Rae.
1667 1377 1710 1409 18,
1728 1378 1747 1403 t.
1765 1378 1797 1403 74
1814 1380 1853 1409 1·”;
1870 1386 1938 1403 ann.
1957 1377 2014 1409 IX,
2031 1387 2054 1403 c.
2071 1376 2148 1408 210.)

1641 1123 1750 1155 Assise,
1767 1124 1800 1149 17
1815 1123 1979 1157 septembre
1992 1123 2070 1149 1235.

1191 1491 1205 1505 t(
1225 1501 1244 1507 ..
1262 1479 1350 1507 electo
1365 1479 1591 1506 Tarraconensi.
1609 1477 1642 1507 Si
1657 1477 1779 1514 grande
1796 1477 1904 1514 gregis
1920 1494 1968 1505 ——.
1986 1477 2071 1507 Sane
2085 1476 2150 1506 cla-

1149 1540 1220 1561 mor
1238 1530 1367 1560 validus
1384 1535 1413 1559 et
1432 1530 1584 1559 funestus
1601 1538 1705 1567 nuper
1719 1530 1758 1559 ad
1777 1538 1872 1559 aures
1890 1534 2018 1559 nostras
2034 1530 2073 1559 de
2091 1537 2151 1559 ne-

1150 1583 1390 1622 phandissimis
1421 1582 1548 1612 actibus
1577 1605 1596 1610 ..
1623 1582 1778 1612 Oscensis
1807 1582 1968 1620 episcopi,
1994 1582 2083 1612 velut
2110 1582 2151 1612 de

1151 1637 1284 1666 fornace
1299 1636 1411 1665 fumus
1423 1634 1635 1669 ascendens&
1651 1643 1710 1663 nos
1724 1634 1763 1663 ad
1779 1634 1956 1664 videndum
1970 1643 2027 1672 per
2041 1634 2151 1673 inqui-

1152 1689 1306 1719 sitionem
1323 1687 1520 1717 descendere
1537 1687 1693 1725 compulit
1709 1705 1756 1715 —.
1773 1686 1870 1717 Illum
1887 1687 1976 1717 enim
1988 1687 2148 1723 imitatus,

1151 1746 1188 1771 ut
1203 1742 1318 1775 fertur,
1337 1740 1392 1779 qui
1410 1740 1443 1769 in
1460 1740 1598 1770 veritate
1615 1749 1678 1769 non
1696 1739 1784 1769 stetit
1796 1742 1819 1773 ¹²,
1837 1744 2040 1778 assumptum
2059 1740 2151 1777 prius

1153 1793 1408 1824 Cistereiensem
1434 1793 1582 1822 ordinem
1610 1802 1667 1830 por
1692 1793 1892 1830 apostasiam
1915 1793 2077 1827 deseruit,
2107 1796 2150 1827 et,

1153 1847 1260 1876 fact-us
1279 1846 1468 1884 episcopus,
1493 1845 1598 1875 sancti
1614 1846 1794 1882 Augustini
1813 1845 1972 1883 regulam,
1991 1846 2152 1876 hactenus

1153 1898 1188 1927 in
1211 1898 1349 1928 Oscensi
1377 1902 1407 1927 et
1429 1898 1582 1928 Jaccensi
1604 1902 1766 1927 servatam
1787 1897 1947 1933 ecclesiis,
1966 1898 2152 1937 dissipavit.

1154 1950 1291 1984 Deinde,
1310 1958 1478 1979 sacrarum
1498 1949 1664 1986 virginum
1683 1950 1832 1984 violator,
1850 1950 1936 1980 inter
1954 1950 2036 1980 alias
2058 1973 2077 1979 ..
2095 1950 2154 1980 ab-
2195 1939 2206 1945 ⁷

1155 2003 1313 2033 hatissam
1331 2002 1525 2032 monasterii
1543 2002 1661 2032 Sancte
1674 2002 1801 2037 Crucis,
1822 2012 1896 2032 eum
1914 2003 2002 2033 linea
2018 2011 2154 2033 consan-

1155 2055 1329 2094 guinitatis
1354 2055 1451 2085 tertia
1475 2055 1738 2093 contingentem,
1762 2064 1972 2086 consecrasse
1997 2060 2073 2086 ante
2097 2065 2156 2094 per

1156 2108 1281 2142 velum,
1300 2113 1330 2137 et
1348 2112 1474 2145 postea.
1497 2107 1640 2137 elaustro
1657 2108 1790 2145 pudoris
1807 2108 1955 2138 effracto.
1974 2109 2103 2138 sedasse
2119 2117 2156 2138 ac

1156 2160 1352 2190 fecundasse
1371 2160 1492 2189 dicitur
1510 2169 1566 2197 per
1581 2160 1762 2195 incestum3
1781 2170 1817 2190 ex
1834 2170 1896 2199 qua
1914 2160 2072 2196 Albiram,
2093 2170 2157 2200 que

1158 2221 1246 2242 nunc
1266 2212 1420 2241 monialis
1441 2212 1566 2246 existit,
1591 2212 1723 2249 genuit;
1748 2217 1779 2242 et
1801 2213 1931 2243 tandem
1949 2214 2036 2243 inter
2051 2214 2157 2252 ipsius

1159 2274 1276 2295 manus
1301 2264 1417 2294 infelix
1440 2265 1572 2302 pariens
1595 2265 1766 2303 expiravit.
1791 2266 1828 2295 Et
1852 2275 1956 2305 usque
1981 2266 2062 2296 adeo
2086 2270 2159 2304 post

1157 2317 1331 2347 illecebras
1359 2318 1469 2347 carnis
1497 2321 1527 2347 et
1556 2317 1726 2347 oculorum
1754 2319 2038 2356 concupiscentias
2065 2319 2158 2353 abiit,

1160 2370 1246 2408 quod
1268 2370 1492 2408 septenarium
1520 2369 1663 2399 filiorum
1686 2374 1715 2400 et
1739 2370 1882 2400 tiliarum
1907 2380 2094 2407 numerum,
2123 2375 2160 2401 ut

1160 2423 1292 2453 brutum
1320 2432 1435 2460 pecus,
1464 2423 1618 2457 excessit,
1648 2421 1729 2461 quos
1755 2423 1871 2453 ditavit
1896 2424 1934 2454 de
1961 2424 2160 2462 patrimonio

1161 2475 1329 2506 Crueifixi.
1352 2475 1570 2513 Symoniacus
1592 2475 1728 2513 insuper
1748 2480 1777 2505 et
1801 2476 2004 2514 prophanus,
2031 2477 2161 2506 conses-

1162 2528 1272 2558 siones
1290 2528 1479 2566 frequenter
1497 2528 1643 2557 revelare
1661 2537 1724 2558 non
1741 2529 1877 2561 veritus,
1898 2530 2085 2567 profligator
2102 2529 2161 2559 110-

1162 2581 1339 2611 reditatum
1358 2581 1528 2610 Jaccensis
1550 2584 1581 2610 et
1601 2581 1756 2611 Oscensis
1777 2581 2009 2615 ecclesiarum,
2033 2581 2163 2611 divino-

1163 2641 1236 2662 rum
1257 2636 1537 2662 sacramentorum
1557 2632 1742 2663 irreverens
1764 2633 1995 2671 prophanator,
2013 2633 2162 2662 irretitus

1164 2685 1559 2715 excommunicationibus
1583 2685 1695 2714 multis
1719 2685 1927 2724 infinitisque
1953 2685 2161 2720 criminibus,

1163 2737 1339 2773 homicida,
1362 2737 1525 2775 perjurus.
1548 2737 1744 2767 temerarius
1760 2737 1944 2775 Apostolice
1963 2738 2057 2768 Sedis
2073 2745 2164 2766 man-

1165 2790 1313 2819 datorum
1331 2793 1544 2827 contemptor.
1563 2793 1683 2818 statuta
1700 2798 1764 2818 non
1777 2789 1926 2827 sequitur
1939 2794 1980 2819 et.
1998 2788 2164 2827 propriam

1199 2921 1218 2944 1.
1235 2921 1315 2948 Exn„
1332 2920 1408 2948 XIX,
1427 2920 1462 2943 18.

1196 2963 1220 2987 2.
1235 2964 1327 2992 JOAN„
1343 2963 1421 2993 vul,
1439 2963 1476 2986 44.
