2423 3487
250 291 308 320 475
974 291 1213 321 REGISTRES
1236 290 1290 319 DE
1313 283 1536 320 GREGOIRE
1558 290 1618 319 IX.
2287 295 2345 325 476

251 356 294 384 tri
315 379 333 384 ..
353 355 538 385 Brixiensis
556 356 700 393 episcopi
723 356 963 385 continentiam
981 356 1183 391 litterarum,
1203 356 1256 385 cui

251 408 477 438 executionem
494 412 690 437 statutorum
713 408 861 446 ipsorum
877 409 1030 438 duximus
1047 409 1255 439 committen-

251 460 342 494 dam,
366 460 472 489 dictus
492 460 669 489 Anselmus
694 465 723 490 et
743 461 986 499 Episcopellus,
1011 462 1255 491 concanonicus

251 512 333 550 ejus.
344 517 489 541 nostram
505 513 708 541 audientiam
718 513 1255 551 appellaruntXerum,cumidem

249 564 443 594 Anselmus.
462 565 501 594 ob
525 564 623 594 aliani
641 574 774 595 causam
791 575 889 604 quam
908 575 967 596 nec
987 571 1063 595 tunc
1081 566 1254 604 expressit,

248 626 308 646 nec
328 617 433 645 adhuc
451 617 535 646 scire
559 626 593 647 se
615 619 749 653 asserit,
773 628 813 648 ne
833 619 939 648 dictus
959 619 1132 657 episcopus
1152 621 1255 649 Vero-

248 670 363 699 nensis
381 670 548 699 civitatem
570 672 795 701 Veronensem
813 677 1011 710 supponeret
1030 672 1255 702 ecclesiastico

245 722 435 756 interdicto,
453 731 486 752 se
499 727 625 752 astruat
637 724 677 752 ad
693 724 809 754 Sedem
822 724 1043 762 Apostolicam
1058 725 1251 763 appellasse,

246 775 342 804 nobis
360 774 532 804 humiliter
545 776 742 814 supplicavit
759 781 793 806 ut
810 786 909 815 super
924 777 984 807 hoc
1000 778 1173 816 providere
1189 779 1255 808 sibi

244 827 506 857 misericorditer
527 828 757 865 dignaremur.
782 830 923 859 maxime
952 839 1026 860 cum
1051 831 1091 860 sit
1115 831 1253 869 probare

244 884 380 918 paratus
416 880 676 910 instrumentum
709 881 899 920 hujusmodi
935 892 1008 912 esse
1043 883 1183 914 salsum.
1223 889 1251 913 et

245 932 331 970 quod
348 932 381 961 in
400 932 481 970 ipsis
498 932 567 962 loco
587 938 615 962 et
633 933 685 963 (lie
702 934 736 962 in
750 934 870 972 quibus
882 935 970 965 idem
988 936 1157 965 conditum
1175 937 1250 966 fuit.

242 985 314 1022 ipse
331 984 498 1014 consuluit
515 985 601 1015 dicto
622 986 774 1024 episcopo
791 987 988 1023 Veronensi,
1009 993 1037 1018 et
1055 988 1197 1018 induxit.
1218 994 1251 1019 ut

241 1038 360 1076 potuit,
382 1038 478 1075 quod.
500 1042 620 1067 statuta
639 1039 785 1076 predicta
804 1039 985 1071 observans
1002 1045 1031 1071 et
1051 1041 1178 1071 faciens
1194 1042 1252 1072 ob-

242 1091 369 1120 servari
386 1100 442 1129 per
454 1092 664 1121 Veronense-S
682 1092 839 1123 ecclesias
856 1093 1067 1131 publicanda,
1084 1095 1251 1125 civitatem

242 1144 379 1173 eandem
402 1149 616 1182 supponeret,
639 1145 733 1183 juxta
756 1146 919 1176 dictarum
939 1146 1125 1177 litterarum
1145 1149 1250 1178 conti-

240 1196 407 1229 nentiam,
430 1197 626 1232 interdicto,
653 1199 739 1236 quod
761 1199 832 1236 ipsc
855 1200 1063 1237 postmodum
1086 1210 1151 1231 una
1176 1211 1250 1231 cum

240 1249 317 1278 aliis
335 1249 480 1280 clericis.
504 1250 589 1279 sicut
612 1252 748 1287 asserit,
774 1252 973 1282 observavit.
997 1254 1140 1292 Ideoque
1156 1263 1250 1284 man-

239 1302 356 1331 damus
373 1307 548 1340 quatenus,
570 1303 609 1332 al]
627 1303 694 1333 hiis
708 1305 765 1343 qui
787 1309 863 1334 tunc
882 1305 1118 1341 interfuerunt,
1137 1307 1250 1345 inqui-

240 1355 303 1384 sita
320 1354 416 1392 plene
433 1364 532 1393 super
548 1356 706 1393 predictis
722 1357 876 1388 omnibus
899 1362 929 1388 et
951 1359 1083 1396 cognita
1098 1360 1247 1396 veritate,

240 1411 305 1436 tam
320 1407 394 1437 illos
408 1417 505 1446 quam
524 1412 623 1438 testes
644 1418 725 1447 quos
740 1415 941 1441 memoratus
958 1412 1137 1442 Anselmus
1151 1422 1250 1451 super

237 1460 299 1489 hoc.
318 1460 447 1490 duxerit
464 1461 703 1498 producendos.
726 1463 754 1491 si
772 1472 805 1492 se
824 1464 929 1500 gratia
952 1468 1025 1499 eto,
1044 1474 1149 1503 usque
1169 1475 1174 1494 :
1196 1475 1249 1495 co-

238 1517 353 1550 gentes
386 1514 518 1543 veritati
552 1515 781 1544 testimonium
815 1516 1007 1553 perhibere,
1044 1518 1248 1549 denuntietis

236 1566 348 1603 ipsum
374 1566 413 1595 ab
439 1567 646 1604 impetitione
669 1567 860 1606 hujusmodi
889 1569 1092 1605 absolutum,
1120 1572 1147 1601 si
1173 1581 1248 1601 eum

237 1617 436 1647 inveneritis
453 1618 681 1654 innocentem3
705 1620 854 1659 alioquin
871 1622 1041 1659 preligatis
1059 1623 1164 1653 eidem
1184 1629 1248 1653 ter-

236 1671 366 1699 minum
382 1672 640 1709 peremptorium
657 1678 907 1711 competentem,
927 1684 1001 1713 quo.
1021 1685 1094 1705 cum
1112 1682 1248 1707 attesta—

237 1723 386 1753 tionibus
403 1724 595 1753 interclusis
615 1725 736 1762 sigillis
753 1727 888 1763 vestris,
911 1733 1023 1758 nostro
1040 1738 1074 1759 se
1091 1739 1248 1768 conspec-

236 1776 286 1805 tui
310 1781 530 1814 representet,
558 1786 615 1815 pro
638 1779 766 1809 meritis
783 1785 988 1818 recepturus.
1011 1782 1104 1818 Quod
1127 1784 1155 1812 si
1182 1793 1247 1813 non

235 1838 351 1859 omnes
364 1834 424 1859 etc.
436 1831 508 1859 Dat.
521 1831 633 1866 Reate,
648 1832 744 1861 nonis
757 1834 966 1870 septembris,
981 1844 1067 1865 anno
1079 1836 1217 1866 decimo.
1232 1849 1244 1863 »ι

305 2002 423 2029 3319
772 2005 862 2038 Rieti,
879 2005 895 2032 6
911 2007 1077 2040 septembre
1093 2008 1172 2035 1236.

271 2063 460 2097 Glasguensi,
476 2064 693 2092 Dumblanensi
710 2068 738 2092 et
754 2066 950 2094 Brechinensi
965 2068 1109 2103 episcopis
1121 2070 1245 2098 mandat

236 2115 382 2146 quatenus
398 2121 516 2139 causam
535 2114 664 2140 Galfridi
681 2114 834 2148 canonici,
858 2115 1007 2143 defectum
1028 2118 1175 2145 natalium
1191 2127 1244 2153 pa-

234 2161 350 2193 tientis,
372 2161 403 2187 in
424 2162 565 2189 ecclesiae
586 2164 808 2190 Dunkeldensis
826 2164 996 2199 episcopum
1018 2167 1115 2199 electi,
1133 2169 1244 2195 exami-

236 2212 320 2241 nent,
337 2212 380 2242 et,
397 2210 421 2236 si
438 2211 668 2244 postulationem
683 2212 718 2238 de
734 2212 786 2239 illo
800 2213 908 2239 factam
919 2235 925 2246 ‚
944 2213 980 2240 de
997 2222 1121 2248 persona
1139 2216 1245 2245 idonea

233 2257 375 2284 canonice
404 2258 583 2285 celebratam
620 2259 809 2293 invenerint,
842 2261 977 2288 eamdem
1007 2263 1180 2291 admittant.
1210 2280 1242 2285 -

235 2306 322 2338 (Rae.
337 2306 386 2339 18,
407 2307 426 2333 f.
442 2307 491 2333 191
509 2310 553 2340 v⁰;
572 2315 642 2334 ann.
659 2308 703 2341 X,
719 2317 743 2335 c.
760 2308 828 2341 218;
845 2323 878 2327 -
892 2309 1050 2338 ΡοἹἼἬΑ5Τ
1064 2312 1175 2344 10242.)

273 2419 286 2433 «
307 2430 327 2436 ..
346 2408 540 2445 Glasquensi.
561 2431 580 2437 ..
599 2408 844 2447 D1([m]blanensi
862 2415 887 2439 et
908 2433 927 2439 ..
945 2412 1144 2442 Brechinensi
1163 2416 1241 2452 epis-

230 2461 323 2498 copis.
347 2460 468 2490 Dilecti
487 2461 548 2490 filii
569 2485 588 2490 ..
607 2462 752 2492 decanus
771 2480 820 2491 —.
838 2463 912 2493 Dat.
930 2465 1048 2501 Reate,
1066 2467 1147 2497 VIII
1166 2468 1241 2499 idus

229 2513 440 2551 septembris,
461 2522 548 2544 anno
566 2514 702 2544 decimo.
724 2527 738 2541 »

300 2682 422 2710 3320

265 2745 439 2779 Oxomensi‚
455 2745 628 2780 Segobiensi
645 2750 673 2774 et
689 2748 841 2776 Beatiensi
858 2750 1013 2786 episcopis,
1027 2767 1059 2771 —
1072 2755 1174 2782 audito
1188 2764 1239 2790 per

228 2794 408 2827 Martinum,
420 2795 613 2828 Michaelem,
625 2797 790 2824 ,Iohannem
803 2798 940 2832 Martini,
956 2800 1120 2836 Uterrium,
1132 2804 1157 2832 J.
1171 2805 1237 2832 Fer-

228 2843 321 2870 nandi
337 2846 365 2870 et
382 2843 591 2877 Apparitium,
609 2845 730 2872 clericos
741 2867 748 2879 ,
770 2849 798 2873 et
820 2847 1034 2883 GuiIlelmum,
1051 2851 1083 2878 F.
1100 2852 1236 2888 Ordonii,

227 2891 272 2918 M.
285 2891 434 2924 Roderiei,
451 2892 484 2918 F.
496 2892 651 2926 Johannis,
665 2893 843 2922 Rodericum
857 2898 885 2922 et
898 2896 932 2923 P.
946 2897 1100 2932 Johannis‚
1114 2901 1236 2936 milites,

228 2943 257 2967 et
273 2940 414 2974 quosdam
430 2940 504 2968 alios
519 2942 632 2968 ordinis
649 2942 840 2977 Calatravae,
856 2945 947 2979 quod,
969 2954 1036 2974 cum
1055 2949 1133 2983 apud
1149 2950 1238 2978 Cala-

749 2686 840 2719 Rieti,
857 2687 891 2714 18
906 2689 1071 2723 septembre
1087 2692 1166 2719 1236.

1338 359 1453 382 travam
1468 357 1567 390 vigere
1579 357 1763 384 consueverit
1777 358 1813 384 ab
1826 358 1948 392 antiquo
1961 359 2113 393 religionis
2126 360 2195 387 ordo
2211 361 2344 389 61011561·-

1337 405 1440 431 vantia
1465 405 1622 438 regularis,
1646 408 1731 438 tunc,
1757 414 1808 440 per
1834 406 1981 434 incuriam
2005 408 2052 434 vel
2075 408 2223 435 malitiam
2246 410 2342 444 potius

1337 453 1420 479 illius
1437 453 1486 487 qui
1503 461 1554 487 pro
1574 454 1714 487 magistro
1730 462 1759 481 se
1774 454 1906 488 gerebat,
1923 455 2035 482 ibidem
2052 456 2194 490 regimen,
2211 465 2262 491 per
2281 458 2341 486 vio-

1337 503 1461 530 lentiam
1481 504 1653 538 occupantis
1668 505 1775 538 locum,
1789 505 1826 532 ad
1844 508 1958 532 tantam
1975 506 2200 535 dissolutionem
2216 507 2342 536 devene-

1338 554 1392 584 rat,
1410 552 1486 585 quod
1502 552 1554 578 vix
1574 552 1605 578 in
1627 553 1727 579 eodem
1744 553 1847 580 ordine
1866 554 2018 587 religionis
2031 555 2131 589 aliqua
2153 556 2279 590 vestigia
2297 565 2342 584 re-

1338 600 1513 632 manserint,
1526 615 1557 618 —
1571 601 1693 628 mandat
1709 604 1854 635 quatenus
1871 603 2007 629 eumdem
2023 604 2118 630 locum
2134 604 2269 638 visitent,
2283 614 2342 632 eor-

1336 648 1465 681 rigentes
1479 653 1506 676 et
1518 650 1711 677 reformantes
1723 650 1894 684 corrigenda
1908 654 1935 677 et
1949 652 2146 679 reformanda.
2156 667 2187 670 —
2198 653 2284 684 (Rea.
2297 653 2341 688 18,

1337 698 1356 723 f.
1374 697 1425 723 192
1441 700 1481 729 1·“’;
1499 706 1567 724 ann.
1585 698 1624 731 X,
1639 706 1663 724 c.
1680 698 1755 729 219.)

1378 809 1390 823 «
1412 821 1431 826 ..
1451 798 1624 834 Ooeomensi,
1647 823 1665 827 ..
1687 799 1857 836 Sryobienst
1873 805 1899 829 et
1919 823 1939 829 ..
1956 801 2108 830 Beatiensi
2121 803 2274 839 episcopis.
2292 803 2343 833 Ad

1336 850 1442 879 instar
1459 850 1552 880 illius
1577 868 1626 879 —.
1651 852 1724 880 Dat.
1748 853 1865 889 Reate,
1888 853 1990 883 XIIII
2006 853 2167 884 kalendas
2187 855 2340 892 octobris,

1336 912 1422 933 anno
1438 903 1576 933 decimo.
1596 916 1609 930 υ

1405 1075 1521 1102 3321

1370 1138 1479 1171 Regem
1496 1137 1639 1164 Franciae
1654 1140 1736 1171 rogat
1752 1140 1779 1164 et
1796 1139 1930 1165 hortatur
1947 1142 1979 1165 ut
1995 1139 2130 1174 episcopo
2151 1142 2179 1166 et
2201 1140 2342 1168 ecclesiae

1334 1186 1566 1213 Belvacensibus
1576 1195 1663 1221 super
1678 1187 1987 1221 restitutionejurium
2004 1191 2031 1215 et
2052 1188 2224 1215 libertatum
2239 1189 2280 1216 eis
2294 1189 2338 1216 fa—

1334 1235 1449 1266 cienda,
1467 1243 1520 1261 nec
1535 1243 1593 1261 non
1607 1235 1642 1262 de
1657 1235 1752 1262 illatis
1768 1236 1886 1262 damnis
1904 1238 1932 1262 et
1948 1236 1984 1263 de
2003 1236 2139 1271 irrogatis
2155 1237 2275 1270 injuriis
2290 1245 2336 1265 sa—

1333 1283 1534 1310 tisfactionem
1546 1284 1677 1311 debitam
1688 1284 1851 1318 impendat.
1869 1299 1901 1302 —
1916 1285 2002 1316 (Rae.
2015 1284 2049 1311 18
2060 1285 2091 1317 ,f.
2104 1285 2155 1312 192
2166 1288 2204 1317 r⁰;
2219 1293 2288 1312 ann.
2298 1285 2338 1319 X,

1333 1342 1357 1359 c.
1370 1333 1439 1365 22oe
1453 1348 1484 1351 —-
1501 1333 1634 1360 Moru-:au
1648 1333 1728 1366 1191,
1741 1334 1760 1360 f.
1772 1334 1838 1366 131;
1852 1348 1883 1352 --
1895 1334 2053 1361 Pontias-r
2066 1334 2152 1361 10247
2163 1336 2169 1351 ¹
2179 1342 2186 1367 ;
2197 1350 2229 1353 —
2241 1336 2279 1362 ct.
2291 1343 2340 1361 su-

1331 1389 1392 1415 pra,
1408 1390 1436 1408 n.
1452 1382 1615 1414 3052-3058,
1633 1382 1712 1415 3102,
1728 1382 1820 1414 3138.)

1855 1077 1946 1109 Rieti,
1962 1077 1996 1103 23
2012 1077 2178 1111 septembre
2191 1078 2270 1105 1236.
2303 1082 2306 1084 ’

1374 1496 1386 1509 «
1407 1483 1454 1522 [..]
1474 1485 1591 1512 illustri
1609 1485 1673 1521 reyi
1686 1485 1826 1513 Francie.
1844 1484 1930 1513 Dum
1946 1483 2033 1514 clare
2049 1484 2208 1514 memorie
2223 1493 2338 1523 proge-

1331 1537 1477 1567 nitorum
1494 1541 1626 1566 tuorum
1643 1537 1828 1567 devotionis
1845 1537 2008 1575 insignia,
2028 1537 2085 1576 qui
2106 1546 2143 1567 ex
2159 1537 2275 1568 innata
2290 1538 2339 1569 eis

1331 1589 1587 1619 mansuetudine
1605 1589 1830 1627 Apostolicam
1847 1589 1982 1625 Sedem,
2001 1589 2158 1620 ecclesias
2175 1599 2289 1621 omnes
2306 1595 2338 1621 et.

1330 1643 1419 1672 viros
1431 1642 1673 1672 ecclesiasticos
1685 1642 1738 1680 pio
1751 1651 1880 1680 semper
1894 1646 1925 1672 et
1937 1647 2086 1681 prompto
2096 1643 2339 1674 venerabantur

1330 1696 1461 1730 affectu,
1474 1700 1584 1725 mente
1597 1695 1798 1725 revolvimus
1811 1705 1816 1730 3
1828 1695 1905 1725 dum
1917 1695 1994 1725 fidei
2005 1695 2168 1725 fervorem
2178 1695 2335 1734 ipsorum,

1329 1758 1388 1787 pro
1411 1757 1475 1787 qua
1496 1748 1583 1778 velut
1606 1748 1732 1778 Christi
1754 1747 1876 1777 athlete
1892 1747 2001 1777 incliti
2018 1748 2245 1783 decertarunt,
2263 1757 2339 1787 pro·
2369 1749 2372 1752 ’

1330 1802 1401 1840 prio
1417 1801 1574 1839 sanguini
1588 1810 1653 1830 non
1668 1804 1852 1839 parcentes,
1869 1800 1909 1830 ad
1921 1801 2116 1831 memoriam
2128 1809 2336 1837 revocamus;

1330 1855 1407 1884 dum
1420 1854 1607 1893 juventutis
1625 1858 1680 1884 tue
1700 1854 1882 1892 primordia
1898 1853 2032 1883 illorum
2055 1854 2180 1884 imitari
2200 1863 2265 1884 non
2281 1854 2338 1884 de-

1330 1908 1469 1938 serenda
1488 1907 1629 1945 vestigia
1646 1907 1808 1945 cupImus,
1827 1911 1861 1936 ut
1880 1907 1939 1942 eis,
1957 1907 2043 1936 sicut
2061 1907 2096 1936 in
2110 1915 2223 1945 regno,
2239 1906 2335 1937 sicin

1329 1961 1446 1990 timore
1459 1960 1595 1990 Domini
1612 1964 1642 1990 et
1660 1959 1846 1998 Apostolice
1859 1959 1953 1990 Sedis
1970 1959 2144 1990 devotione
2161 1959 2333 1996 succedas;

1328 2014 1405 2043 dum
1422 2013 1588 2044 credimus
1604 2017 1641 2042 ut
1662 2017 1692 2042 te
1713 2013 1812 2042 etiam
1835 2012 1973 2050 dignum
1995 2012 2113 2042 reddas
2134 2016 2166 2042 et
2183 2012 2250 2042 tuis
2267 2021 2336 2043 me-

1326 2067 1402 2096 ritis
1415 2065 1475 2096 tibi
1488 2075 1657 2104 compares
1669 2070 1705 2095 ut
1717 2070 1747 2095 te
1759 2074 2000 2104 prosequamur
2012 2065 2221 2103 prerogativa
2231 2064 2336 2104 gratie

1328 2118 1482 2157 specialis
1500 2128 1506 2147 z
1524 2119 1559 2147 in
1573 2127 1610 2148 eo
1626 2118 1797 2148 firmamur
1810 2117 1978 2156 proposito
1994 2117 2187 2153 volunt-atis,
2204 2122 2250 2154 ut,
2269 2117 2335 2148 tuis

1326 2171 1530 2210 profectibus
1546 2170 1774 2205 intendentes,
1793 2175 1955 2209 quantum
1971 2179 2046 2200 cum
2062 2171 2129 2200 Deo
2145 2177 2331 2208 possumus,

1327 2224 1628 2264 supplicationibus
1655 2224 1722 2254 tuis
1756 2223 1985 2254 favorabiliter
2009 2231 2210 2253 annuamus.
2239 2222 2303 2253 Sed
2320 2223 2337 2243 ²

1324 2278 1409 2308 illud
1425 2282 1455 2308 te
1472 2277 1627 2307 nolumus
1638 2277 1803 2315 ignorare,
1817 2276 1905 2315 quod
1915 2285 1953 2306 ex
1970 2275 2148 2314 apostolice
2164 2274 2334 2306 servitutis

1324 2331 1432 2361 officio
1449 2331 1488 2360 ad
1505 2330 1726 2361 exhibendam
1737 2330 1906 2369 justitiam
1922 2329 1971 2359 ita
1986 2337 2101 2359 sumus
2122 2327 2267 2364 astricti,
2283 2330 2332 2363 ut,

1325 2388 1630 2422 quantumcumque
1647 2387 1677 2412 te
1693 2383 1781 2412 inter
1797 2386 1923 2419 ceteros
1939 2385 2026 2411 terre
2041 2381 2209 2419 principes
2225 2380 2333 2410 since-

1323 2436 1433 2467 ritatis
1443 2436 1590 2466 brachiis
1600 2435 1836 2474 amplexemur,
1845 2434 1971 2473 absque
1980 2434 2121 2472 dampno
2131 2432 2335 2464 conscientie

1324 2499 1360 2520 ac
1376 2490 1464 2519 fame
1487 2488 1634 2527 periculo
1656 2497 1722 2518 non
1741 2487 1909 2526 possimus
1925 2487 2093 2517 declinare
2109 2487 2150 2517 ad
2165 2486 2332 2517 dexteram

1322 2543 1374 2573 vel
1396 2543 1584 2577 sinistram,
1609 2550 1649 2571 ne
1670 2550 1728 2580 per
1747 2540 1912 2570 incuriam
1928 2539 1980 2570 vel
1999 2539 2239 2578 negligentiam
2254 2545 2333 2568 nos-

1322 2600 1418 2630 tram,
1435 2595 1522 2634 quod
1537 2595 1636 2630 absit,
1652 2596 1801 2624 Romana
1814 2593 1973 2628 Ecclesia,
1992 2593 2031 2622 de
2047 2592 2142 2631 cujus
2157 2591 2332 2621 honestate

1322 2652 1473 2678 tenemur
1485 2657 1522 2678 eo
1534 2647 1737 2687 sol[l]ieitius
1751 2647 1906 2685 cogitare,
1925 2654 1989 2685 quo
2005 2644 2207 2675 universalis
2222 2642 2332 2674 Eccle-

1322 2701 1370 2731 sie
1383 2701 1572 2731 sollicitudo
1583 2700 1803 2739 principalius
1815 2699 1911 2729 nobis
1922 2698 2086 2733 imminet,
2100 2701 2212 2728 notam
2226 2696 2334 2726 alicu-

1353 2827 1373 2851 1.
1395 2828 1470 2851 Avec
1489 2827 1515 2850 la
1533 2827 1596 2850 date
1618 2829 1681 2850 VIII
1701 2827 1837 2850 kalendas
1855 2826 1977 2849 octobris
1999 2824 2043 2854 (=
2055 2823 2085 2848 24
2105 2821 2280 2854 septembre),
2301 2821 2333 2844 0}-

1318 2871 1439 2900 l'tncipit
1456 2872 1566 2895 inexact
1582 2878 1588 2895 z
1607 2879 1618 2893 ιι
1633 2871 1706 2895 Sane
1721 2870 1820 2894 litteris
1837 2876 1904 2900 quas
1921 2877 1948 2900 »‚
1965 2867 2072 2899 d'apres
2089 2868 2246 2895 Sannum.
2262 2865 2329 2890 Bul-

1320 2917 1427 2940 larium
1443 2917 1669 2945 sranciscanum,
1686 2915 1705 2944 l,
1721 2915 1776 2944 203,
1792 2917 1849 2938 not.
1863 2916 1882 2943 s.

1351 2960 1374 2983 2.
1391 2962 1441 2984 Ms.
1459 2969 1465 2984 :
1483 2960 1548 2988 Sed,
1566 2963 1601 2984 et.
