2519 3518
72 322 129 353 ‘201
909 308 1137 347 NEUVIEME
1159 308 1317 346 ANNEE.
1460 291 1467 297 ’
2094 317 2149 346 ‘2⁰2

76 388 145 416 fatis
159 387 309 415 canonicis
327 394 377 421 pro
395 389 476 414 tanto
494 394 613 413 excessu
628 385 840 420 paenitentiam
858 385 1022 418 imponant.
1041 396 1071 400 —

73 437 163 469 (REG.
178 435 221 468 18,
239 436 258 462 f.
273 435 306 462 84
320 437 365 467 v⁰;
382 442 450 461 ann.
466 434 518 467 tx,
532 442 557 461 c.
571 434 645 465 285.)

119 548 132 563 u
149 536 292 573 Magistro
309 536 355 570 P.,
372 536 506 569 sacriste,
524 540 550 564 et
566 535 609 570 B.‚
627 535 798 572 precentori
814 533 1025 566 Iler-densibus,
1040 540 1075 560 ac

77 590 123 625 B.‚
146 589 364 619 archidiacono
385 589 570 623 Bercacensi,
593 588 753 618 Iler-densis
772 588 905 617 diocesis.
936 587 1076 616 Prosen-

77 645 144 672 tate
164 640 259 671 nobis
282 640 464 670 devotionis
487 644 594 670 vestre
619 639 726 669 littere
747 638 960 669 continebant
978 637 1074 676 qnod,

76 702 154 724 cum
172 702 272 724 causa
287 701 350 732 que
366 693 452 723 inter
471 715 491 721 ..
514 692 664 722 abbatem
682 691 765 721 Belli
786 691 896 726 Podii,
918 692 1076 721 Premon-

79 745 254 776 stratensis
272 744 416 779 ordinis,
441 753 478 774 ex
496 748 586 783 parte
602 753 684 779 una,
703 748 734 774 et
749 743 924 774 canonicos
941 742 1078 772 ecclesie

80 797 199 828 Sancte
222 797 325 827 Marie
343 797 382 827 de
401 797 506 829 Mnro.
525 797 651 826 ordinis
676 796 781 826 sancti
806 795 995 833 Augustini,
1014 795 1079 825 Ur-

81 848 238 887 gellensis
249 849 400 884 diocesis,
419 858 456 879 ex
473 849 586 884 altera,
601 849 750 883 vertitur,
764 857 911 886 supereo
927 847 1080 877 videlicet

81 901 168 941 quod
184 901 290 932 dictus
307 901 407 931 abbas
423 901 596 932 ecclesiam
613 902 718 940 ipsam
730 901 794 931 sibi
810 901 926 930 debere
943 900 1078 930 subesse

80 954 222 990 dicebat,
244 954 347 989 vobis,
367 954 426 984 filii
442 959 555 984 cantor
571 959 601 985 et
618 955 766 989 sacrista,
791 957 821 984 et
837 953 955 983 dilecto
976 953 1043 982 filio
1059 975 1078 982 ..

83 1006 194 1037 abbati
210 1006 408 1046 Ageren[si],
427 1007 484 1046 qui
499 1007 568 1041 tibi,
587 1007 634 1036 fili
648 1006 889 1040 archidiacone,
902 1005 990 1035 vices
1004 1014 1081 1035 suas

83 1061 119 1090 in
142 1060 203 1090 hac
230 1064 320 1098 parte
343 1059 464 1090 dicitur
485 1060 701 1094 commisisse,
723 1059 763 1089 ab
788 1058 973 1097 Apostolica
999 1057 1081 1088 Sede

81 1112 260 1143 commissa
276 1112 394 1143 fuisset
412 1122 418 1141 :
440 1111 588 1151 partibus
604 1112 636 1141 in
656 1116 763 1142 vestra
778 1111 945 1149 presentia
961 1110 1083 1140 consti-

84 1165 177 1200 tutis,
195 1165 372 1195 invenistis
385 1164 556 1195 ecclesian]
572 1165 689 1194 Sancte
701 1164 804 1194 Marie
815 1163 853 1193 de
865 1163 959 1193 Muro
973 1162 1012 1193 ad
1025 1171 1083 1193 nos

86 1217 177 1248 nullo
204 1217 311 1248 medio
337 1217 520 1255 pertinere,
547 1220 594 1252 et,
625 1216 823 1255 quibusdam
850 1215 888 1245 de
915 1215 1084 1245 canonicis

87 1270 233 1309 ejusdem
251 1269 387 1300 ecclesie
404 1268 553 1299 habitum
569 1268 789 1299 retinentibus
810 1268 988 1306 proprium,
1006 1267 1084 1297 reli-

85 1331 181 1362 quos,
205 1322 328 1361 absque
352 1326 463 1352 nostra
483 1321 617 1351 licentia
634 1321 783 1350 habitum
800 1322 1085 1350 Premonstraten-

87 1384 157 1406 sem
173 1378 391 1410 assumentes,
410 1374 553 1404 ..abbati
570 1373 655 1404 Belli
668 1373 774 1408 Pedii,
787 1373 933 1412 ejusdem
945 1372 1083 1407 ordinis,

88 1427 208 1458 fecisse
226 1427 447 1457 obedientiam
463 1425 649 1456 manualem
664 1436 669 1460 ;
691 1425 748 1464 qui
766 1448 785 1454 ..
803 1425 952 1455 abbatem
969 1424 1021 1454 sui
1037 1433 1085 1454 or-

86 1480 178 1510 dinis
204 1478 372 1518 preposuit
401 1478 538 1509 ecclesie
564 1482 752 1508 memorate.
777 1477 850 1512 Sed,
875 1476 943 1506 illis
970 1477 1026 1515 qui
1051 1476 1085 1506 in

89 1531 230 1570 pristino
242 1535 468 1561 remanserant
481 1530 607 1566 habitu,
624 1530 802 1560 substituto
814 1529 923 1559 abbati
934 1529 1086 1559 obedien-

89 1584 170 1614 tiam
185 1584 293 1613 facere
310 1583 537 1618 renuentibus,
552 1582 629 1612 licet
645 1582 814 1622 aliquanto
830 1586 973 1620 tempore
992 1581 1084 1620 ipsis,

89 1641 122 1667 et
138 1636 213 1666 aliis
230 1636 286 1674 qui
302 1635 452 1665 habitum
468 1639 681 1673 susceperant
697 1635 907 1670 antedictum,
928 1634 1088 1673 prefuerit

90 1692 123 1719 et
145 1698 180 1719 sc
203 1688 342 1727 gesserit
368 1697 425 1727 pro
448 1688 574 1723 abbate,
602 1688 743 1723 tandem,
768 1687 903 1717 suborta
925 1686 1088 1716 discordia

91 1740 261 1776 intereos,
279 1740 430 1771 canonici
451 1740 508 1779 qui
532 1749 626 1770 suum
650 1740 800 1769 habitum
822 1748 886 1769 non
910 1743 1086 1774 mutarant,

93 1802 196 1823 unum
212 1802 249 1823 ex
266 1793 335 1823 suis
349 1793 507 1823 fratribus
523 1793 558 1822 in
575 1793 774 1831 prepositum
792 1792 972 1830 elegerunt,
988 1799 1089 1821 remo-

94 1845 136 1875 tis
153 1845 269 1875 exinde
286 1845 352 1875 hiis
369 1845 424 1883 qui
438 1854 495 1883 per
508 1845 630 1875 dictum
647 1845 795 1874 abbatem
811 1844 894 1874 Belli
910 1844 1003 1874 Podii
1019 1844 1090 1873 sue-

93 1902 168 1928 rant
194 1898 348 1928 instituti.
378 1899 444 1928 Vos
469 1907 556 1933 vero,
585 1898 669 1927 sicut
697 1898 860 1932 convenit,
886 1897 1091 1927 attendentes

92 1950 182 1988 quod
202 1958 266 1980 non
290 1950 406 1980 debeat
427 1959 499 1980 esse
521 1950 632 1987 dispar
655 1949 852 1979 servitorum
874 1948 1034 1986 professio
1057 1948 1091 1977 in

95 2010 162 2031 una
173 2005 203 2031 et
219 2001 331 2032 eadem
345 2001 494 2035 ecc-lesia,
512 2002 692 2031 secundnm
706 2001 880 2031 canonicas
892 2001 1089 2035 sanctiones,

97 2062 156 2083 nos
173 2053 390 2083 consulendos
410 2053 578 2083 humiliter
594 2054 786 2083 decrevistis
802 2057 912 2082 utrum
927 2053 1012 2091 quod
1030 2053 1092 2082 sac-

97 2109 166 2135 tum
183 2110 231 2135 est
256 2114 273 2135 a
294 2105 462 2135 canonic-is
485 2106 674 2140 antedictis,
699 2105 822 2144 absque
844 2105 977 2135 licentia
999 2104 1093 2134 Sedis

98 2158 284 2196 Apostolice
298 2158 444 2196 speciali,
463 2158 561 2187 robur
576 2159 725 2188 obtinere
741 2158 856 2188 debeat
872 2157 1048 2192 firmitatis,
1063 2161 1094 2186 et

98 2219 140 2240 an
158 2210 252 2240 nobis
269 2210 393 2248 placeat
415 2211 501 2249 quod
516 2211 594 2241 ordo
611 2211 927 2241 Premonstratensis
940 2210 974 2239 in
991 2210 1094 2240 eccle-

99 2263 149 2293 sia
171 2263 315 2301 sepefata
338 2263 402 2293 sibi
424 2263 530 2293 locum
555 2263 660 2293 valeat
682 2263 866 2292 vendicare.
889 2263 956 2293 Nos
981 2263 1093 2300 igitur,

100 2315 356 2346 sollicitudinem
370 2319 399 2345 et
416 2315 622 2353 diligentiam
634 2319 774 2345 vestram
786 2315 895 2353 dignis
911 2315 945 2344 in
956 2315 1096 2344 Domino

99 2367 254 2398 laudibus
270 2367 547 2397 commendantes.
565 2367 737 2405 prudentie
754 2372 860 2397 vestre
878 2368 1031 2397 duximus
1049 2371 1096 2397 ta-

100 2420 176 2450 liter
196 2420 459 2458 respondendum
487 2420 587 2458 quod.
611 2429 684 2449 cum
707 2420 856 2449 canonici
881 2420 1017 2450 ecclesie
1041 2429 1096 2450 su-

101 2473 247 2512 pradicte
264 2482 327 2503 non
346 2473 512 2511 potuerint
528 2473 599 2503 sine
617 2477 726 2502 nostra
745 2473 878 2503 licentia
897 2482 930 2503 se
949 2473 1098 2503 subicere.

103 2525 172 2561 alii,
195 2525 397 2555 denuntietis
418 2534 472 2555 eos
494 2535 551 2563 per
577 2525 672 2555 talem
695 2525 916 2555 obedientiarii
942 2526 1098 2555 Promon-

103 2579 350 2618 stratcnstilms]
383 2578 592 2617 aliquatenus
625 2587 689 2606 non
724 2578 846 2612 teneri,
879 2578 1015 2616 prefatis
1045 2586 1099 2607 ca-

104 2631 233 2661 nonicis
252 2640 309 2669 pro
326 2635 414 2661 tanto
437 2640 571 2661 excessu
595 2631 808 2668 penitentiam
833 2639 930 2669 quam
949 2630 1099 2668 expedire

105 2683 266 2719 videritis,
293 2683 509 2721 imponentes.
534 2683 624 2719 Quod
653 2683 680 2711 si
706 2692 770 2712 non
800 2691 913 2712 omnes
939 2688 999 2712 ete.
1026 2684 1098 2712 Dat.

104 2736 258 2772 Viterbii,
276 2737 320 2767 VI
337 2735 493 2765 kalendas
510 2735 703 2770 decembris,
719 2744 804 2765 auno
822 2744 917 2765 nono.
938 2748 950 2761 ι)

177 2900 294 2929 2838

142 2963 237 2991 Priori
264 2966 292 2991 et
318 2963 475 2991 conventui
503 2961 764 2991 Cantuariensibus
793 2969 922 2988 annuum
953 2961 1099 2987 redditum

588 2899 718 2929 Vitcrbe,
734 2899 768 2925 20
781 2899 938 2926 novembre
954 2899 1030 2925 1235.

1154 384 1217 408 neto
1231 381 1371 409 librarum
1389 383 1627 417 sterlinguorum,
1644 392 1729 417 quem
1755 383 1783 409 in
1808 383 1937 410 manerio
1956 383 1991 410 de
2014 384 2150 410 [tac-inm·

1155 432 1199 461 (=
1218 431 1382 463 Reculver),
1399 431 1434 458 ad
1450 432 1495 465 jus
1509 431 1730 459 Cantuariensis
1750 431 1961 466 archiepiscopi
1979 431 2149 466 pertinenti.

1155 482 1367 506 consueverant
1396 480 1553 514 percipere,
1582 483 1663 514 prout
1695 478 1900 514 Efidmunduss,
1929 480 2151 507 Cantuariensis

1156 527 1402 562 archiepiscopus,
1425 528 1466 554 eis
1491 528 1734 559 communiverat,
1759 528 1921 555 confirmat.
1947 543 1976 547 —
1997 529 2083 555 (lieo.
2107 529 2150 557 18.

1158 577 1176 602 f.
1199 576 1232 602 85
1251 579 1289 607 ¹⁸⁰:
1306 585 1375 603 ann.
1391 576 1442 608 IX,
1459 585 1483 603 c.
1500 576 1575 606 286.)

1200 688 1212 700 «ι
1234 698 1253 703 ..
1270 677 1370 713 priori
1386 681 1411 705 el
1427 678 1590 706 conventui
1610 677 1892 706 Cautum-[ensibus.
1914 677 2019 707 Justis
2041 681 2154 714 peten-

1161 728 1242 757 tium
1264 733 1324 758 etc.
1347 746 1396 758 —.
1419 730 1490 759 Dat.
1514 729 1671 764 Viterbii,
1697 730 1760 759 XII
1782 729 1938 759 kalendas
1958 729 2152 759 decembris.

1161 789 1247 810 anno
1262 789 1357 810 nono.
1373 793 1385 807 n

1232 951 1349 979 2840

1199 1012 1328 1043 Eisdem,
1344 1027 1375 1030 —
1391 1021 1456 1039 cum
1475 1012 1705 1039 consecrationes
1719 1013 1918 1046 cpiscoporum
1936 1012 2157 1040 Cantuariensis

1164 1060 1333 1094 provinciae
1346 1060 1382 1087 ab
1395 1060 1436 1087 eis
1452 1060 1590 1087 deberent
1606 1061 1635 1087 in
1650 1061 1773 1087 ecclesia
1789 1061 1993 1088 Cantuariensi
2006 1060 2156 1091 celebrari,

1164 1111 1192 1135 et
1208 1117 1300 1143 nuper
1320 1107 1526 1143 E[dmundus],
1550 1109 1785 1143 archiepiscopus
1806 1109 2042 1142 Cantuariensis,
2059 1113 2157 1136 contra

1165 1156 1194 1183 id
1211 1157 1347 1189 veniens,
1364 1157 1399 1183 dc
1416 1157 1542 1191 ipsorum
1560 1160 1657 1183 tamen
1674 1165 1807 1189 assensu,
1824 1158 2069 1183 consecrationem
2088 1157 2159 1184 Lin-

1165 1205 1323 1232 colniensis
1339 1206 1477 1239 episcopi,
1499 1205 1674 1237 suffraganei
1697 1206 1752 1237 sui,
1773 1206 1849 1240 apud
1870 1206 2022 1232 ecelesiam
2043 1206 2078 1232 de
2102 1206 2160 1233 Ra—

1165 1253 1268 1287 dinges
1281 1255 1325 1285 (=
1343 1254 1496 1286 Remini-⁷),
1512 1256 1628 1288 propter
1643 1253 1698 1280 loci
1715 1254 1899 1280 vicinitatem
1910 1276 1916 1283 ,
1931 1254 2112 1285 celebrasset,
2128 1269 2158 1272 —

1166 1302 1300 1335 indulget
1321 1305 1351 1329 ut
1373 1303 1488 1329 nullum
1510 1302 1551 1328 eis
1567 1310 1601 1328 ex
1618 1303 1834 1329 consecratione
1854 1303 2002 1336 praedicta
2021 1303 2049 1329 in
2070 1306 2160 1337 postc-

1166 1358 1229 1377 rum
1247 1350 1461 1385 praejudicium
1484 1354 1646 1383 generetur.
1665 1365 1695 1368 —
1712 1351 1797 1381 (Rea.
1813 1351 1856 1383 18,
1874 1353 1892 1377 s.
1912 1351 1945 1377 85
1961 1354 2000 1382 1·“;
2024 1359 2092 1377 ann.
2109 1351 2160 1378 IX.

1166 1406 1190 1424 c.
1208 1398 1282 1430 287.)

1643 951 1773 983 Viterbe,
1787 951 1821 978 20
1837 951 1992 978 novembre
2008 951 2085 978 1235.

1209 1511 1221 1525 α
1255 1499 1384 1528 Eisdem.
1414 1498 1516 1533 Cum,
1548 1498 1631 1528 sicut
1659 1499 1809 1528 asseritis
1833 1516 1881 1527 ——.
1909 1500 1980 1528 Dat.
2011 1499 2162 1529 vitex-hii.

1168 1552 1232 1581 XII
1248 1551 1406 1581 kalendas
1423 1551 1616 1581 decembris.
1635 1560 1721 1581 anno
1738 1560 1834 1581 nono.
1855 1564 1867 1577 n

1241 1728 1354 1757 2841

1205 1790 1370 1818 Abbatibus
1385 1791 1421 1817 de
1437 1791 1514 1817 Pinu
1526 1794 1553 1817 et
1569 1790 1604 1817 dc
1620 1791 1701 1817 Bona
1716 1791 1813 1822 Valle,
1827 1790 2030 1817 Cisterciensis·
2043 1791 2164 1818 ordinis.

1171 1842 1199 1866 et
1213 1839 1311 1866 abbati
1328 1839 1363 1865 de
1379 1839 1470 1866 Fonte
1485 1839 1620 1870 Comitis,
1634 1839 1819 1865 Pietavensis
1839 1839 1988 1866 dioecesis.
2005 1839 2164 1866 committit

1172 1887 1389 1914 terminandam
1407 1895 1456 1913 seu
1472 1887 1507 1913 ad
1524 1886 1722 1921 Apostolicam
1744 1887 1847 1913 Sedem
1871 1887 2076 1914 r‹:·1uitten‹tam
2099 1896 2167 1914 cau-

1172 1943 1233 1961 sam
1247 1943 1319 1968 quae
1332 1935 1408 1961 inter
1422 1935 1593 1967 magistrum
1606 1935 1767 1962 Jobannem
1783 1934 1956 1969 Alex[andri
1965 1933 2000 1969 2³1,
2014 1935 2105 1969 ipsius
2117 1943 2168 1970 pa-

1174 1991 1226 2017 pae
1239 1982 1460 2014 subdiaconum,
1479 1983 1683 2009 pictavensem
1705 1983 1894 2015 canonicum,
1912 1991 1946 2009 ex
1962 1992 2018 2009 una
2034 1987 2123 2017 parte.
2141 1987 2166 2010 et

1174 2031 1208 2058 B.
1226 2031 1305 2062 Ales,
1322 2031 1367 2062 B.‚
1384 2030 1513 2063 ejusdem
1531 2031 1565 2057 B.
1581 2030 1686 2060 filium.
1701 2033 1727 2057 et
1742 2031 1880 2064 quosdam
1893 2031 1965 2057 alios
1977 2031 2167 2063 Andegaven-

1174 2087 1217 2105 scs
1233 2081 1261 2105 et
1276 2079 1472 2110 Turonenses,
1491 2087 1526 2105 ex
1544 2079 1649 2107 altera.
1667 2087 1752 2113 super
1767 2079 1941 2113 quibusdam
1957 2079 2106 2107 domibus.
2123 2080 2169 2106 vi-

1175 2127 1237 2153 neis
1253 2129 1281 2153 et
1297 2127 1380 2154 rebus
1395 2127 1463 2154 aliis
1479 2126 1656 2154 vert-ebatur.
1675 2141 1705 2144 —
1722 2127 1807 2158 (Rue.
1825 2127 1867 2156 18,
1891 2129 1910 2153 f.
1925 2127 1958 2153 85
1974 2131 2012 2159 r“;
2032 2136 2100 2154 ann.
2117 2128 2167 2156 tx.

1175 2184 1200 2202 c.
1214 2175 1288 2206 288.)

1651 1727 1781 1761 Vitcrbe,
1796 1729 1829 1755 22
1843 1728 2000 1755 novembre
2017 1729 2093 1756 1235.

1218 2287 1230 2301 a
1254 2297 1273 2303 ..
1292 2275 1324 2303 «Ic
1340 2275 1419 2303 rina
1434 2280 1459 2303 cl
1482 2297 1498 2302 ..
1518 2275 1551 2303 <Ie
1569 2275 1648 2303 Bona
1671 2276 1758 2304 l'alle.
1777 2276 1982 2304 cisterciensis
2000 2276 2127 2311 ordinis,
2147 2282 2171 2305 cl

1177 2328 1210 2356 de
1225 2328 1316 2357 Fonte
1328 2328 1453 2357 Comitis
1468 2327 1633 2361 abbatibus,
1653 2322 1838 2356 Picum-ensis
1854 2328 1987 2356 diocesis.
2007 2328 2171 2358 Habentes

1178 2379 1311 2417 quidam
1345 2378 1493 2409 velamen
1525 2392 1573 2407 —-.
1613 2380 1697 2409 Sane
1731 2379 1869 2412 dilectus
1899 2380 1986 2409 filius
2018 2380 2174 2417 magister

1177 2431 1347 2462 Jollannes
1363 2430 1554 2470 Alcx[andri
1567 2432 1602 2468 ?].
1621 2431 1841 2461 subdiaconus
1857 2437 1976 2467 noster,
1995 2433 2171 2462 cantum-us

1179 2483 1395 2518 Pictavensis,
1425 2484 1591 2521 proposuit
1619 2493 1726 2513 coram
1753 2485 1846 2513 nobis
1877 2485 1976 2523 quo-l.
2006 2495 2078 2515 cuni
2105 2486 2172 2523 ipse

1179 2535 1257 2565 olim
1275 2536 1310 2565 Β.
1332 2535 1419 2565 Ales.
1437 2535 1541 2565 civem
1559 2536 1845 2573 Andegavensem.
1865 2546 1962 2575 super
1977 2538 2172 2576 quibusdam

1180 2587 1342 2617 domibus.
1361 2588 1467 2617 vineis
1481 2593 1508 2617 et
1524 2588 1619 2618 rebus
1635 2588 1708 2618 aliis
1723 2598 1830 2618 eoram
1845 2613 1863 2617 ..
1882 2590 1996 2619 abbate
2014 2590 2051 2620 de
2066 2590 2174 2620 Niolio

1181 2645 1211 2670 ct
1227 2639 1455 2678 conjudicibus
1476 2640 1545 2669 suis
1564 2641 1756 2670 auctoritate
1776 2641 1951 2679 apostolica
1971 2642 2121 2671 traxisset
2140 2643 2174 2671 in

1182 2701 1326 2727 causam,
1344 2692 1400 2730 qui
1419 2692 1767 2722 excommunieationis
1786 2694 1983 2723 sent·.·ntiatn
2002 2695 2034 2723 in
2052 2694 2174 2724 «lictum

1182 2746 1233 2779 B.‚
1252 2754 1310 2774 sua
1333 2744 1482 2781 exigente
1506 2745 1728 2775 contumacia.
1751 2745 1955 2783 protulerunt
1975 2756 1980 2774 :
2001 2746 2055 2776 ille
2078 2756 2175 2784 super

1183 2797 1401 2836 appellatione
1417 2797 1569 2835 quadam,
1587 2807 1683 2835 quam
1700 2807 1716 2826 a
1734 2798 1829 2827 dictis
1842 2798 2009 2836 judicil-us
2027 2808 2059 2828 su:
2078 2799 2174 2828 inter-

1183 2849 1332 2888 posuisse
1349 2849 1487 2879 dicebat.
1506 2850 1656 2887 idemque
1673 2860 1707 2878 ar
1726 2851 1773 2884 B.‚
1794 2850 1880 2879 iilius
1897 2851 1978 2888 ejus.
1997 2860 2053 2879 nee
2073 2860 2135 2879 non
2155 2873 2173 2879 ..

1183 2902 1273 2940 prior
1289 2906 1318 2931 et
1338 2902 1456 2931 fratres
1481 2901 1595 2931 domus
1618 2901 1846 2931 vlein-›sinarie
1869 2903 2124 2939 Ande—gravensis,
2146 2910 2175 2932 et

1185 2954 1317 2993 quidam
1335 2953 1391 2983 alii
1409 2954 1660 2991 ,andegavenses
1678 2959 1705 2983 et
1723 2955 1930 2983 'stll'ftt‘1‹‘·tl.<·³s
1945 2955 2046 2983 cives.
2063 2955 2175 2989 affines
