2519 3518
79 279 131 309 141
916 265 1145 305 NEUVIEME
1166 266 1324 303 ANNI-313.
2104 278 2158 307 142

77 345 122 375 rit
140 353 175 375 se
190 348 376 383 patronum,
390 343 534 382 eligendi
549 342 718 373 licentiam
735 342 920 381 petiissent,
938 349 996 370 nec
1008 348 1080 370 eam

77 401 222 436 possent,
238 396 362 435 pluries
378 396 418 426 ab
435 396 507 435 ipso
521 395 667 434 petitam,
686 394 896 433 aliquatenus
908 393 1056 423 obtinere
1072 401 1078 420 余

78 450 197 486 iidem,
222 453 398 488 antequam
417 448 584 478 laberetur
602 452 729 486 tempus
750 447 789 477 de
813 446 975 483 eligendis
993 445 1081 484 epis-

78 502 169 541 copis
187 511 206 532 a
219 510 343 532 canone
357 501 547 535 diffinitum,
561 499 796 530 convenientes
811 499 845 528 in
859 507 973 528 unum.
986 501 1081 536 prout

78 555 181 585 moris
200 558 280 590 erat,
298 553 442 592 Spiritus
459 553 571 584 Sancti
587 552 693 591 gratia
708 552 868 586 invocata,
883 549 1082 589 quibusdam

78 607 120 638 de
138 606 275 645 collegio
291 605 484 645 providendi
506 605 637 635 viduate
660 604 797 634 ecclesie
817 603 855 633 de
878 607 1007 641 pastore
1025 610 1082 640 po-

80 663 233 691 testatem
251 658 456 689 unanimiter
472 657 700 692 contulerunt余
721 656 789 695 qui,
806 657 911 686 Deum
923 655 1082 685 habentes

81 721 139 751 pre
168 711 288 747 oculis,
317 710 473 741 dilectum
504 709 610 740 filium
642 709 837 746 magistrum
867 707 1080 741 Riccardum,

81 768 242 796 rectorem
259 763 398 794 ecclesie
416 763 455 793 de
471 762 644 792 Bromblee
657 786 664 799 ,
680 761 846 792 Roffensis
866 760 1018 794 diocesis,
1038 759 1084 788 vi-

81 826 156 847 rum
172 816 287 855 utique
305 815 505 850 litteratum,
523 814 696 853 providum
718 818 749 844 et
768 814 964 847 discretum,
987 816 1084 850 atque

82 869 118 898 in
142 867 372 907 spiritualibus
396 872 427 897 et
450 866 687 905 temporalibus
709 866 994 903 circumspectum,
1014 864 1082 902 qui,

82 921 124 951 ob
141 929 199 951 sue
214 920 332 950 merita
348 919 525 955 bonitatis,
548 923 619 949 octo
643 918 739 948 annis
763 922 793 948 et
819 917 959 955 amplius
977 917 1085 946 fuerat

83 972 236 1003 officialis
250 972 430 1007 Ross'ensis,
447 971 660 1001 commissum
674 971 738 1001 sibi
755 970 897 1000 officium
913 968 1085 999 laudabili-

83 1029 134 1056 ter
152 1024 353 1063 exequendo,
373 1024 408 1053 in
428 1027 555 1061 patrem
574 1032 670 1053 suum
694 1027 725 1053 et
747 1022 935 1060 episcopum
951 1029 1086 1050 concor-

83 1077 170 1108 diter
191 1081 222 1107 et
245 1076 402 1107 canonice
426 1075 611 1113 elegerunt余
635 1084 774 1113 quorum
800 1074 994 1105 electionem
1009 1073 1086 1102 uni-

83 1129 172 1160 versi
185 1133 215 1159 et
234 1128 358 1166 singuli
375 1128 604 1166 approbantes,
622 1127 739 1165 ipsam,
752 1131 863 1164 utpote
879 1126 1082 1161 canonicam,

84 1182 126 1212 ab
153 1181 267 1212 eodem
296 1180 543 1219 archiepiscopo
572 1179 761 1209 confirmari
785 1178 958 1208 humiliter
982 1178 1086 1216 petie-

84 1238 174 1265 runt.
192 1235 230 1264 Et
244 1233 396 1272 quamvis
413 1232 570 1262 adversus
586 1240 760 1269 personam
777 1230 871 1260 electi
889 1229 993 1259 nichil
1004 1229 1087 1258 velle

84 1287 216 1318 obicere
231 1286 319 1316 idem
335 1285 604 1323 archiepiscopus
619 1284 790 1318 fateretur,
809 1292 880 1313 eam
894 1287 1014 1317 tamen,
1029 1291 1087 1320 pro

85 1348 144 1370 sue
168 1338 349 1369 voluntatis
366 1337 514 1371 arbitrio,
532 1336 644 1366 renuit
665 1336 871 1369 confirmare,
895 1335 930 1364 in
955 1343 1088 1372 gravem

85 1392 193 1431 ipsius
210 1390 347 1421 ecclesie
365 1389 545 1424 lesionem,
566 1392 696 1427 propter
714 1388 799 1426 quod
817 1387 857 1417 ad
872 1391 1017 1417 nostram
1035 1396 1089 1416 au-

85 1444 245 1475 dientiam
262 1442 485 1481 appellarunt,
503 1441 599 1471 nobis
616 1450 673 1479 per
692 1441 829 1470 dilectos
845 1440 930 1470 filios
946 1440 1088 1470 Alexan-

85 1497 182 1527 drum
196 1500 227 1526 et
242 1495 424 1526 Rohertum
439 1494 629 1529 monachos,
648 1497 679 1524 et
692 1493 868 1531 magistros
881 1492 1090 1522 VVillelmum

85 1553 118 1580 et
133 1551 171 1580 R.
193 1548 341 1581 clericos,
364 1546 500 1577 nuntios
518 1555 606 1580 suos,
630 1549 661 1576 et
680 1545 808 1575 litteras
824 1544 996 1574 humiliter
1012 1553 1090 1581 sup-

85 1601 257 1640 plicantes,
275 1603 322 1635 ut,
341 1608 415 1629 cum
431 1598 545 1629 eadem
561 1598 701 1628 ecclesia
718 1607 755 1627 ex
770 1597 942 1627 vacatione
960 1596 1091 1625 diutina

88 1663 186 1693 grave
202 1653 382 1687 sustineat,
402 1651 576 1690 presertim
593 1651 627 1680 in
645 1650 893 1689 temporalibus,
911 1650 1089 1680 detrimen-

88 1711 174 1742 tum,
198 1706 324 1745 prefato
350 1705 596 1743 archiepiscopo
621 1704 690 1734 fere
711 1704 886 1733 universos
913 1707 1091 1740 proventus

90 1758 293 1798 episcopales
307 1757 341 1787 in
354 1766 434 1787 usus
452 1756 601 1795 proprios
618 1759 839 1789 convertente,
858 1754 1091 1793 indempnitati

89 1812 160 1851 ejus
182 1816 319 1850 paterna
341 1809 565 1839 sollicitudine
587 1808 812 1847 providentes,
837 1808 1031 1837 confirmare
1050 1807 1092 1836 il-

90 1864 157 1895 lam
178 1864 217 1894 de
239 1862 445 1901 benignitate
469 1861 563 1892 Sedis
585 1860 772 1898 Apostolice
793 1860 1017 1898 dignaremur,
1041 1859 1093 1889 vel

91 1917 208 1947 saltem
231 1920 408 1955 proventus
433 1915 618 1944 faceremus
642 1913 771 1943 eosdem
796 1913 931 1942 interim
955 1921 1092 1951 seques-

91 1969 184 2004 trari,
201 1969 303 1999 donec
319 1967 487 2005 provisum
503 1966 603 1996 fuerit
620 1966 727 1996 eidem
743 1965 880 1995 ecclesie
894 1965 933 1994 de
950 1969 1090 2003 pastore.

91 2022 257 2055 Ceterum,
274 2020 351 2050 licet
369 2029 426 2058 pro
442 2020 512 2057 ipsa
529 2018 668 2048 ecclesia
691 2018 776 2057 quod
793 2027 867 2047 cum
887 2019 954 2047 Deo
975 2026 1093 2056 possu-

93 2083 178 2109 mus,
195 2073 338 2103 libenter
354 2072 461 2101 facere
482 2071 709 2105 intendamus,
732 2070 809 2108 quia
830 2074 938 2099 tamen
962 2070 999 2100 de
1018 2070 1092 2108 jure

93 2125 200 2163 ipsius
217 2122 468 2161 archiepiscopi,
490 2122 623 2151 nemine
646 2124 854 2159 comparente
877 2130 933 2158 pro
957 2129 1004 2155 eo,
1027 2121 1093 2150 nisi

95 2177 136 2207 ad
165 2175 407 2214 impetrandum
433 2178 463 2204 et
488 2173 779 2204 contradicendum
802 2173 980 2208 dumtaxat,
1009 2173 1093 2203 scire

95 2228 272 2267 nequimus
290 2227 480 2260 veritatem,
501 2225 693 2255 discretioni
710 2229 816 2255 vestre
834 2234 892 2263 per
915 2225 1095 2263 apostolica

94 2281 217 2319 scripta
234 2279 428 2309 mandamus
452 2282 632 2317 quatenus,
651 2277 773 2306 vocatis
796 2278 852 2316 qui
871 2278 997 2307 fuerint
1019 2287 1094 2308 evo-

96 2333 192 2363 candi
213 2336 244 2362 et
262 2331 383 2361 auditis
399 2330 477 2359 hinc
493 2329 569 2359 inde
587 2329 779 2367 propositis,
799 2330 968 2367 negotium
987 2330 1095 2368 ipsum

96 2386 186 2415 infra
206 2388 347 2423 quatuor
368 2391 498 2413 menses
522 2386 593 2420 post
616 2381 858 2419 susceptionem
876 2383 1094 2420 presentium,

97 2438 127 2468 si
145 2437 183 2467 de
200 2436 343 2475 partium
359 2434 526 2465 voluntate
546 2434 760 2472 processerit,
778 2434 842 2464 fine
859 2435 1016 2465 canonico
1032 2439 1097 2465 ter-

97 2490 244 2524 minetis,
262 2488 422 2518 facientes
437 2487 523 2525 quod
536 2486 760 2521 decreveritis,
775 2487 969 2517 auctoritate
986 2492 1098 2517 nostra

98 2543 238 2573 firmiter
253 2541 422 2571 observari
437 2551 442 2575 余
467 2539 615 2578 alioquin
636 2539 717 2568 illud
735 2538 936 2569 sufficienter
953 2540 1098 2570 instruc-

98 2600 168 2626 tum
181 2595 220 2624 ad
236 2602 371 2624 examen
387 2592 601 2631 apostolicum
614 2591 801 2625 remittatis,
818 2592 938 2629 prefixo
950 2592 1098 2630 partibus

98 2649 241 2679 termino
257 2646 476 2685 peremptorio
492 2644 700 2682 competenti,
719 2653 782 2682 quo
799 2653 855 2681 per
872 2649 1099 2682 procuratores

100 2701 302 2732 sufficientes
326 2703 356 2729 et
379 2699 514 2728 idoneos
534 2701 665 2735 propter
685 2696 745 2726 hoc
770 2696 947 2734 apostolico
965 2706 1000 2727 se
1021 2707 1100 2727 con-

100 2753 228 2793 spectui
245 2755 484 2791 representem,
502 2750 587 2789 quod
604 2750 731 2788 justum
753 2749 867 2785 suerit,
887 2754 1018 2779 auctore
1035 2751 1100 2779 Do-

99 2806 206 2841 mino,
223 2808 404 2842 recepture.
424 2803 498 2832 Non
519 2801 726 2831 obstantibus
745 2801 865 2830 litteris
888 2810 969 2839 quas
989 2801 1100 2831 dilecti

100 2858 162 2888 filii
181 2881 199 2886 ..
217 2857 307 2895 prior
323 2860 354 2886 et
370 2859 550 2885 conventus
566 2853 824 2884 Cantuarienses
843 2853 883 2882 ad
905 2876 922 2881 ..
949 2853 1100 2883 abbatem

98 2911 140 2941 de
158 2909 251 2940 Bello
269 2913 300 2939 et
322 2908 510 2947 conjudices
529 2915 617 2941 suos,
640 2915 738 2944 super
757 2906 830 2944 jure
853 2905 939 2944 quod
954 2905 1099 2936 Cantua-

1162 338 1282 368 riensis
1306 339 1573 378 archiepiscopus
1591 340 1623 369 in
1643 340 1850 371 ordinatione
1869 341 1974 379 ipsius
1991 342 2157 372 Rotl'ensis

1163 391 1299 421 ecclesie
1317 391 1436 422 habere
1453 393 1654 430 proponitur,
1673 394 1828 422 dicuntur
1841 403 1858 423 a
1875 394 1956 425 Sede
1971 394 2158 433 Apostolica

1163 443 1368 482 impetrasse.
1385 446 1477 482 Quod
1494 446 1521 475 si
1539 455 1602 475 non
1623 456 1737 476 omnes
1756 451 1816 476 etc.
1841 448 1912 476 Dat.
1934 448 2078 483 Perusii,
2098 448 2159 478 XV

1162 498 1320 528 kalendas
1335 500 1539 537 septembris,
1556 509 1642 530 anno
1661 509 1757 530 nono.
1779 513 1792 527 旅損

1234 676 1350 704 2:32

1198 737 1307 764 Abbati
1331 738 1458 765 Grandis
1482 739 1592 771 Silvae,
1616 739 1796 766 Tholosanae
1815 740 1965 773 dioecesis,
1983 749 2035 768 nec
2059 749 2116 768 non
2132 745 2161 768 et

1164 785 1273 812 decano
1293 789 1321 812 et
1343 787 1549 813 archidiacono
1570 788 1856 821 petragoricensibus
1878 789 1997 816 mandat
2018 793 2160 823 quatenus

1165 834 1341 861 sententiam
1358 835 1672 862 excommunicationis
1686 838 1833 870 proferant
1854 837 1883 863 in
1907 838 2042 864 comitem
2057 838 2162 865 Tholo-

1165 891 1284 914 sanum,
1302 883 1351 916 qui
1373 883 1525 909 eeclesiam
1543 883 1578 909 de
1601 883 1705 911 Mauso
1725 886 1769 915 (=
1786 885 1811 911 le
1827 885 1891 911 Mas
1911 885 2079 919 d'Agenais)
2095 886 2161 920 qui-

1166 930 1287 957 busdam
1306 931 1534 964 possessionibus
1550 934 1577 958 et
1594 932 1676 959 rebus
1692 933 1759 959 aliis
1772 933 1957 967 spoliaverat.
2018 935 2104 966 (nm.
2116 934 2160 966 18,

1166 979 1186 1004 f.
1208 978 1241 1005 62
1263 982 1302 1010 r依
1325 987 1394 1005 ann.
1418 979 1475 1011 IX,
1497 988 1521 1006 c.
1548 979 1614 1012 195余
1691 981 1846 1008 Porrimsr
1862 981 1946 1014 9982余
2012 983 2049 1009 cf.
2067 989 2160 1015 supra,

1166 1036 1195 1053 n.
1212 1027 1280 1054 1574
1296 1030 1323 1054 et
1338 1027 1430 1059 2679.)

1746 679 1880 711 Perouse,
1897 680 1912 705 3
1928 682 1995 706 aeut
2010 680 2088 707 1235.

1209 1139 1221 1153 留
1245 1149 1262 1155 .,
1280 1128 1380 1156 abbati
1397 1128 1527 1156 Grandis
1545 1128 1636 1162 Silre,
1657 1129 1818 1157 Tholosane
1832 1130 1965 1165 diocesis,
1983 1154 2000 1159 ..
2015 1132 2126 1161 decano
2139 1138 2165 1162 et

1171 1180 1421 1208 ..archidiacono
1438 1181 1742 1217 Petraqoricensibus.
1755 1181 1901 1211 Dilectus
1911 1182 1999 1211 filins
2011 1185 2165 1214 Raimun-

1169 1231 1229 1261 dus
1260 1232 1435 1262 Bernardi,
1463 1232 1551 1269 prior
1573 1232 1711 1262 ecclesie
1733 1233 1771 1263 de
1797 1234 1925 1264 Mauso.
1954 1245 2017 1265 non
2042 1236 2166 1275 absque

1169 1283 1272 1312 multa
1296 1284 1416 1313 mentis
1441 1284 1673 1318 amaritudine,
1700 1285 1734 1313 in
1762 1290 1872 1315 nostra
1899 1288 2065 1325 proposuit
2092 1298 2166 1327 pre-

1170 1336 1277 1366 sentia
1295 1336 1494 1366 constitutus
1512 1337 1608 1375 quod,
1627 1346 1700 1367 cum
1716 1337 1795 1367 olim
1814 1339 1934 1369 nobilis
1953 1341 2003 1369 vir
2022 1364 2039 1369 ..
2059 1350 2167 1372 comes

1169 1388 1363 1418 Tolosanus.
1381 1394 1451 1427 post
1468 1398 1580 1427 pacem
1596 1390 1683 1420 inter
1696 1390 1803 1428 ipsum
1821 1396 1851 1421 et
1867 1393 2047 1424 Ecclesiam
2063 1396 2168 1426 refor-

1170 1445 1310 1475 matam,
1331 1450 1389 1479 per
1405 1450 1502 1479 quam
1526 1441 1704 1471 Ecclesiam
1724 1447 1753 1472 et
1770 1443 1857 1474 viros
1875 1445 2115 1478 ecclesiasticos
2131 1457 2167 1478 ac

1173 1502 1286 1524 eorum
1307 1493 1393 1523 bona
1408 1503 1474 1523 non
1490 1494 1670 1529 offendere,
1691 1495 1747 1525 sed
1765 1495 1939 1528 defendere
1955 1499 2063 1537 potius
2079 1505 2171 1531 tene-

1171 1545 1279 1580 batur,
1294 1546 1332 1575 ad
1346 1546 1439 1585 cujus
1453 1546 1696 1576 observantiam
1708 1556 1742 1577 se
1756 1552 1821 1577 tam
1830 1558 1887 1587 per
1898 1559 1998 1587 penas
2015 1552 2049 1581 in
2065 1553 2171 1583 forma

1172 1599 1263 1636 pacis
1287 1607 1458 1636 expressas
1485 1607 1584 1637 quam
1610 1607 1667 1637 per
1695 1600 1864 1638 proprium
1887 1602 2113 1641 juramentum
2142 1609 2174 1635 et

1173 1651 1343 1681 cautiones
1365 1651 1447 1680 alias
1469 1651 1647 1689 obligarat,
1672 1656 1785 1682 contra
1800 1653 1940 1683 formam
1962 1655 2067 1694 ipsius
2083 1658 2173 1695 pacis

1173 1708 1296 1734 temere
1312 1703 1467 1738 veniens,
1487 1708 1642 1742 occupata
1660 1704 1735 1734 villa
1755 1705 1902 1744 ejusdem
1918 1708 2065 1745 ecclesie,
2080 1710 2174 1749 jura-

1173 1760 1283 1786 menta
1300 1755 1469 1786 fidelitatis
1486 1756 1526 1785 ab
1544 1756 1649 1794 ipsius
1666 1756 1742 1787 ville
1763 1757 1954 1790 hominibus
1970 1763 2172 1794 extorsisset.

1175 1815 1222 1844 et,
1241 1809 1378 1839 ecclesie
1395 1809 1503 1838 balivo
1519 1814 1643 1839 remoto
1660 1810 1791 1845 exinde,
1809 1811 1911 1841 alium
1928 1814 2091 1851 posuisset
2110 1795 2175 1845 ibiss

1175 1861 1258 1895 dem,
1277 1862 1334 1899 qui
1351 1861 1483 1890 nomine
1497 1870 1556 1891 suo
1571 1861 1751 1892 secularem
1764 1863 1929 1901 justitiam
1945 1873 2120 1902 exerceret,
2138 1877 2175 1898 ac

1176 1913 1384 1943 senescalcus
1399 1913 1481 1951 ejus.
1497 1918 1606 1951 portas
1618 1914 1732 1944 domus
1747 1915 1883 1946 ecclesie
1897 1917 2023 1948 obstrui
2035 1920 2172 1950 faciens.

1176 1966 1333 2004 quosdam
1346 1966 1385 1995 ad
1397 1965 1509 1995 villam
1520 1967 1715 2003 reduxisset,
1727 1969 1783 2006 qui
1795 1969 1889 2007 ejecti
1902 1971 1995 2000 fuera
2044 1952 2172 2005 exinde,

1176 2018 1281 2056 culpis
1298 2018 1505 2055 exigentibus
1522 2019 1717 2049 eorundem.
1738 2024 1769 2049 et
1789 2021 1960 2051 ecclesiam
1977 1969 2174 2061 ffibusdam

1177 2070 1444 2108 possessionibus
1480 2074 1511 2099 et
1546 2070 1644 2100 rebus
1674 2071 1749 2101 aliis
1785 2073 1973 2111 spoliasset,
2007 2075 2071 2105 alia
2110 2076 2175 2106 sibi

1177 2123 1317 2161 dampna
1335 2123 1445 2160 gravia
1469 2127 1499 2152 et
1523 2123 1662 2161 injurias
1684 2125 1874 2161 irrogando,
1893 2128 2051 2165 quasdam
2069 2129 2176 2159 eidem

1176 2175 1299 2210 comiti,
1319 2179 1349 2205 ct
1365 2175 1447 2204 alias
1461 2175 1643 2205 venerabili
1660 2176 1755 2206 fratri
1771 2183 1882 2209 nostro
1900 2202 1919 2207 ..
1935 2180 2086 2219 episcopo
2101 2182 2176 2212 Tor-

1177 2227 1330 2263 nacensi,
1349 2231 1427 2256 tunc
1442 2227 1477 2256 in
1495 2228 1644 2265 partibus
1661 2228 1728 2259 illis
1744 2231 1929 2268 Apostolice
1948 2232 2041 2263 Sedis
2056 2233 2174 2272 legato.

1176 2279 1304 2310 litteras
1327 2279 1480 2309 duximus
1502 2280 1726 2311 destinandas.
1749 2282 1831 2313 Cum
1851 2288 1961 2314 autem
1982 2285 2068 2315 idem
2090 2287 2176 2325 epis-

1178 2341 1277 2370 copus
1304 2332 1338 2361 in
1369 2332 1559 2362 executione
1588 2333 1735 2363 mandati
1761 2336 1932 2373 apostolici
1962 2339 2177 2375 processisset

1174 2385 1267 2424 juxta
1283 2384 1436 2414 traditam
1453 2385 1517 2413 sibi
1534 2385 1683 2421 formam,
1700 2395 1737 2416 ex
1751 2392 1842 2425 parte
1858 2388 1937 2418 dicti
1953 2390 2082 2420 comitis
2101 2400 2177 2421 voce

1179 2436 1409 2475 appellationis
1425 2437 1543 2467 frivole
1566 2437 1606 2466 ad
1624 2428 1838 2475 nos-emissa,
1863 2446 1893 2470 et
1910 2443 2176 2479 procuratoribus

1178 2489 1323 2528 partium
1349 2493 1480 2527 propter
1505 2489 1565 2519 hoc
1590 2490 1624 2519 in
1650 2496 1761 2521 nostra
1786 2494 1952 2530 presentia
1976 2495 2175 2529 constitutis,

1178 2541 1426 2571 venerabilibus
1448 2541 1607 2572 fratribus
1626 2544 1748 2573 nostris
1770 2567 1790 2572 ..
1811 2545 2047 2583 Burdegalensi
2069 2547 2178 2576 archi-

1180 2593 1332 2632 episcopo
1350 2598 1380 2623 et
1399 2616 1418 2622 ..
1437 2594 1588 2632 episcopo
1603 2595 1806 2631 Agennensi,
1821 2602 1849 2626 et
1864 2598 1982 2628 dilecto
1999 2599 2066 2629 lilio
2085 2622 2104 2628 ..
2121 2600 2178 2629 de-

1180 2655 1262 2676 cano
1277 2646 1390 2676 Sancti
1404 2646 1554 2675 Severini
1571 2647 1826 2684 But-degalensis
1843 2649 1969 2680 litteras
1984 2651 2175 2682 direximus.

1181 2699 1387 2729 continentes
1414 2702 1447 2727 ut
1474 2698 1609 2735 [dictum
1636 2700 1790 2738 priorem]
1815 2702 1946 2731 restitui
1971 2704 2114 2733 facerent
2138 2704 2178 2732 ad

1180 2751 1291 2780 omnia
1318 2750 1438 2788 quibus
1460 2750 1635 2788 spoliatum
1656 2752 1842 2782 invenirent
1866 2754 2023 2789 eundem,
2048 2760 2178 2785 contra-

1181 2803 1322 2832 dictores
1340 2820 1389 2830 .
1410 2803 1571 2832 Predictis
1587 2803 1832 2843 archiepiscopo
1848 2810 1878 2835 et
1895 2807 2056 2844 episcopo.
2076 2807 2178 2846 majo

1181 2854 1274 2884 ribus
1293 2854 1458 2892 occupatis
1476 2855 1627 2891 negotiis,
1646 2857 1926 2887 committentibus
1942 2858 2028 2888 dicto
2043 2858 2176 2892 decano,

1184 2915 1296 2936 eorum
1313 2906 1494 2944 conjudici,
1513 2915 1549 2935 ac
1573 2930 1592 2935 ..
1610 2907 1732 2937 decano
1748 2908 1986 2947 Burdegalensi
2005 2919 2102 2948 super
2118 2910 2179 2940 hoc
