2423 3487
202 265 257 294 127
918 258 1156 289 REGISTRES
1178 257 1234 286 DE
1256 249 1477 286 GREGOIRE
1501 257 1559 286 1x.
2235 256 2294 286 1⁶28

200 338 255 360 sor
279 332 400 362 noster,
424 331 494 365 post
517 326 645 355 labores
668 325 867 363 multiplices
894 329 925 354 et
949 332 1108 361 expensas
1136 330 1200 351 non

200 381 362 414 modicas,
389 388 469 417 quas
496 379 642 408 subierat
666 378 705 406 ad
728 377 843 407 Sedent
864 376 1087 414 Apostolicam
1110 382 1202 403 acce-

201 433 320 467 dendo,
340 431 520 461 venerabili
537 430 631 459 fratri
652 434 764 459 nostro
782 453 801 458 ..
820 429 1066 466 archiepiscopo
1082 428 1202 456 Treve-

200 485 290 514 rensi
318 484 387 513 suis
414 483 537 512 dederit
562 482 683 511 litteris
708 482 743 511 in
770 481 944 515 mandatis,
969 484 1005 510 ut
1029 480 1067 509 de
1091 478 1200 517 aliqua

199 536 397 574 dignitatum
427 544 524 573 quam
553 535 696 572 primum
725 534 759 563 in
788 533 958 571 provincia
992 540 1051 562 sua
1086 539 1201 560 vacare

200 589 422 625 contingeret,
455 588 519 616 sibi
549 587 742 616 auctoritate
773 586 951 624 apostolica
980 584 1165 623 provideret
1193 593 1198 611 z

200 641 287 670 idem
309 663 328 668 ..
351 639 616 677 archiepiscopus
642 640 690 674 T.,
715 638 873 668 canonico
895 636 1118 670 Vir-dunensi,
1144 644 1201 673 per

198 692 326 721 litteras
361 700 437 721 suas
470 691 638 721 mandavit
668 696 720 726 ut,
752 691 780 720 si
810 690 954 728 dignitas
985 689 1095 727 aliqua
1123 692 1201 717 tunc

198 745 353 782 temporis
376 743 425 773 vel
442 743 589 781 proximo
606 744 641 772 in
662 744 850 781 episcopatu
875 741 1079 772 Virdunensi
1105 749 1201 770 vaca—

200 800 266 831 ret,
287 801 370 825 etex
387 805 423 825 ea
439 800 549 833 posset
566 796 671 825 eidem
692 797 731 825 R.
750 796 843 834 juxta
859 794 1049 823 mandatum
1072 797 1201 831 aposto—

197 849 298 878 licum
315 849 490 887 provideri,
507 848 582 878 illos
602 849 641 878 ad
658 857 738 887 quos
755 847 846 877 illius
866 847 981 877 electio
998 846 1048 876 vel
1071 846 1201 876 collatio

196 902 393 940 pertineret,
413 901 555 938 eligendi
577 910 635 931 seu
654 900 845 930 conferendi
862 899 1076 937 suspenderet
1092 903 1201 937 potes-

198 959 282 990 tate;
307 955 378 993 qui,
402 954 512 984 audito
537 954 622 992 quod
644 954 807 992 quondam
832 954 885 988 R,
905 953 1090 991 prepositus
1116 952 1200 981 dicte

198 1007 351 1043 ecclesie,
379 1007 557 1037 incurabili
582 1007 693 1037 morbo
714 1007 887 1041 laborans,
916 1006 1122 1044 prepositure
1149 1014 1201 1034 re-

198 1060 410 1089 nuntiaverat
439 1061 644 1098 supradicte,
674 1060 714 1090 ad
744 1059 917 1090 ecclesiam
942 1059 1079 1089 eandem
1109 1067 1201 1088 acce—

199 1113 290 1148 dens,
309 1113 488 1151 capitulum
506 1114 625 1151 ipsum.
638 1114 730 1152 juxta
747 1113 870 1151 recepti
886 1112 1032 1142 mandati
1050 1113 1198 1148 sormam,

199 1165 342 1203 eligendi
365 1170 525 1204 potestate
549 1167 736 1204 suspendit;
766 1175 803 1195 ac
825 1166 973 1200 demum,
998 1174 1035 1195 eo
1054 1169 1199 1200 mortuo,

199 1219 313 1249 eadem
339 1223 496 1257 potestate
522 1220 694 1258 suspendit
717 1220 840 1249 dietum
865 1219 1046 1257 capitulum
1064 1219 1198 1253 iterato,

200 1277 231 1301 et
245 1272 330 1302 idem
346 1272 613 1310 archiepiscopus
628 1273 868 1310 preposituram
882 1272 998 1310 ipsam,
1014 1271 1153 1301 liberam
1171 1276 1200 1301 et

197 1328 379 1359 vacantem,
396 1325 558 1354 concessit
574 1325 690 1360 eidem,
708 1334 782 1354 eunt
798 1325 832 1354 in
850 1325 1093 1363 possessionem
1109 1323 1200 1353 illius

196 1378 310 1407 induci
334 1378 459 1407 faciens
485 1378 703 1416 corporalem;
731 1387 832 1416 quare
857 1378 985 1407 dicebat
1006 1378 1200 1407 electionem

198 1433 236 1462 de
260 1433 405 1470 predicto
424 1433 490 1468 w,
514 1437 624 1471 utpote
647 1442 664 1462 a
687 1434 858 1471 suspensis
878 1438 1119 1472 presumptam,
1140 1433 1201 1463 ali-

197 1489 360 1523 quatenus
383 1494 448 1514 non
467 1485 575 1515 valere
598 1489 629 1515 et
651 1495 684 1515 se
707 1495 779 1516 esse
802 1486 842 1515 ab
865 1486 1072 1524 impetitione
1094 1486 1200 1524 ipsius

196 1538 252 1567 W.
278 1538 410 1575 penitus
439 1537 686 1567 absolvendum.
713 1538 784 1568 Lite
809 1538 911 1576 igitur
940 1548 1049 1568 coram
1076 1539 1200 1569 eisdem

193 1590 363 1629 judicibus
392 1599 489 1628 super
513 1591 685 1628 premissis
709 1591 856 1628 legitime
881 1596 1073 1627 contestata,
1093 1597 1123 1622 et
1148 1602 1200 1622 re-

199 1642 302 1680 ceptis
321 1642 398 1671 hinc
419 1643 495 1672 inde
519 1644 685 1681 productis
709 1644 849 1674 testibus
877 1649 907 1674 et
932 1654 1044 1674 eorum
1071 1645 1201 1684 deposi-

199 1695 346 1724 tionibus
371 1695 565 1733 publicatis,
590 1696 690 1725 iidem
712 1697 841 1735 judices
866 1706 999 1727 causam
1025 1707 1099 1727 cum
1119 1699 1200 1728 actis

193 1748 313 1787 judicii
339 1748 377 1777 de
403 1748 569 1778 voluntate
593 1750 736 1787 partium
765 1750 803 1779 ad
831 1759 965 1780 examen
986 1752 1200 1789 apostolicum

197 1801 410 1830 remiserunt.
438 1802 710 1832 Procuratorilms
732 1803 843 1841 itaque
864 1804 1006 1841 partium
1032 1805 1118 1842 apud
1143 1806 1201 1835 Se-

197 1853 271 1883 dem
291 1853 514 1891 Apostolicam
535 1855 723 1884 constitutis
746 1855 901 1885 dilectum
921 1856 1027 1886 filium
1051 1863 1200 1887 nostrum

199 1906 389 1943 O[ttonem],
403 1906 513 1936 Sancti
526 1907 653 1937 Nicolai
666 1908 700 1936 in
712 1908 850 1938 Carcere
862 1909 1013 1939 Tulliano
1025 1910 1201 1940 diaconum

198 1958 411 1994 cardinalem,
430 1960 579 1990 dedimus
597 1961 791 1990 auditorem.
812 1962 927 1992 Coram
946 1972 1010 2001 quo
1026 1965 1200 1995 recensitis

196 2011 279 2040 actis
293 2011 411 2050 judicii
435 2012 616 2048 universis,
639 2015 789 2051 apparuit
807 2015 891 2052 quod
914 2024 972 2045 nec
989 2017 1095 2054 prima
1111 2017 1201 2047 inhi-

195 2064 278 2094 bitio
301 2065 379 2094 dicti
407 2066 557 2095 canonici
584 2067 697 2101 valuit,
724 2077 782 2097 nec
810 2069 968 2105 secunda,
989 2079 1063 2099 cum
1082 2071 1199 2108 prima,

198 2117 405 2155 prepositura
426 2119 568 2148 nondum
587 2125 733 2154 vacante,
752 2121 852 2150 nimis
868 2131 1075 2160 prepropere,
1094 2132 1130 2153 ac
1150 2133 1201 2154 se-

198 2169 321 2205 cunda,
342 2171 452 2200 eodem
475 2172 639 2209 preposito
661 2173 790 2203 sublato
808 2174 845 2203 de
862 2175 969 2205 medio
989 2180 1019 2204 et
1038 2176 1202 2207 celebrata

195 2221 265 2260 jam
290 2222 464 2257 electione,
490 2224 577 2253 sacta
600 2225 700 2254 suerit
723 2226 823 2255 nimis
849 2227 957 2262 tarde3
982 2232 1013 2257 et
1040 2229 1098 2264 sic,
1128 2238 1201 2259 cum

199 2282 266 2303 non
282 2275 397 2304 fecerit
414 2275 490 2304 dum
507 2277 623 2314 potuit,
645 2282 684 2313 et,
707 2287 780 2307 cum
798 2279 888 2315 fecit,
906 2280 1014 2310 facere
1031 2282 1202 2320 nequivis-

199 2330 259 2361 set,
279 2327 364 2365 quod
381 2328 421 2357 al»
438 2338 474 2357 eo
492 2338 590 2367 super
604 2330 663 2359 hoc
682 2331 805 2361 sactum
822 2336 881 2363 est,
899 2333 1048 2364 obtinere
1066 2344 1129 2364 non
1146 2336 1202 2366 de-

198 2377 252 2408 bet
275 2378 421 2417 aliquam
448 2380 648 2411 firmitatem.
673 2383 735 2412 Sed
756 2389 889 2414 econtra
909 2394 965 2423 pro
988 2390 1078 2423 parte
1100 2387 1202 2418 altera

199 2431 264 2460 fuit
288 2431 398 2461 taliter
421 2433 597 2470 allegatum
621 2436 723 2473 quod,
747 2437 808 2466 etsi
830 2437 1021 2476 hujusmodi
1044 2439 1202 2471 inhibitio

199 2492 265 2513 non
281 2484 436 2521 obstaret,
455 2486 537 2516 alias
555 2491 662 2517 tamen
684 2488 799 2518 electio
818 2491 1006 2528 supradicta
1022 2501 1086 2521 non
1104 2494 1200 2530 valet,

197 2545 271 2566 cum
289 2537 324 2566 in
343 2547 381 2567 ea
397 2547 462 2568 non
482 2540 583 2569 fuerit
600 2541 705 2570 forma
725 2542 858 2571 concilii
880 2543 1070 2581 observata;
1093 2556 1155 2584 que
1174 2548 1202 2577 si

198 2589 298 2618 etiam
315 2595 443 2620 servata
462 2592 595 2627 fuisset,
617 2602 653 2623 ex
673 2594 778 2623 forma
796 2598 904 2625 tamen
927 2597 1096 2634 petitionis
1114 2599 1202 2637 ejus-

198 2641 272 2671 dem
294 2643 350 2672 W.
376 2643 513 2674 debebat
538 2646 645 2675 dictus
670 2647 851 2678 Riccardus
875 2649 915 2678 ab
938 2649 1045 2687 ipsius
1069 2651 1202 2690 impeti-

195 2693 285 2724 tione
305 2704 440 2733 prorsus
462 2697 606 2734 absolvi,
629 2708 703 2728 cum
721 2709 785 2729 non
801 2702 990 2731 confirmari
1007 2702 1201 2734 electionem

196 2746 235 2776 de
252 2756 286 2777 se
303 2748 434 2785 factam,
453 2750 508 2779 sed
526 2751 708 2790 adjudicari
725 2753 790 2782 sibi
804 2754 1047 2792 preposituram
1064 2757 1201 2786 eandem

194 2805 386 2838 prepostere
412 2803 582 2840 petiisset;
610 2810 641 2835 et
665 2806 762 2845 [cum]
786 2806 833 2836 sic
858 2816 916 2844 per
941 2807 1044 2837 solam
1068 2808 1201 2839 electio-

196 2861 290 2887 nem,
318 2856 561 2892 quantumlibet
583 2859 792 2895 canonicam,
819 2864 894 2890 ante
918 2860 1200 2892 confirmationem

195 2904 375 2944 obtentam,
394 2917 458 2938 non
473 2911 617 2948 potuerit
633 2911 667 2940 in
685 2912 799 2941 eadem
814 2913 1021 2951 prepositura
1034 2913 1120 2952 juris
1140 2915 1201 2944 ali-

1284 321 1364 359 quid
1381 321 1570 356 vendicare,
1588 321 1628 351 ad
1644 321 1818 359 petendam
1839 321 2080 359 preposituram
2098 321 2292 360 jamdictam

1284 373 1349 402 sibi
1371 373 1455 403 actio
1476 373 1666 403 nullatenus
1686 373 1906 411 componebam
1925 377 2016 411 parte
2035 373 2138 403 altera
2154 383 2292 412 respon-

1284 425 1380 455 dente
1399 426 1499 464 quod,
1523 427 1584 456 etsi
1606 426 1814 464 prepositura
1834 434 1974 463 magnus
1991 426 2035 455 sit
2050 426 2085 455 in
2102 427 2295 464 supradicta

1284 477 1422 507 ecclesia
1445 483 1657 516 personatus,
1681 487 1746 508 non
1771 483 1880 508 tamen
1898 479 2085 516 prepositus
2109 483 2219 516 pastor
2242 483 2293 509 est

1283 530 1421 560 ecclesie
1437 536 1615 561 memorate
1633 531 1682 561 vel
1699 540 1858 569 sponsus,
1877 540 1951 560 cum
1972 540 2032 561 nee
2053 531 2153 561 etiam
2177 531 2212 561 in
2234 531 2294 562 itta

1284 582 1423 612 ecclesia
1439 592 1551 612 curam
1568 583 1688 613 habeat
1705 584 1908 618 animarum,
1933 592 1993 613 nec
2008 593 2066 621 per
2080 584 2187 622 ipsius
2203 593 2294 613 mor-

1284 639 1348 665 tem
1372 636 1485 665 eadem
1508 638 1701 674 remane[a]t
1727 637 1866 666 ecclesia
1888 636 2039 672 viduata;
2065 637 2152 667 unde
2174 637 2210 666 in
2232 637 2291 667 tali

1283 693 1461 725 personatu
1478 688 1529 718 vel
1550 688 1653 718 simili
1673 698 1738 718 non
1760 693 1809 718 est
1831 689 2019 719 necessario
2038 690 2142 719 forma
2158 689 2294 719 concilii

1283 740 1507 775 observanda,
1536 749 1595 770 nec
1620 741 1727 771 obstat
1750 741 1837 780 quod
1862 750 1927 771 non
1953 742 2142 771 confirmari
2159 741 2294 772 electio-

1283 802 1376 827 nem,
1399 793 1456 823 sed
1477 793 1661 832 adjudicari
1681 794 1923 832 preposituram
1946 794 2055 832 potius
2077 794 2120 823 sit
2140 795 2292 832 petitum,

1284 854 1358 875 cum
1374 846 1461 875 idem
1477 846 1653 885 utriusque
1676 847 1809 885 penitus
1826 847 1868 877 sit
1886 847 2033 876 ess‘ectuS.
2052 847 2127 877 Hiis
2143 847 2245 885 igitur
2262 851 2295 878 et

1284 898 1359 928 aliis
1377 907 1439 937 que
1458 899 1551 928 suere
1574 900 1740 937 proposita
1759 908 1868 929 coram
1886 900 1967 938 ipso,
1986 909 2044 938 per
2060 899 2189 930 fidetem
2207 900 2294 930 rela-

1286 952 1407 981 tionem
1425 952 1604 982 cardinalis
1626 953 1774 991 ejusdem
1790 952 1921 990 plenius
1944 952 2139 987 intellectis,
2158 953 2237 992 quia
2254 953 2294 983 de

1283 1013 1423 1042 persone
1447 1005 1576 1034 meritis
1600 1005 1731 1043 plenam
1756 1005 1909 1035 notitiam
1930 1014 1996 1035 non
2021 1005 2198 1041 habemus,
2216 1014 2292 1041 nos,

1285 1057 1492 1087 attendentes
1510 1058 1596 1096 quod
1616 1058 1650 1087 in
1673 1058 1801 1088 cunctis
1825 1058 1928 1088 sacris
1951 1058 2125 1088 ordinibus
2142 1062 2173 1088 et
2189 1058 2296 1088 eccle-

1285 1110 1430 1140 siasticis
1448 1110 1659 1145 ministeriis,
1678 1111 1775 1140 etatis
1794 1111 1979 1145 maturitas,
2005 1111 2149 1149 gravitas
2166 1119 2294 1140 morum

1285 1168 1315 1193 et
1331 1163 1517 1193 litterarum
1535 1164 1602 1193 sint
1622 1163 1761 1193 scientia
1778 1164 1990 1202 inquirenda,
2011 1164 2203 1194 discretioni
2221 1173 2296 1194 ves-

1285 1221 1333 1246 tre
1354 1225 1411 1254 per
1428 1216 1606 1254 apostolica
1626 1216 1748 1254 scripta
1766 1216 1962 1246 mandamus
1981 1221 2163 1255 quatenus,
2181 1216 2295 1255 inqui-

1285 1269 1348 1299 sita
1371 1278 1469 1307 super
1486 1269 1548 1299 hoc
1571 1269 1712 1299 sollicite
1736 1269 1890 1304 veritate,
1918 1270 1947 1298 si
1972 1269 2079 1299 dictus
2101 1269 2296 1299 W'illelmus

1285 1322 1449 1351 defectum
1467 1330 1532 1351 non
1551 1322 1749 1360 patiebatur,
1769 1322 1941 1352 electionis
1957 1327 2112 1360 tempore,
2131 1322 2165 1351 in
2183 1322 2297 1360 aliquo

1284 1374 1538 1412 premissorum,
1560 1379 1667 1404 amoto
1685 1374 1801 1404 exinde
1821 1375 1906 1404 dicto
1923 1375 2082 1404 Riccardo
2099 1379 2131 1404 et
2146 1374 2294 1413 quolibet

1285 1427 1348 1457 alio
1364 1427 1482 1457 illicito
1502 1427 1682 1462 detentore,
1700 1427 1943 1465 preposituram
1960 1427 2156 1466 adjudicetis
2172 1427 2292 1462 eidem,

1284 1484 1332 1515 et,
1362 1480 1390 1509 si
1419 1480 1616 1510 diocesanus
1642 1480 1705 1509 loci
1736 1480 1777 1510 ad
1803 1489 1901 1518 quem
1931 1480 2098 1510 institutio
2126 1479 2293 1517 pertinere

1284 1533 1478 1568 dinoscitur,
1498 1533 1606 1571 ipsum
1623 1533 1799 1563 instituere
1819 1537 1973 1562 renueret
1989 1532 2040 1562 vel
2056 1533 2218 1567 differret,
2235 1540 2293 1562 vos

1284 1586 1479 1616 auctoritate
1497 1590 1624 1621 nostra,
1644 1585 1734 1616 salvo
1747 1586 1821 1624 jure
1839 1595 1897 1615 suo
1914 1586 1948 1614 in
1964 1589 2149 1624 posterum,
2168 1585 2202 1614 id
2218 1593 2295 1615 exe-

1284 1640 1341 1678 qui
1359 1648 1424 1669 non
1440 1639 1577 1669 tardetis
1592 1650 1597 1674 ;
1616 1639 1776 1678 alioquin,
1791 1639 1949 1678 jamdicta
1966 1639 2126 1669 electione
2143 1639 2205 1668 rite
2220 1647 2294 1668 cas-

1285 1698 1372 1727 sata,
1406 1693 1536 1721 faciatis
1567 1693 1674 1722 eidem
1704 1692 1909 1730 prepositure
1939 1692 1978 1722 de
2005 1700 2145 1730 persona
2174 1691 2295 1721 idonea

1285 1745 1442 1775 canonice
1472 1745 1657 1783 provideri,
1690 1745 1948 1774 contradictores
1976 1762 2014 1765 —
2043 1743 2292 1782 compescendo.

1284 1799 1356 1828 Dat.
1379 1798 1522 1833 Perusii,
1540 1799 1604 1828 VII
1621 1797 1780 1827 kalendas
1797 1797 1941 1835 augusti,
1963 1806 2049 1827 anno
2066 1805 2164 1827 nono.
2184 1808 2196 1823 »

1353 2002 1471 2030 2⁶93
1826 2002 1962 2034 Pe'rouse‚
1978 2001 2012 2028 28
2027 2001 2126 2035 juillet
2141 2001 2220 2028 1235.

1319 2066 1464 2100 Episcopo
1480 2066 1613 2093 Cumano
1630 2065 1778 2099 signifieat
1791 2073 1821 2091 se
1836 2065 2038 2091 interfectores
2052 2063 2204 2092 Curiensis
2218 2063 2294 2098 epis-

1283 2115 1348 2148 copi
1364 2114 1536 2147 absolvisse,
1550 2122 1583 2140 ea
1598 2114 1771 2140 condicione
1784 2116 1816 2140 ut
1828 2113 1884 2140 iter
1899 2112 2132 2140 transmarinum
2149 2112 2180 2139 in
2197 2111 2294 2139 subsi-

1284 2163 1367 2189 dium
1379 2163 1485 2190 Terrae
1500 2163 1627 2189 Sanctae
1641 2165 1810 2194 assumant,
1828 2161 1904 2195 quod
1918 2161 1942 2188 si
1959 2160 2126 2188 cautionem
2143 2163 2292 2194 praestare

1284 2220 1342 2238 non
1363 2212 1469 2243 velint,
1486 2212 1563 2245 quod
1583 2212 1613 2238 in
1636 2211 1731 2246 primo
1749 2211 1882 2245 passagio
1903 2210 1939 2237 ad
1960 2213 2057 2244 partes
2075 2209 2293 2236 transmarinas

1284 2268 1313 2286 se
1337 2260 1546 2292 transferrent,
1573 2259 1640 2286 illos
1665 2262 1693 2286 et
1717 2259 1838 2285 illorum
1862 2258 1990 2285 fautores
2018 2257 2291 2284 excommunicatos

1284 2308 1419 2340 nuntiet3
1441 2308 1566 2342 adjectis
1589 2308 1743 2334 nonnullis
1764 2307 1915 2334 mandatis
1935 2307 1972 2333 ad
1992 2306 2127 2333 eamdem
2144 2314 2206 2332 rem
2224 2313 2293 2340 per-

1284 2357 1459 2384 tinentibus.
1481 2372 1513 2375 —
1537 2358 1623 2389 (Bm.
1643 2356 1694 2390 18,
1712 2357 1732 2383 f.
1754 2356 1788 2383 56
1808 2359 1847 2388 r⁰;
1870 2364 1940 2383 ann.
1958 2355 2011 2388 IX,
2033 2363 2057 2382 o.
2078 2354 2146 2387 166;
2168 2369 2200 2373 -—
2220 2354 2291 2382 Mo-

1284 2414 1362 2433 REAU
1384 2405 1467 2438 1190,
1489 2406 1509 2432 f.
1533 2406 1582 2438 91;
1605 2406 1642 2432 cf.
1668 2406 1746 2436 ibat„
1768 2406 1789 2432 f.
1811 2405 1859 2437 82,
1889 2404 2004 2437 haym„
2026 2411 2057 2429 ea:
2078 2403 2238 2436 Baynaldo,·
2259 2417 2292 2421 —

1284 2454 1441 2481 POTTHAST
1460 2454 1540 2486 9976,
1563 2462 1594 2479 ez
1613 2454 1718 2486 sraym.
1741 2461 1758 2478 a
1782 2453 1924 2486 Raynatdo
1940 2453 2090 2485 impresso;
2111 2466 2143 2470 —
2163 2452 2189 2480 J.
2209 2451 2293 2479 BER-

1283 2511 1405 2536 NOULLI,
1423 2504 1489 2528 Aeta
1505 2503 1667 2534 l’ontificwn
1689 2502 1828 2535 helvetica,
1843 2504 1864 2529 t.
1879 2502 1902 2535 1,
1916 2510 1945 2536 p.
1962 2501 2025 2535 122,
2042 2504 2071 2528 n⁰
2087 2500 2162 2533 181.)

1325 2616 1338 2630 «
1359 2627 1378 2632 ..
1397 2605 1530 2641 episcopo
1549 2605 1697 2634 Cumano.
1716 2604 1798 2634 Cum
1814 2603 2045 2633 interfectores
2060 2601 2145 2631 bone
2167 2609 2294 2631 memo-

1283 2657 1331 2686 rie
1348 2679 1367 2685 ..
1385 2657 1558 2687 Curiensis
1576 2657 1720 2695 episcopi
1738 2656 1778 2685 ad
1797 2655 1915 2686 Sedem
1936 2654 2159 2693 Apostolicam
2181 2662 2293 2683 acces-

1284 2708 1424 2744 sissent,
1449 2709 1520 2748 ejus
1546 2709 1809 2739 misericordiam
1831 2713 1861 2738 et
1888 2707 2006 2738 salutis
2032 2716 2091 2737 sue
2113 2705 2291 2736 consilium

1283 2760 1456 2791 humiliter
1484 2762 1714 2800 implorantes,
1747 2770 1806 2791 nos
1837 2761 1902 2796 eis,
1937 2760 2119 2790 secundum
2150 2759 2291 2789 formam

1284 2813 1430 2843 Ecclesie
1453 2814 1630 2849 absolutis,
1648 2814 1855 2852 injunximus
1878 2817 1913 2842 ut
1932 2816 2103 2842 transeant
2122 2811 2158 2841 in
2180 2810 2292 2841 subsi-

1283 2865 1375 2895 dium
1391 2867 1490 2896 Terre
1507 2867 1637 2896 Sancte.
1655 2866 1816 2902 Quocirca
1839 2865 2045 2903 presentium
2062 2864 2124 2894 tibi
2147 2862 2291 2894 auctori-

1284 2922 1349 2948 tate
1368 2919 1563 2949 mandamus
1580 2923 1762 2957 quatenus,
1781 2918 1865 2954 nisi,
1885 2927 1902 2948 a
1926 2922 1956 2948 te
1975 2917 2104 2953 moniti,
2123 2915 2292 2947 sufficien-
